1898 3178
335 181 473 209 si-:RMO
505 181 686 220 mxxix,
720 183 774 209 m:
806 180 952 210 VERBIS
982 178 1146 209 ΜΑΤΤΗ.
1182 181 1268 209 xxr.
1403 168 1488 209 473

109 248 364 307 significatio
383 248 570 292 teneret¹
585 246 715 289 fidem
732 247 939 301 veritatis,
964 247 1070 291 vitat
1091 246 1255 291 crimen
1276 244 1486 290 falsitatis.

111 338 132 361 «
166 321 278 363 Ecce
307 319 408 362 exiit
428 318 643 361 seminans
673 318 903 373 seminare,
927 327 970 362 et
991 317 1244 362 seminando
1272 316 1427 361 cecidit
1445 319 1490 360 in

109 407 130 431 »
164 390 233 434 via
252 425 262 444 ‚
293 389 448 434 cecidit
475 403 604 447 super
634 397 804 447 petrosa
838 389 956 445 loca,
982 387 1137 433 cecidit
1169 388 1282 432 inter
1317 388 1486 446 spinas,

108 477 129 502 »
164 459 318 504 cecidit
339 460 384 503 in
423 468 580 503 terram
610 458 770 518 bonam
784 463 815 503 2.
845 478 864 501 »
891 460 995 513 Quis
1018 459 1120 503 exiit
1154 458 1389 514 seminare,
1415 467 1489 502 aut

105 529 282 590 quando
303 530 426 585 exiit,
452 539 528 574 aut
550 530 594 573 in
615 544 722 588 quas
736 530 878 588 spinas
894 564 905 584 ‚
924 539 998 574 aut
1016 530 1061 573 in
1079 545 1187 589 quos
1203 527 1392 588 lapides,
1415 537 1489 572 aut

104 600 150 644 in
172 614 304 660 quam
332 601 444 644 viam
461 634 472 654 ‚
497 608 572 643 aut
595 600 640 643 in
661 614 793 658 quem
816 614 981 657 agrum.
1010 601 1051 644 Si
1070 599 1192 644 audis
1214 600 1365 643 fictum
1378 634 1392 654 ,
1417 599 1488 642 in«-

104 669 262 729 telligis
295 670 577 728 significative
603 689 612 715 ς
637 670 788 714 fictum
810 678 887 714 est.
917 670 959 715 Si
997 670 1112 714 enim
1140 684 1241 714 vere
1266 669 1397 714 homo
1419 685 1486 713 se-

104 741 291 785 minator
304 741 453 796 exiret,
470 750 513 785 et
521 741 700 796 semina,
718 741 829 786 sicut
846 739 1103 796 audivimus,
1120 756 1196 800 per
1213 741 1306 785 haec
1322 739 1487 784 diversa

99 812 307 871 jactaret,
329 827 417 856 non
441 821 531 856 erat
557 813 730 867 fictum,
755 811 831 856 sed
852 827 932 856 nec
964 812 1256 856 mendacium.
1281 812 1484 856 Nondum

103 891 248 926 autem
270 883 442 936 fictum,
472 881 547 925 sed
569 897 658 926 non
679 881 969 926 mendacium.
996 883 1171 934 Quare?
1188 882 1298 934 Quia
1321 881 1486 939 signifi-

103 962 173 998 cat
195 952 379 1012 aliquid,
421 952 541 1013 quod
562 954 713 997 fictum
736 962 820 1008 est,
845 969 935 998 non
961 962 1003 996 te
1031 952 1207 1012 decipit.
1232 951 1395 1004 Quaerit
1416 952 1485 994 in-

102 1022 395 1081 telligentem,
421 1039 511 1067 non
534 1023 637 1068 facit
652 1033 881 1067 errantem.
901 1025 994 1068 Hoc
1009 1023 1159 1067 volens
1181 1022 1486 1066 commendare

101 1094 297 1139 Christus
313 1129 323 1148 ,
364 1109 492 1152 poma
529 1095 753 1154 quaesivit,
788 1095 1017 1153 figuratam
1039 1094 1119 1148 ibi,
1159 1108 1249 1136 non
1287 1090 1483 1135 fallacem

100 1164 436 1209 commendabat
458 1165 678 1209 fictionem
696 1185 707 1222 3
732 1181 780 1209 ac
805 1180 881 1224 per
900 1165 983 1208 hoc
1000 1162 1282 1217 laudabilem,
1301 1177 1390 1206 non
1408 1162 1485 1205 cri·

100 1234 312 1278 minosam
345 1235 587 1293 fictionem3
612 1251 701 1279 non
723 1251 809 1295 qua
841 1234 1030 1279 discussa
1052 1248 1101 1278 ea
1122 1232 1168 1277 in
1198 1231 1451 1278 facultatem
1471 1266 1481 1286 ,

99 1304 175 1348 sed
196 1313 463 1363 perscrutata
486 1304 519 1348 si
543 1306 736 1349 invenias
750 1306 1018 1350 veritatemss.

155 1376 256 1417 VII.
281 1374 419 1418 Video
437 1374 558 1434 quod
581 1375 774 1418 dicturus
795 1376 847 1419 sit
867 1394 876 1418 z
909 1377 1092 1433 Expone
1114 1374 1221 1417 mihi
1250 1373 1333 1417 hoc
1363 1371 1483 1432 quod

95 1443 364 1502 significabat
383 1443 503 1504 quod
522 1444 643 1488 finxit
665 1460 708 1488 se
736 1445 907 1502 longius
929 1444 1006 1487 ire.
1039 1444 1083 1488 Si
1118 1444 1231 1487 enim
1269 1443 1484 1500 significa-

94 1514 171 1558 bat
184 1515 215 1568 4,
242 1514 410 1559 fallacia
433 1524 516 1570 est,
542 1514 820 1558 mendacium
842 1523 920 1558 est.
946 1512 1303 1572 Expositionibus
1326 1513 1483 1556 nostris

96 1592 139 1628 et
151 1583 459 1629 discretissimis
478 1583 637 1643 regulis
655 1583 864 1627 debemus
877 1584 961 1627 hoc
982 1583 1124 1627 dicere
1140 1583 1247 1642 quid
1265 1582 1483 1640 significa-

2 1688 11 1698 .
42 1662 43 1666 ’
94 1653 168 1697 bat
180 1655 341 1699 affictio
359 1654 561 1713 quaedam
574 1653 746 1713 longius
764 1652 898 1696 eundi
917 1672 925 1697 ε
945 1652 1070 1696 finxit
1082 1667 1125 1696 se
1143 1652 1316 1710 longius
1336 1652 1418 1707 ire,
1439 1661 1481 1695 et

94 1731 282 1778 tenetur,
309 1739 363 1767 ne
390 1724 563 1782 longius
585 1732 668 1768 eat.
704 1726 928 1777 Quantum
949 1723 1078 1780 igitur
1094 1757 1105 1777 ‚
1129 1721 1183 1766 ad
1206 1721 1479 1781 praesentiam

91 1794 359 1852 corporalem
371 1795 524 1837 absens
538 1794 776 1852 putabatur
784 1793 994 1838 Dominus
1007 1793 1219 1848 Christus,
1232 1793 1384 1836 absens
1397 1808 1480 1852 pu-

90 1864 266 1908 tabatur
283 1898 294 1919 ‚
320 1863 440 1908 velut
467 1864 640 1922 longius
658 1863 751 1907 ibit.
776 1866 891 1906 Tene
912 1863 1097 1906 fideliter
1112 1898 1123 1917 ‚
1147 1872 1247 1907 tene
1276 1862 1401 1907 illum
1424 1865 1478 1907 ad

90 1932 344 1977 fractionem
366 1934 503 1992 panis.
531 1932 647 1986 Quid
669 1933 843 1976 dicam?
865 1932 1128 1990 agnovistis?
1152 1933 1193 1976 Si
1219 1933 1474 1990 agnovistis,

88 2003 148 2047 ibi
169 2004 390 2048 Christum
409 2003 642 2047 invenistis.
661 2003 831 2047 Diutius
849 2002 903 2046 de
920 2011 1186 2047 sacramento
1205 2002 1475 2062 loquendum

88 2089 178 2119 non
195 2083 271 2119 est.
293 2074 379 2127 Qui
394 2075 479 2118 hoc
496 2083 812 2119 sacramentum
830 2089 953 2118 nosse
970 2073 1181 2119 differunt
1195 2108 1206 2129 ,
1225 2073 1397 2133 longius
1420 2074 1475 2118 ab

87 2146 144 2189 eis
166 2146 378 2191 Christus.
404 2145 455 2190 Id
478 2155 670 2201 teneant,
696 2162 783 2191 non
806 2146 1060 2205 dimittant3
1084 2146 1269 2191 invitent
1293 2145 1348 2190 ad
1369 2147 1471 2191 hos-

85 2215 240 2274 pitium
256 2250 267 2271 ‚
293 2225 337 2260 et
357 2216 598 2262 invitantur
620 2216 675 2262 ad
696 2217 877 2262 coelum.

145 2318 152 2334 ¹
174 2313 279 2345 For-ee
310 2317 410 2345 tenet.
435 2327 475 2334 —
494 2320 505 2335 ²
523 2314 636 2346 Matth.
657 2324 711 2346 xm
728 2340 736 2354 ‚
756 2315 788 2347 3.
807 2331 848 2336 —
868 2312 882 2336 3
903 2315 1005 2346 Forte
1021 2324 1072 2346 eas
1090 2313 1121 2345 in
1140 2313 1328 2355 falsitatem,
1357 2314 1415 2346 sed
1434 2319 1467 2346 ut

83 2374 282 2410 perscrutata
294 2370 360 2402 iosa
380 2370 534 2412 invenias,
555 2375 618 2404 etc.
643 2388 683 2396 -
700 2370 715 2402 4
735 2372 840 2404 Forte
858 2382 921 2404 non
938 2370 1147 2413 significabat.
