<?xml version="1.0" encoding="UTF-8"?>
<!DOCTYPE html PUBLIC "-//W3C//DTD XHTML 1.0 Transitional//EN"
    "http://www.w3.org/TR/xhtml1/DTD/xhtml1-transitional.dtd">
<html xmlns="http://www.w3.org/1999/xhtml" xml:lang="en" lang="en">
 <head>
  <title>
</title>
<meta http-equiv="Content-Type" content="text/html;charset=utf-8" />
  <meta name='ocr-system' content='tesseract 3.04.00' />
  <meta name='ocr-capabilities' content='ocr_page ocr_carea ocr_par ocr_line ocrx_word'/>
</head>
<body>
  <div class='ocr_page' id='page_1' title='image "./operaomniaaccura18auguuoft_0479.png"; bbox 0 0 1898 3178; ppageno 0'>
   <div class='ocr_carea' id='block_1_1' title="bbox 0 282 106 3178">
    <p class='ocr_par' dir='ltr' id='par_1_1' title="bbox 0 282 106 3178">
     <span class='ocr_line' id='line_1_1' title="bbox 0 282 29 548; baseline 0 0"><span class='ocrx_word' id='word_1_1' title='bbox 0 282 29 548; x_wconf 95' lang='lat' dir='ltr'><strong>   </strong></span> 
     </span>
     <span class='ocr_line' id='line_1_2' title="bbox 0 548 35 822; baseline 0 -202"><span class='ocrx_word' id='word_1_2' title='bbox 0 548 35 822; x_wconf 95' lang='lat' dir='ltr'><strong>    </strong></span> 
     </span>
     <span class='ocr_line' id='line_1_3' title="bbox 0 822 39 1042; baseline 0 -72"><span class='ocrx_word' id='word_1_3' title='bbox 0 822 39 1042; x_wconf 95' lang='lat' dir='ltr'><strong>   </strong></span> 
     </span>
     <span class='ocr_line' id='line_1_4' title="bbox 2 1042 40 1103; baseline 0 2075"><span class='ocrx_word' id='word_1_4' title='bbox 2 1042 40 1103; x_wconf 95' lang='lat' dir='ltr'><strong> </strong></span> 
     </span>
     <span class='ocr_line' id='line_1_5' title="bbox 4 1103 43 1182; baseline 0 1996"><span class='ocrx_word' id='word_1_5' title='bbox 4 1103 43 1182; x_wconf 95' lang='lat' dir='ltr'><strong> </strong></span> 
     </span>
     <span class='ocr_line' id='line_1_6' title="bbox 0 1182 43 1251; baseline 0 1927"><span class='ocrx_word' id='word_1_6' title='bbox 0 1182 43 1251; x_wconf 95' lang='lat' dir='ltr'><strong> </strong></span> 
     </span>
     <span class='ocr_line' id='line_1_7' title="bbox 0 1251 44 1322; baseline 0 1856"><span class='ocrx_word' id='word_1_7' title='bbox 0 1251 44 1322; x_wconf 95' lang='lat' dir='ltr'><strong> </strong></span> 
     </span>
     <span class='ocr_line' id='line_1_8' title="bbox 0 1322 46 1391; baseline 0 1787"><span class='ocrx_word' id='word_1_8' title='bbox 0 1322 46 1391; x_wconf 95' lang='lat' dir='ltr'><strong> </strong></span> 
     </span>
     <span class='ocr_line' id='line_1_9' title="bbox 0 1391 49 1463; baseline 0 1715"><span class='ocrx_word' id='word_1_9' title='bbox 0 1391 49 1463; x_wconf 95' lang='lat' dir='ltr'><strong> </strong></span> 
     </span>
     <span class='ocr_line' id='line_1_10' title="bbox 0 1463 50 1531; baseline 0 1647"><span class='ocrx_word' id='word_1_10' title='bbox 0 1463 50 1531; x_wconf 95' lang='lat' dir='ltr'><strong> </strong></span> 
     </span>
     <span class='ocr_line' id='line_1_11' title="bbox 0 1531 51 1601; baseline 0 1577"><span class='ocrx_word' id='word_1_11' title='bbox 0 1531 51 1601; x_wconf 95' lang='lat' dir='ltr'><strong> </strong></span> 
     </span>
     <span class='ocr_line' id='line_1_12' title="bbox 0 1601 53 1669; baseline 0 1509"><span class='ocrx_word' id='word_1_12' title='bbox 0 1601 53 1669; x_wconf 95' lang='lat' dir='ltr'><strong> </strong></span> 
     </span>
     <span class='ocr_line' id='line_1_13' title="bbox 0 1669 55 1737; baseline 0 1441"><span class='ocrx_word' id='word_1_13' title='bbox 0 1669 55 1737; x_wconf 95' lang='lat' dir='ltr'><strong> </strong></span> 
     </span>
     <span class='ocr_line' id='line_1_14' title="bbox 0 1737 56 1812; baseline 0 1366"><span class='ocrx_word' id='word_1_14' title='bbox 0 1737 56 1812; x_wconf 95' lang='lat' dir='ltr'><strong> </strong></span> 
     </span>
     <span class='ocr_line' id='line_1_15' title="bbox 0 1812 60 1951; baseline 0 -79"><span class='ocrx_word' id='word_1_15' title='bbox 0 1812 60 1951; x_wconf 95' lang='lat' dir='ltr'><strong>  </strong></span> 
     </span>
     <span class='ocr_line' id='line_1_16' title="bbox 10 1951 60 2020; baseline 0 1158"><span class='ocrx_word' id='word_1_16' title='bbox 10 1951 60 2020; x_wconf 95' lang='lat' dir='ltr'><strong> </strong></span> 
     </span>
     <span class='ocr_line' id='line_1_17' title="bbox 9 2020 60 2160; baseline 0 -93"><span class='ocrx_word' id='word_1_17' title='bbox 9 2020 60 2160; x_wconf 95' lang='lat' dir='ltr'><strong>  </strong></span> 
     </span>
     <span class='ocr_line' id='line_1_18' title="bbox 12 2160 63 2228; baseline 0 950"><span class='ocrx_word' id='word_1_18' title='bbox 12 2160 63 2228; x_wconf 95' lang='lat' dir='ltr'><strong> </strong></span> 
     </span>
     <span class='ocr_line' id='line_1_19' title="bbox 5 2228 87 2303; baseline 0 875"><span class='ocrx_word' id='word_1_19' title='bbox 5 2228 87 2303; x_wconf 95' lang='lat' dir='ltr'><strong> </strong></span> 
     </span>
     <span class='ocr_line' id='line_1_20' title="bbox 4 2303 103 2441; baseline 0 0"><span class='ocrx_word' id='word_1_20' title='bbox 4 2303 103 2441; x_wconf 95' lang='lat' dir='ltr'><strong>  </strong></span> 
     </span>
     <span class='ocr_line' id='line_1_21' title="bbox 18 2441 106 3178; baseline 0 -629"><span class='ocrx_word' id='word_1_21' title='bbox 18 2441 106 3178; x_wconf 95' lang='lat' dir='ltr'><strong>   </strong></span> 
     </span>
    </p>
   </div>
   <div class='ocr_carea' id='block_1_2' title="bbox 293 237 1443 290">
    <p class='ocr_par' dir='ltr' id='par_1_2' title="bbox 293 237 1443 290">
     <span class='ocr_line' id='line_1_22' title="bbox 293 237 1443 290; baseline -0.005 -10"><span class='ocrx_word' id='word_1_22' title='bbox 293 254 430 281; x_wconf 74' lang='lat' dir='ltr'>SERMO</span> <span class='ocrx_word' id='word_1_23' title='bbox 463 252 638 290; x_wconf 69' lang='lat' dir='ltr'><strong>LXXXffi,</strong></span> <span class='ocrx_word' id='word_1_24' title='bbox 674 254 727 280; x_wconf 83' lang='lat' dir='ltr'><strong>DE</strong></span> <span class='ocrx_word' id='word_1_25' title='bbox 760 251 906 281; x_wconf 71' lang='lat' dir='ltr'><strong>vssnms</strong></span> <span class='ocrx_word' id='word_1_26' title='bbox 937 251 1101 280; x_wconf 73' lang='lat' dir='ltr'>MATTH.</span> <span class='ocrx_word' id='word_1_27' title='bbox 1137 251 1222 278; x_wconf 74' lang='lat' dir='ltr'><strong>xxr.</strong></span> <span class='ocrx_word' id='word_1_28' title='bbox 1358 237 1443 276; x_wconf 81' lang='lat'><strong>467</strong></span> 
     </span>
    </p>
   </div>
   <div class='ocr_carea' id='block_1_3' title="bbox 0 314 1452 2479">
    <p class='ocr_par' dir='ltr' id='par_1_3' title="bbox 66 314 1446 640">
     <span class='ocr_line' id='line_1_23' title="bbox 70 314 1443 378; baseline -0.003 -17"><span class='ocrx_word' id='word_1_29' title='bbox 70 325 173 361; x_wconf 85' lang='lat' dir='ltr'><strong>tem.</strong></span> <span class='ocrx_word' id='word_1_30' title='bbox 196 316 312 361; x_wconf 85' lang='lat' dir='ltr'><strong>Audi</strong></span> <span class='ocrx_word' id='word_1_31' title='bbox 329 317 610 378; x_wconf 84' lang='lat' dir='ltr'>Apostolum:</span> <span class='ocrx_word' id='word_1_32' title='bbox 632 336 652 359; x_wconf 91' lang='lat'>«</span> <span class='ocrx_word' id='word_1_33' title='bbox 673 321 858 363; x_wconf 85' lang='lat' dir='ltr'>Fructus</span> <span class='ocrx_word' id='word_1_34' title='bbox 880 327 1024 362; x_wconf 85' lang='lat' dir='ltr'><strong>autem</strong></span> <span class='ocrx_word' id='word_1_35' title='bbox 1038 316 1210 376; x_wconf 89' lang='lat' dir='ltr'><strong>spiritus</strong></span> <span class='ocrx_word' id='word_1_36' title='bbox 1232 314 1414 359; x_wconf 76' lang='lat' dir='ltr'>charitas</span> <span class='ocrx_word' id='word_1_37' title='bbox 1435 331 1443 357; x_wconf 91' lang='lat'>:</span> 
     </span>
     <span class='ocr_line' id='line_1_24' title="bbox 71 385 1446 448; baseline 0 -20"><span class='ocrx_word' id='word_1_38' title='bbox 71 404 92 428; x_wconf 88' lang='lat'>»</span> <span class='ocrx_word' id='word_1_39' title='bbox 127 388 508 432; x_wconf 85' lang='lat' dir='ltr'><strong>commendaturus</strong></span> <span class='ocrx_word' id='word_1_40' title='bbox 526 388 647 448; x_wconf 84' lang='lat' dir='ltr'>quasi</span> <span class='ocrx_word' id='word_1_41' title='bbox 664 389 855 444; x_wconf 83' lang='lat' dir='ltr'><strong>botrum,</strong></span> <span class='ocrx_word' id='word_1_42' title='bbox 876 389 959 432; x_wconf 90' lang='lat' dir='ltr'><strong>hoc</strong></span> <span class='ocrx_word' id='word_1_43' title='bbox 976 396 1054 442; x_wconf 86' lang='lat' dir='ltr'><strong>est,</strong></span> <span class='ocrx_word' id='word_1_44' title='bbox 1073 385 1279 431; x_wconf 78' lang='lat' dir='ltr'><strong>fructum.</strong></span> <span class='ocrx_word' id='word_1_45' title='bbox 1305 387 1337 428; x_wconf 89' lang='lat' dir='ltr'>F</span> <span class='ocrx_word' id='word_1_46' title='bbox 1344 399 1446 428; x_wconf 85' lang='lat' dir='ltr'><strong>ruc-</strong></span> 
     </span>
     <span class='ocr_line' id='line_1_25' title="bbox 71 454 1444 517; baseline -0.001 -18"><span class='ocrx_word' id='word_1_47' title='bbox 71 473 92 497; x_wconf 92' lang='lat'>»</span> <span class='ocrx_word' id='word_1_48' title='bbox 127 465 196 500; x_wconf 92' lang='lat' dir='ltr'><strong>tus</strong></span> <span class='ocrx_word' id='word_1_49' title='bbox 233 466 400 512; x_wconf 86' lang='lat' dir='ltr'><strong>autem,</strong></span> <span class='ocrx_word' id='word_1_50' title='bbox 434 457 596 517; x_wconf 84' lang='lat' dir='ltr'><strong>inquit,</strong></span> <span class='ocrx_word' id='word_1_51' title='bbox 621 457 815 517; x_wconf 89' lang='lat' dir='ltr'><strong>spiritus,</strong></span> <span class='ocrx_word' id='word_1_52' title='bbox 855 457 1061 511; x_wconf 81' lang='lat' dir='ltr'><strong>charitas,</strong></span> <span class='ocrx_word' id='word_1_53' title='bbox 1085 454 1319 515; x_wconf 80' lang='lat' dir='ltr'><strong>gaudium,</strong></span> <span class='ocrx_word' id='word_1_54' title='bbox 1344 468 1444 512; x_wconf 84' lang='lat' dir='ltr'><strong>pax,</strong></span> 
     </span>
     <span class='ocr_line' id='line_1_26' title="bbox 69 523 1446 588; baseline -0.001 -19"><span class='ocrx_word' id='word_1_55' title='bbox 69 542 91 566; x_wconf 87' lang='lat'>»</span> <span class='ocrx_word' id='word_1_56' title='bbox 126 525 471 583; x_wconf 84' lang='lat' dir='ltr'><strong>longanimitas¹.</strong></span> <span class='ocrx_word' id='word_1_57' title='bbox 518 545 536 568; x_wconf 72' lang='grc' dir='ltr'>υ</span> <span class='ocrx_word' id='word_1_58' title='bbox 577 527 676 573; x_wconf 92' lang='lat' dir='ltr'><strong>Noli</strong></span> <span class='ocrx_word' id='word_1_59' title='bbox 709 527 854 572; x_wconf 86' lang='lat' dir='ltr'><strong>mirari</strong></span> <span class='ocrx_word' id='word_1_60' title='bbox 895 527 1146 588; x_wconf 86' lang='lat' dir='ltr'><strong>sequentia,</strong></span> <span class='ocrx_word' id='word_1_61' title='bbox 1193 524 1270 569; x_wconf 90' lang='lat' dir='ltr'><strong>ubi</strong></span> <span class='ocrx_word' id='word_1_62' title='bbox 1311 523 1446 583; x_wconf 88' lang='lat' dir='ltr'><strong>coepit</strong></span> 
     </span>
     <span class='ocr_line' id='line_1_27' title="bbox 66 595 266 640; baseline 0.01 -2"><span class='ocrx_word' id='word_1_63' title='bbox 66 595 266 640; x_wconf 87' lang='lat' dir='ltr'><strong>charitas.</strong></span> 
     </span>
    </p>

    <p class='ocr_par' dir='ltr' id='par_1_4' title="bbox 0 665 1452 2479">
     <span class='ocr_line' id='line_1_28' title="bbox 137 665 1445 727; baseline -0.002 -17"><span class='ocrx_word' id='word_1_64' title='bbox 137 669 196 710; x_wconf 88' lang='grc' dir='ltr'><strong>ΙΙ.</strong></span> <span class='ocrx_word' id='word_1_65' title='bbox 243 666 348 711; x_wconf 89' lang='lat' dir='ltr'><strong>Ideo</strong></span> <span class='ocrx_word' id='word_1_66' title='bbox 389 667 617 727; x_wconf 88' lang='lat' dir='ltr'><strong>Discipulis</strong></span> <span class='ocrx_word' id='word_1_67' title='bbox 665 668 922 712; x_wconf 88' lang='lat' dir='ltr'><strong>mirantibus</strong></span> <span class='ocrx_word' id='word_1_68' title='bbox 970 667 1135 712; x_wconf 85' lang='lat' dir='ltr'><strong>arboris</strong></span> <span class='ocrx_word' id='word_1_69' title='bbox 1178 665 1445 718; x_wconf 81' lang='lat' dir='ltr'><strong>ariditatem,</strong></span> 
     </span>
     <span class='ocr_line' id='line_1_29' title="bbox 67 735 1446 793; baseline -0.001 -13"><span class='ocrx_word' id='word_1_70' title='bbox 67 735 390 781; x_wconf 83' lang='lat' dir='ltr'><strong>commendavit</strong></span> <span class='ocrx_word' id='word_1_71' title='bbox 419 736 572 793; x_wconf 88' lang='lat' dir='ltr'><strong>fidem,</strong></span> <span class='ocrx_word' id='word_1_72' title='bbox 598 747 641 782; x_wconf 89' lang='lat' dir='ltr'><strong>et</strong></span> <span class='ocrx_word' id='word_1_73' title='bbox 676 738 736 783; x_wconf 89' lang='lat' dir='ltr'><strong>ait</strong></span> <span class='ocrx_word' id='word_1_74' title='bbox 754 737 837 782; x_wconf 83' lang='lat' dir='ltr'><strong>illis</strong></span> <span class='ocrx_word' id='word_1_75' title='bbox 863 757 872 782; x_wconf 93' lang='lat'>:</span> <span class='ocrx_word' id='word_1_76' title='bbox 901 756 923 780; x_wconf 89' lang='lat'>«</span> <span class='ocrx_word' id='word_1_77' title='bbox 953 737 997 783; x_wconf 92' lang='lat' dir='ltr'><strong>Si</strong></span> <span class='ocrx_word' id='word_1_78' title='bbox 1023 736 1262 781; x_wconf 84' lang='lat' dir='ltr'><strong>habueritis</strong></span> <span class='ocrx_word' id='word_1_79' title='bbox 1291 736 1446 788; x_wconf 87' lang='lat' dir='ltr'><strong>fidem,</strong></span> 
     </span>
     <span class='ocr_line' id='line_1_30' title="bbox 69 806 1448 864; baseline 0.001 -16"><span class='ocrx_word' id='word_1_80' title='bbox 69 823 90 847; x_wconf 72' lang='lat'><strong>&gt;1</strong></span> <span class='ocrx_word' id='word_1_81' title='bbox 125 814 168 850; x_wconf 92' lang='lat' dir='ltr'><strong>et</strong></span> <span class='ocrx_word' id='word_1_82' title='bbox 189 806 299 850; x_wconf 86' lang='lat' dir='ltr'><strong>nihil</strong></span> <span class='ocrx_word' id='word_1_83' title='bbox 315 808 724 863; x_wconf 78' lang='lat' dir='ltr'><strong>discriminaveritis,</strong></span> <span class='ocrx_word' id='word_1_84' title='bbox 743 808 823 853; x_wconf 85' lang='lat' dir='ltr'><strong>»id</strong></span> <span class='ocrx_word' id='word_1_85' title='bbox 843 817 921 864; x_wconf 86' lang='lat' dir='ltr'><strong>est,</strong></span> <span class='ocrx_word' id='word_1_86' title='bbox 946 808 991 852; x_wconf 89' lang='lat' dir='ltr'><strong>in</strong></span> <span class='ocrx_word' id='word_1_87' title='bbox 1014 806 1217 853; x_wconf 87' lang='lat' dir='ltr'><strong>omnibus</strong></span> <span class='ocrx_word' id='word_1_88' title='bbox 1238 809 1329 852; x_wconf 91' lang='lat' dir='ltr'><strong>Deo</strong></span> <span class='ocrx_word' id='word_1_89' title='bbox 1351 819 1448 850; x_wconf 87' lang='lat' dir='ltr'><strong>cre-</strong></span> 
     </span>
     <span class='ocr_line' id='line_1_31' title="bbox 66 873 1446 938; baseline 0.001 -20"><span class='ocrx_word' id='word_1_90' title='bbox 66 873 276 931; x_wconf 88' lang='lat' dir='ltr'><strong>dideritis,</strong></span> <span class='ocrx_word' id='word_1_91' title='bbox 297 891 387 920; x_wconf 91' lang='lat' dir='ltr'><strong>non</strong></span> <span class='ocrx_word' id='word_1_92' title='bbox 403 876 615 922; x_wconf 80' lang='lat' dir='ltr'><strong>dixeritis:</strong></span> <span class='ocrx_word' id='word_1_93' title='bbox 637 881 730 923; x_wconf 90' lang='lat' dir='ltr'><strong>Hoc</strong></span> <span class='ocrx_word' id='word_1_94' title='bbox 750 887 893 938; x_wconf 85' lang='lat' dir='ltr'><strong>potest</strong></span> <span class='ocrx_word' id='word_1_95' title='bbox 913 881 1044 933; x_wconf 87' lang='lat' dir='ltr'><strong>Deus,</strong></span> <span class='ocrx_word' id='word_1_96' title='bbox 1067 878 1152 922; x_wconf 91' lang='lat' dir='ltr'><strong>hoc</strong></span> <span class='ocrx_word' id='word_1_97' title='bbox 1169 892 1259 921; x_wconf 89' lang='lat' dir='ltr'><strong>non</strong></span> <span class='ocrx_word' id='word_1_98' title='bbox 1276 883 1446 936; x_wconf 66' lang='lat' dir='ltr'><strong>potest,</strong></span> 
     </span>
     <span class='ocr_line' id='line_1_32' title="bbox 66 946 1450 1010; baseline -0.001 -20"><span class='ocrx_word' id='word_1_99' title='bbox 66 946 142 992; x_wconf 87' lang='lat' dir='ltr'><strong>sed</strong></span> <span class='ocrx_word' id='word_1_100' title='bbox 163 946 219 991; x_wconf 88' lang='lat' dir='ltr'><strong>de</strong></span> <span class='ocrx_word' id='word_1_101' title='bbox 239 948 558 1005; x_wconf 87' lang='lat' dir='ltr'><strong>Omnipotentis</strong></span> <span class='ocrx_word' id='word_1_102' title='bbox 573 950 887 1010; x_wconf 88' lang='lat' dir='ltr'><strong>omnipotentia</strong></span> <span class='ocrx_word' id='word_1_103' title='bbox 899 949 1258 1009; x_wconf 81' lang='lat' dir='ltr'><strong>praesumpseritis</strong></span> <span class='ocrx_word' id='word_1_104' title='bbox 1285 966 1294 992; x_wconf 88' lang='lat'>:</span> <span class='ocrx_word' id='word_1_105' title='bbox 1314 966 1336 989; x_wconf 87' lang='lat'>«</span> <span class='ocrx_word' id='word_1_106' title='bbox 1351 949 1450 992; x_wconf 90' lang='lat' dir='ltr'><strong>Non</strong></span> 
     </span>
     <span class='ocr_line' id='line_1_33' title="bbox 69 1016 1450 1074; baseline 0 -15"><span class='ocrx_word' id='word_1_107' title='bbox 69 1033 90 1058; x_wconf 85' lang='lat'>»</span> <span class='ocrx_word' id='word_1_108' title='bbox 125 1017 264 1062; x_wconf 91' lang='lat' dir='ltr'><strong>solum</strong></span> <span class='ocrx_word' id='word_1_109' title='bbox 283 1018 367 1062; x_wconf 90' lang='lat' dir='ltr'><strong>hoc</strong></span> <span class='ocrx_word' id='word_1_110' title='bbox 378 1018 560 1074; x_wconf 85' lang='lat' dir='ltr'><strong>facietis,</strong></span> <span class='ocrx_word' id='word_1_111' title='bbox 580 1020 654 1063; x_wconf 89' lang='lat' dir='ltr'><strong>sed</strong></span> <span class='ocrx_word' id='word_1_112' title='bbox 676 1030 719 1064; x_wconf 87' lang='lat' dir='ltr'><strong>et</strong></span> <span class='ocrx_word' id='word_1_113' title='bbox 732 1021 869 1066; x_wconf 91' lang='lat' dir='ltr'><strong>monti</strong></span> <span class='ocrx_word' id='word_1_114' title='bbox 887 1020 989 1065; x_wconf 89' lang='lat' dir='ltr'><strong>huic</strong></span> <span class='ocrx_word' id='word_1_115' title='bbox 1001 1020 1035 1064; x_wconf 89' lang='lat' dir='ltr'><strong>si</strong></span> <span class='ocrx_word' id='word_1_116' title='bbox 1050 1019 1265 1064; x_wconf 84' lang='lat' dir='ltr'><strong>dixeritis:</strong></span> <span class='ocrx_word' id='word_1_117' title='bbox 1282 1016 1450 1063; x_wconf 90' lang='lat' dir='ltr'><strong>Tollere</strong></span> 
     </span>
     <span class='ocr_line' id='line_1_34' title="bbox 68 1088 1450 1151; baseline 0.001 -21"><span class='ocrx_word' id='word_1_118' title='bbox 68 1104 89 1128; x_wconf 66' lang='grc' dir='ltr'><strong>η</strong></span> <span class='ocrx_word' id='word_1_119' title='bbox 124 1096 169 1132; x_wconf 90' lang='lat' dir='ltr'><strong>et</strong></span> <span class='ocrx_word' id='word_1_120' title='bbox 190 1088 360 1132; x_wconf 88' lang='lat' dir='ltr'><strong>mittere</strong></span> <span class='ocrx_word' id='word_1_121' title='bbox 377 1089 423 1132; x_wconf 92' lang='lat' dir='ltr'><strong>in</strong></span> <span class='ocrx_word' id='word_1_122' title='bbox 443 1103 587 1144; x_wconf 84' lang='lat' dir='ltr'><strong>mare,</strong></span> <span class='ocrx_word' id='word_1_123' title='bbox 608 1090 698 1134; x_wconf 88' lang='lat' dir='ltr'><strong>fiet.</strong></span> <span class='ocrx_word' id='word_1_124' title='bbox 721 1093 779 1135; x_wconf 89' lang='lat' dir='ltr'><strong>Et</strong></span> <span class='ocrx_word' id='word_1_125' title='bbox 799 1105 1088 1151; x_wconf 79' lang='lat' dir='ltr'><strong>quaecumque</strong></span> <span class='ocrx_word' id='word_1_126' title='bbox 1111 1089 1334 1134; x_wconf 85' lang='lat' dir='ltr'><strong>oraveritis</strong></span> <span class='ocrx_word' id='word_1_127' title='bbox 1356 1101 1450 1132; x_wconf 89' lang='lat' dir='ltr'><strong>cre-</strong></span> 
     </span>
     <span class='ocr_line' id='line_1_35' title="bbox 68 1157 1452 1220; baseline 0.001 -21"><span class='ocrx_word' id='word_1_128' title='bbox 68 1175 90 1199; x_wconf 90' lang='lat'>»</span> <span class='ocrx_word' id='word_1_129' title='bbox 124 1157 276 1203; x_wconf 87' lang='lat' dir='ltr'><strong>dentes</strong></span> <span class='ocrx_word' id='word_1_130' title='bbox 293 1194 304 1214; x_wconf 82' lang='lat'>‚</span> <span class='ocrx_word' id='word_1_131' title='bbox 326 1159 584 1219; x_wconf 79' lang='lat' dir='ltr'><strong>accipieti52.</strong></span> <span class='ocrx_word' id='word_1_132' title='bbox 611 1178 631 1201; x_wconf 85' lang='lat'>»</span> <span class='ocrx_word' id='word_1_133' title='bbox 663 1162 866 1220; x_wconf 82' lang='lat' dir='ltr'><strong>Legimus</strong></span> <span class='ocrx_word' id='word_1_134' title='bbox 900 1160 1107 1205; x_wconf 89' lang='lat' dir='ltr'><strong>miracula</strong></span> <span class='ocrx_word' id='word_1_135' title='bbox 1131 1159 1240 1204; x_wconf 85' lang='lat' dir='ltr'><strong>facta</strong></span> <span class='ocrx_word' id='word_1_136' title='bbox 1266 1175 1290 1203; x_wconf 90' lang='lat' dir='ltr'><strong>a</strong></span> <span class='ocrx_word' id='word_1_137' title='bbox 1317 1158 1452 1203; x_wconf 89' lang='lat' dir='ltr'><strong>Disci-</strong></span> 
     </span>
     <span class='ocr_line' id='line_1_36' title="bbox 65 1228 1451 1291; baseline -0.001 -19"><span class='ocrx_word' id='word_1_138' title='bbox 65 1228 201 1287; x_wconf 86' lang='lat' dir='ltr'><strong>pulis,</strong></span> <span class='ocrx_word' id='word_1_139' title='bbox 233 1229 322 1274; x_wconf 92' lang='lat' dir='ltr'><strong>imo</strong></span> <span class='ocrx_word' id='word_1_140' title='bbox 349 1228 463 1274; x_wconf 87' lang='lat' dir='ltr'><strong>facta</strong></span> <span class='ocrx_word' id='word_1_141' title='bbox 485 1246 508 1274; x_wconf 87' lang='lat' dir='ltr'><strong>a</strong></span> <span class='ocrx_word' id='word_1_142' title='bbox 541 1232 726 1276; x_wconf 81' lang='lat' dir='ltr'><strong>Domino</strong></span> <span class='ocrx_word' id='word_1_143' title='bbox 761 1247 838 1291; x_wconf 90' lang='lat' dir='ltr'><strong>per</strong></span> <span class='ocrx_word' id='word_1_144' title='bbox 871 1231 1112 1291; x_wconf 86' lang='lat' dir='ltr'><strong>Discipulos</strong></span> <span class='ocrx_word' id='word_1_145' title='bbox 1137 1250 1146 1275; x_wconf 75' lang='grc' dir='ltr'>ι</span> <span class='ocrx_word' id='word_1_146' title='bbox 1178 1250 1197 1273; x_wconf 92' lang='lat'>«</span> <span class='ocrx_word' id='word_1_147' title='bbox 1222 1230 1333 1283; x_wconf 86' lang='lat' dir='ltr'><strong>Quia</strong></span> <span class='ocrx_word' id='word_1_148' title='bbox 1359 1228 1451 1273; x_wconf 87' lang='lat' dir='ltr'><strong>sine</strong></span> 
     </span>
     <span class='ocr_line' id='line_1_37' title="bbox 0 1300 1450 1361; baseline 0.001 -20"><span class='ocrx_word' id='word_1_149' title='bbox 0 1315 4 1322; x_wconf 88' lang='lat'><em>·</em></span> <span class='ocrx_word' id='word_1_150' title='bbox 68 1317 89 1340; x_wconf 88' lang='lat'>»</span> <span class='ocrx_word' id='word_1_151' title='bbox 123 1315 218 1355; x_wconf 80' lang='lat' dir='ltr'><strong>me,</strong></span> <span class='ocrx_word' id='word_1_152' title='bbox 255 1300 431 1360; x_wconf 82' lang='lat' dir='ltr'><strong>inquit,</strong></span> <span class='ocrx_word' id='word_1_153' title='bbox 456 1301 566 1344; x_wconf 84' lang='lat' dir='ltr'><strong>nihil</strong></span> <span class='ocrx_word' id='word_1_154' title='bbox 595 1303 771 1361; x_wconf 88' lang='lat' dir='ltr'><strong>potestis</strong></span> <span class='ocrx_word' id='word_1_155' title='bbox 808 1302 993 1347; x_wconf 76' lang='lat' dir='ltr'><strong>facere3.</strong></span> <span class='ocrx_word' id='word_1_156' title='bbox 1022 1321 1042 1343; x_wconf 82' lang='lat'>»</span> <span class='ocrx_word' id='word_1_157' title='bbox 1070 1302 1217 1346; x_wconf 90' lang='lat' dir='ltr'><strong>Potuit</strong></span> <span class='ocrx_word' id='word_1_158' title='bbox 1240 1300 1450 1345; x_wconf 86' lang='lat' dir='ltr'><strong>Dominus</strong></span> 
     </span>
     <span class='ocr_line' id='line_1_38' title="bbox 0 1362 1450 1431; baseline 0 -19"><span class='ocrx_word' id='word_1_159' title='bbox 0 1362 7 1371; x_wconf 72' lang='grc'><strong>”</strong></span> <span class='ocrx_word' id='word_1_160' title='bbox 64 1367 204 1413; x_wconf 89' lang='lat' dir='ltr'><strong>multa</strong></span> <span class='ocrx_word' id='word_1_161' title='bbox 241 1369 332 1413; x_wconf 88' lang='lat' dir='ltr'><strong>sine</strong></span> <span class='ocrx_word' id='word_1_162' title='bbox 355 1370 604 1428; x_wconf 84' lang='lat' dir='ltr'><strong>Discipulis,</strong></span> <span class='ocrx_word' id='word_1_163' title='bbox 637 1372 747 1414; x_wconf 90' lang='lat' dir='ltr'><strong>nihil</strong></span> <span class='ocrx_word' id='word_1_164' title='bbox 774 1372 982 1431; x_wconf 87' lang='lat' dir='ltr'><strong>Discipuli</strong></span> <span class='ocrx_word' id='word_1_165' title='bbox 1010 1373 1101 1415; x_wconf 89' lang='lat' dir='ltr'><strong>sine</strong></span> <span class='ocrx_word' id='word_1_166' title='bbox 1127 1372 1327 1416; x_wconf 89' lang='lat' dir='ltr'><strong>Domino.</strong></span> <span class='ocrx_word' id='word_1_167' title='bbox 1363 1369 1450 1422; x_wconf 85' lang='lat' dir='ltr'><strong>Qui</strong></span> 
     </span>
     <span class='ocr_line' id='line_1_39' title="bbox 0 1433 1449 1500; baseline -0.001 -17"><span class='ocrx_word' id='word_1_168' title='bbox 0 1433 6 1462; x_wconf 68' lang='lat'>³</span> <span class='ocrx_word' id='word_1_169' title='bbox 51 1439 210 1498; x_wconf 68' lang='lat' dir='ltr'><strong>&#39;potuit</strong></span> <span class='ocrx_word' id='word_1_170' title='bbox 230 1438 371 1483; x_wconf 88' lang='lat' dir='ltr'><strong>facere</strong></span> <span class='ocrx_word' id='word_1_171' title='bbox 392 1449 434 1483; x_wconf 92' lang='lat' dir='ltr'><strong>et</strong></span> <span class='ocrx_word' id='word_1_172' title='bbox 459 1440 569 1499; x_wconf 91' lang='lat' dir='ltr'><strong>ipsos</strong></span> <span class='ocrx_word' id='word_1_173' title='bbox 601 1441 866 1500; x_wconf 82' lang='lat' dir='ltr'><strong>DiscipuIOS,</strong></span> <span class='ocrx_word' id='word_1_174' title='bbox 901 1456 992 1485; x_wconf 88' lang='lat' dir='ltr'><strong>non</strong></span> <span class='ocrx_word' id='word_1_175' title='bbox 1013 1442 1167 1500; x_wconf 89' lang='lat' dir='ltr'><strong>utique</strong></span> <span class='ocrx_word' id='word_1_176' title='bbox 1189 1449 1252 1484; x_wconf 90' lang='lat' dir='ltr'><strong>est</strong></span> <span class='ocrx_word' id='word_1_177' title='bbox 1275 1439 1449 1498; x_wconf 84' lang='lat' dir='ltr'><strong>adjutus</strong></span> 
     </span>
     <span class='ocr_line' id='line_1_40' title="bbox 65 1507 1447 1570; baseline 0 -18"><span class='ocrx_word' id='word_1_178' title='bbox 65 1509 120 1553; x_wconf 90' lang='lat' dir='ltr'><strong>ab</strong></span> <span class='ocrx_word' id='word_1_179' title='bbox 141 1509 241 1569; x_wconf 91' lang='lat' dir='ltr'><strong>ipsis</strong></span> <span class='ocrx_word' id='word_1_180' title='bbox 263 1518 312 1554; x_wconf 93' lang='lat' dir='ltr'><strong>ut</strong></span> <span class='ocrx_word' id='word_1_181' title='bbox 333 1508 495 1554; x_wconf 87' lang='lat' dir='ltr'><strong>faceret</strong></span> <span class='ocrx_word' id='word_1_182' title='bbox 514 1510 641 1568; x_wconf 88' lang='lat' dir='ltr'><strong>ipsos.</strong></span> <span class='ocrx_word' id='word_1_183' title='bbox 667 1510 870 1569; x_wconf 87' lang='lat' dir='ltr'><strong>Legimus</strong></span> <span class='ocrx_word' id='word_1_184' title='bbox 893 1510 1205 1570; x_wconf 84' lang='lat' dir='ltr'><strong>Apostolorum</strong></span> <span class='ocrx_word' id='word_1_185' title='bbox 1222 1507 1447 1562; x_wconf 84' lang='lat' dir='ltr'><strong>miracula,</strong></span> 
     </span>
     <span class='ocr_line' id='line_1_41' title="bbox 6 1579 1451 1640; baseline -0.001 -17"><span class='ocrx_word' id='word_1_186' title='bbox 6 1633 8 1640; x_wconf 23' lang='grc' dir='ltr'><strong><em>Α</em></strong></span> <span class='ocrx_word' id='word_1_187' title='bbox 64 1594 281 1639; x_wconf 87' lang='lat' dir='ltr'><strong>nusquam</strong></span> <span class='ocrx_word' id='word_1_188' title='bbox 317 1589 462 1624; x_wconf 86' lang='lat' dir='ltr'><strong>autem</strong></span> <span class='ocrx_word' id='word_1_189' title='bbox 484 1579 666 1637; x_wconf 81' lang='lat' dir='ltr'><strong>legimus</strong></span> <span class='ocrx_word' id='word_1_190' title='bbox 687 1581 887 1625; x_wconf 87' lang='lat' dir='ltr'><strong>arborem</strong></span> <span class='ocrx_word' id='word_1_191' title='bbox 909 1581 963 1624; x_wconf 90' lang='lat' dir='ltr'><strong>ab</strong></span> <span class='ocrx_word' id='word_1_192' title='bbox 993 1580 1060 1624; x_wconf 92' lang='lat' dir='ltr'><strong>his</strong></span> <span class='ocrx_word' id='word_1_193' title='bbox 1088 1579 1320 1624; x_wconf 86' lang='lat' dir='ltr'><strong>arefactam</strong></span> <span class='ocrx_word' id='word_1_194' title='bbox 1337 1613 1348 1633; x_wconf 93' lang='lat'><strong>,</strong></span> <span class='ocrx_word' id='word_1_195' title='bbox 1375 1586 1451 1622; x_wconf 90' lang='lat' dir='ltr'><strong>aut</strong></span> 
     </span>
     <span class='ocr_line' id='line_1_42' title="bbox 4 1643 1450 1707; baseline -0.002 -14"><span class='ocrx_word' id='word_1_196' title='bbox 4 1643 11 1654; x_wconf 36' lang='grc' dir='ltr'><strong>ἵ</strong></span> <span class='ocrx_word' id='word_1_197' title='bbox 59 1658 259 1694; x_wconf 88' lang='lat' dir='ltr'><strong>montem</strong></span> <span class='ocrx_word' id='word_1_198' title='bbox 281 1649 327 1693; x_wconf 89' lang='lat' dir='ltr'><strong>in</strong></span> <span class='ocrx_word' id='word_1_199' title='bbox 347 1665 466 1694; x_wconf 87' lang='lat' dir='ltr'><strong>mare</strong></span> <span class='ocrx_word' id='word_1_200' title='bbox 484 1650 756 1705; x_wconf 79' lang='lat' dir='ltr'><strong>translatum.</strong></span> <span class='ocrx_word' id='word_1_201' title='bbox 782 1653 1038 1704; x_wconf 85' lang='lat' dir='ltr'><strong>Quaeramus</strong></span> <span class='ocrx_word' id='word_1_202' title='bbox 1060 1665 1163 1707; x_wconf 83' lang='lat' dir='ltr'><strong>ergo</strong></span> <span class='ocrx_word' id='word_1_203' title='bbox 1184 1648 1263 1692; x_wconf 85' lang='lat' dir='ltr'><strong>ubi</strong></span> <span class='ocrx_word' id='word_1_204' title='bbox 1285 1647 1450 1692; x_wconf 87' lang='lat' dir='ltr'><strong>factum</strong></span> 
     </span>
     <span class='ocr_line' id='line_1_43' title="bbox 62 1718 1449 1781; baseline -0.002 -18"><span class='ocrx_word' id='word_1_205' title='bbox 62 1720 133 1764; x_wconf 84' lang='lat' dir='ltr'><strong>sit.</strong></span> <span class='ocrx_word' id='word_1_206' title='bbox 157 1723 255 1765; x_wconf 93' lang='lat' dir='ltr'><strong>Non</strong></span> <span class='ocrx_word' id='word_1_207' title='bbox 272 1721 387 1764; x_wconf 86' lang='lat' dir='ltr'><strong>enim</strong></span> <span class='ocrx_word' id='word_1_208' title='bbox 410 1720 543 1765; x_wconf 86' lang='lat' dir='ltr'><strong>verba</strong></span> <span class='ocrx_word' id='word_1_209' title='bbox 561 1722 734 1766; x_wconf 89' lang='lat' dir='ltr'><strong>Domini</strong></span> <span class='ocrx_word' id='word_1_210' title='bbox 749 1736 901 1766; x_wconf 90' lang='lat' dir='ltr'><strong>vacare</strong></span> <span class='ocrx_word' id='word_1_211' title='bbox 917 1728 1171 1781; x_wconf 86' lang='lat' dir='ltr'><strong>potuerunt.</strong></span> <span class='ocrx_word' id='word_1_212' title='bbox 1196 1719 1237 1764; x_wconf 91' lang='lat' dir='ltr'><strong>Si</strong></span> <span class='ocrx_word' id='word_1_213' title='bbox 1253 1718 1449 1763; x_wconf 88' lang='lat' dir='ltr'><strong>attendas</strong></span> 
     </span>
     <span class='ocr_line' id='line_1_44' title="bbox 0 1788 1449 1844; baseline -0.001 -11"><span class='ocrx_word' id='word_1_214' title='bbox 0 1792 1 1796; x_wconf 76' lang='grc'>’</span> <span class='ocrx_word' id='word_1_215' title='bbox 63 1789 164 1834; x_wconf 84' lang='lat' dir='ltr'><strong>istas</strong></span> <span class='ocrx_word' id='word_1_216' title='bbox 186 1791 361 1834; x_wconf 89' lang='lat' dir='ltr'><strong>usitatas</strong></span> <span class='ocrx_word' id='word_1_217' title='bbox 378 1799 421 1834; x_wconf 93' lang='lat' dir='ltr'><strong>et</strong></span> <span class='ocrx_word' id='word_1_218' title='bbox 438 1799 562 1834; x_wconf 88' lang='lat' dir='ltr'><strong>notas</strong></span> <span class='ocrx_word' id='word_1_219' title='bbox 576 1791 750 1836; x_wconf 85' lang='lat' dir='ltr'><strong>arbores</strong></span> <span class='ocrx_word' id='word_1_220' title='bbox 767 1801 811 1836; x_wconf 92' lang='lat' dir='ltr'><strong>et</strong></span> <span class='ocrx_word' id='word_1_221' title='bbox 827 1791 929 1836; x_wconf 91' lang='lat' dir='ltr'><strong>istos</strong></span> <span class='ocrx_word' id='word_1_222' title='bbox 946 1799 1115 1835; x_wconf 88' lang='lat' dir='ltr'><strong>montes</strong></span> <span class='ocrx_word' id='word_1_223' title='bbox 1131 1824 1142 1844; x_wconf 89' lang='lat'><strong>,</strong></span> <span class='ocrx_word' id='word_1_224' title='bbox 1166 1804 1255 1834; x_wconf 90' lang='lat' dir='ltr'><strong>non</strong></span> <span class='ocrx_word' id='word_1_225' title='bbox 1277 1797 1340 1832; x_wconf 91' lang='lat' dir='ltr'><strong>est</strong></span> <span class='ocrx_word' id='word_1_226' title='bbox 1362 1788 1449 1832; x_wconf 84' lang='lat' dir='ltr'><strong>fac-</strong></span> 
     </span>
     <span class='ocr_line' id='line_1_45' title="bbox 0 1858 1446 1920; baseline -0.001 -17"><span class='ocrx_word' id='word_1_227' title='bbox 0 1881 19 1918; x_wconf 73' lang='lat'><strong>&#39;.</strong></span> <span class='ocrx_word' id='word_1_228' title='bbox 63 1868 174 1904; x_wconf 89' lang='lat' dir='ltr'><strong>tum.</strong></span> <span class='ocrx_word' id='word_1_229' title='bbox 202 1861 245 1904; x_wconf 90' lang='lat' dir='ltr'><strong>Si</strong></span> <span class='ocrx_word' id='word_1_230' title='bbox 268 1858 465 1904; x_wconf 89' lang='lat' dir='ltr'><strong>attendas</strong></span> <span class='ocrx_word' id='word_1_231' title='bbox 483 1860 682 1904; x_wconf 88' lang='lat' dir='ltr'><strong>arborem</strong></span> <span class='ocrx_word' id='word_1_232' title='bbox 698 1862 753 1904; x_wconf 90' lang='lat' dir='ltr'><strong>de</strong></span> <span class='ocrx_word' id='word_1_233' title='bbox 770 1877 857 1920; x_wconf 91' lang='lat' dir='ltr'><strong>qua</strong></span> <span class='ocrx_word' id='word_1_234' title='bbox 878 1861 1010 1915; x_wconf 81' lang='lat' dir='ltr'><strong>dixit,</strong></span> <span class='ocrx_word' id='word_1_235' title='bbox 1028 1869 1071 1904; x_wconf 90' lang='lat' dir='ltr'><strong>et</strong></span> <span class='ocrx_word' id='word_1_236' title='bbox 1087 1868 1281 1904; x_wconf 88' lang='lat' dir='ltr'><strong>montem</strong></span> <span class='ocrx_word' id='word_1_237' title='bbox 1301 1860 1446 1918; x_wconf 90' lang='lat' dir='ltr'><strong>ipsum</strong></span> 
     </span>
     <span class='ocr_line' id='line_1_46' title="bbox 0 1927 1443 1989; baseline -0.002 -15"><span class='ocrx_word' id='word_1_238' title='bbox 0 1931 4 1958; x_wconf 70' lang='lat'><strong>²</strong></span> <span class='ocrx_word' id='word_1_239' title='bbox 63 1929 239 1974; x_wconf 81' lang='lat' dir='ltr'><strong>Domini</strong></span> <span class='ocrx_word' id='word_1_240' title='bbox 270 1929 325 1973; x_wconf 91' lang='lat' dir='ltr'><strong>de</strong></span> <span class='ocrx_word' id='word_1_241' title='bbox 346 1944 435 1989; x_wconf 88' lang='lat' dir='ltr'><strong>quo</strong></span> <span class='ocrx_word' id='word_1_242' title='bbox 458 1930 675 1988; x_wconf 86' lang='lat' dir='ltr'><strong>Propheta</strong></span> <span class='ocrx_word' id='word_1_243' title='bbox 696 1929 805 1973; x_wconf 78' lang='lat' dir='ltr'><strong>dixit</strong></span> <span class='ocrx_word' id='word_1_244' title='bbox 830 1949 839 1974; x_wconf 90' lang='lat'>:</span> <span class='ocrx_word' id='word_1_245' title='bbox 865 1947 885 1971; x_wconf 91' lang='lat'>»</span> <span class='ocrx_word' id='word_1_246' title='bbox 906 1930 1001 1975; x_wconf 88' lang='lat' dir='ltr'><strong>Erit</strong></span> <span class='ocrx_word' id='word_1_247' title='bbox 1021 1930 1068 1972; x_wconf 91' lang='lat' dir='ltr'><strong>in</strong></span> <span class='ocrx_word' id='word_1_248' title='bbox 1089 1928 1328 1974; x_wconf 88' lang='lat' dir='ltr'><strong>novissimis</strong></span> <span class='ocrx_word' id='word_1_249' title='bbox 1349 1927 1443 1972; x_wconf 89' lang='lat' dir='ltr'><strong>die-</strong></span> 
     </span>
     <span class='ocr_line' id='line_1_47' title="bbox 65 1996 1448 2052; baseline -0.001 -10"><span class='ocrx_word' id='word_1_250' title='bbox 65 2016 87 2042; x_wconf 83' lang='lat'>»</span> <span class='ocrx_word' id='word_1_251' title='bbox 122 2000 204 2043; x_wconf 91' lang='lat' dir='ltr'><strong>bus</strong></span> <span class='ocrx_word' id='word_1_252' title='bbox 224 1997 479 2043; x_wconf 86' lang='lat' dir='ltr'><strong>manifestus</strong></span> <span class='ocrx_word' id='word_1_253' title='bbox 509 2014 632 2044; x_wconf 87' lang='lat' dir='ltr'><strong>mons</strong></span> <span class='ocrx_word' id='word_1_254' title='bbox 660 1999 863 2044; x_wconf 76' lang='lat' dir='ltr'><strong>Domini4</strong></span> <span class='ocrx_word' id='word_1_255' title='bbox 889 2018 898 2043; x_wconf 76' lang='lat' dir='ltr'><strong><em>z</em></strong></span> <span class='ocrx_word' id='word_1_256' title='bbox 926 2017 947 2041; x_wconf 87' lang='lat'>»</span> <span class='ocrx_word' id='word_1_257' title='bbox 969 1999 1004 2044; x_wconf 92' lang='lat' dir='ltr'><strong>si</strong></span> <span class='ocrx_word' id='word_1_258' title='bbox 1026 1999 1122 2043; x_wconf 83' lang='lat' dir='ltr'><strong>haec</strong></span> <span class='ocrx_word' id='word_1_259' title='bbox 1153 1996 1375 2052; x_wconf 86' lang='lat' dir='ltr'><strong>attendas,</strong></span> <span class='ocrx_word' id='word_1_260' title='bbox 1413 1997 1448 2042; x_wconf 88' lang='lat' dir='ltr'><strong>si</strong></span> 
     </span>
     <span class='ocr_line' id='line_1_48' title="bbox 0 2066 1444 2129; baseline -0.003 -15"><span class='ocrx_word' id='word_1_261' title='bbox 0 2091 4 2101; x_wconf 68' lang='lat'>=</span> <span class='ocrx_word' id='word_1_262' title='bbox 62 2069 157 2114; x_wconf 80' lang='lat' dir='ltr'><strong>haec</strong></span> <span class='ocrx_word' id='word_1_263' title='bbox 185 2069 426 2128; x_wconf 77' lang='lat' dir='ltr'><strong>intelligas3</strong></span> <span class='ocrx_word' id='word_1_264' title='bbox 455 2078 500 2113; x_wconf 91' lang='lat' dir='ltr'><strong>et</strong></span> <span class='ocrx_word' id='word_1_265' title='bbox 527 2070 694 2114; x_wconf 84' lang='lat' dir='ltr'><strong>factum</strong></span> <span class='ocrx_word' id='word_1_266' title='bbox 724 2078 808 2125; x_wconf 85' lang='lat' dir='ltr'><strong>est,</strong></span> <span class='ocrx_word' id='word_1_267' title='bbox 844 2078 888 2113; x_wconf 90' lang='lat' dir='ltr'><strong>et</strong></span> <span class='ocrx_word' id='word_1_268' title='bbox 921 2084 999 2129; x_wconf 86' lang='lat' dir='ltr'><strong>per</strong></span> <span class='ocrx_word' id='word_1_269' title='bbox 1024 2069 1138 2128; x_wconf 91' lang='lat' dir='ltr'><strong>ipsos</strong></span> <span class='ocrx_word' id='word_1_270' title='bbox 1167 2066 1331 2112; x_wconf 85' lang='lat' dir='ltr'><strong>factum</strong></span> <span class='ocrx_word' id='word_1_271' title='bbox 1365 2068 1444 2110; x_wconf 78' lang='lat' dir='ltr'><strong>est.</strong></span> 
     </span>
     <span class='ocr_line' id='line_1_49' title="bbox 63 2137 1447 2198; baseline -0.001 -14"><span class='ocrx_word' id='word_1_272' title='bbox 63 2140 222 2195; x_wconf 80' lang='lat' dir='ltr'><strong>Arbor,</strong></span> <span class='ocrx_word' id='word_1_273' title='bbox 256 2154 358 2198; x_wconf 88' lang='lat' dir='ltr'><strong>gens</strong></span> <span class='ocrx_word' id='word_1_274' title='bbox 387 2139 567 2196; x_wconf 84' lang='lat' dir='ltr'><strong>Judaea,</strong></span> <span class='ocrx_word' id='word_1_275' title='bbox 604 2140 680 2185; x_wconf 88' lang='lat' dir='ltr'><strong>sed</strong></span> <span class='ocrx_word' id='word_1_276' title='bbox 718 2141 877 2185; x_wconf 88' lang='lat' dir='ltr'><strong>iterum</strong></span> <span class='ocrx_word' id='word_1_277' title='bbox 910 2138 1033 2194; x_wconf 87' lang='lat' dir='ltr'><strong>dico,</strong></span> <span class='ocrx_word' id='word_1_278' title='bbox 1070 2137 1321 2198; x_wconf 84' lang='lat' dir='ltr'><strong>reprobata,</strong></span> <span class='ocrx_word' id='word_1_279' title='bbox 1356 2152 1447 2182; x_wconf 89' lang='lat' dir='ltr'><strong>non</strong></span> 
     </span>
     <span class='ocr_line' id='line_1_50' title="bbox 87 2209 1446 2272; baseline -0.003 -17"><span class='ocrx_word' id='word_1_280' title='bbox 87 2220 214 2255; x_wconf 86' lang='lat' dir='ltr'><strong>ocata</strong></span> <span class='ocrx_word' id='word_1_281' title='bbox 240 2229 249 2255; x_wconf 74' lang='grc' dir='ltr'>ε</span> <span class='ocrx_word' id='word_1_282' title='bbox 275 2210 404 2255; x_wconf 88' lang='lat' dir='ltr'><strong>arbor</strong></span> <span class='ocrx_word' id='word_1_283' title='bbox 439 2210 512 2255; x_wconf 90' lang='lat' dir='ltr'><strong>illa</strong></span> <span class='ocrx_word' id='word_1_284' title='bbox 531 2245 542 2266; x_wconf 85' lang='lat'><strong>,</strong></span> <span class='ocrx_word' id='word_1_285' title='bbox 575 2227 708 2272; x_wconf 86' lang='lat' dir='ltr'><strong>quam</strong></span> <span class='ocrx_word' id='word_1_286' title='bbox 736 2209 1196 2264; x_wconf 84' lang='lat' dir='ltr'><strong>commemoravimus,</strong></span> <span class='ocrx_word' id='word_1_287' title='bbox 1232 2223 1335 2267; x_wconf 84' lang='lat' dir='ltr'><strong>gens</strong></span> <span class='ocrx_word' id='word_1_288' title='bbox 1364 2210 1446 2251; x_wconf 88' lang='lat' dir='ltr'><strong>Ju-</strong></span> 
     </span>
     <span class='ocr_line' id='line_1_51' title="bbox 94 2277 1443 2342; baseline -0.002 -18"><span class='ocrx_word' id='word_1_289' title='bbox 94 2295 172 2325; x_wconf 86' lang='lat' dir='ltr'><strong>aea.</strong></span> <span class='ocrx_word' id='word_1_290' title='bbox 192 2284 318 2326; x_wconf 90' lang='lat' dir='ltr'><strong>Mons</strong></span> <span class='ocrx_word' id='word_1_291' title='bbox 352 2281 462 2325; x_wconf 90' lang='lat' dir='ltr'><strong>sicut</strong></span> <span class='ocrx_word' id='word_1_292' title='bbox 493 2282 642 2326; x_wconf 86' lang='lat' dir='ltr'><strong>docuit</strong></span> <span class='ocrx_word' id='word_1_293' title='bbox 671 2282 976 2342; x_wconf 88' lang='lat' dir='ltr'><strong>propheticum</strong></span> <span class='ocrx_word' id='word_1_294' title='bbox 1006 2277 1327 2333; x_wconf 89' lang='lat' dir='ltr'><strong>testimonium,</strong></span> <span class='ocrx_word' id='word_1_295' title='bbox 1352 2277 1443 2336; x_wconf 90' lang='lat' dir='ltr'><strong>ipse</strong></span> 
     </span>
     <span class='ocr_line' id='line_1_52' title="bbox 103 2347 1438 2410; baseline -0.002 -15"><span class='ocrx_word' id='word_1_296' title='bbox 103 2352 289 2395; x_wconf 90' lang='lat' dir='ltr'><strong>ominus.</strong></span> <span class='ocrx_word' id='word_1_297' title='bbox 314 2352 446 2395; x_wconf 86' lang='lat' dir='ltr'><strong>Arida</strong></span> <span class='ocrx_word' id='word_1_298' title='bbox 467 2351 598 2396; x_wconf 89' lang='lat' dir='ltr'><strong>arbor</strong></span> <span class='ocrx_word' id='word_1_299' title='bbox 612 2385 623 2407; x_wconf 84' lang='lat'><strong>,</strong></span> <span class='ocrx_word' id='word_1_300' title='bbox 649 2365 751 2410; x_wconf 85' lang='lat' dir='ltr'><strong>gens</strong></span> <span class='ocrx_word' id='word_1_301' title='bbox 772 2354 797 2395; x_wconf 91' lang='lat' dir='ltr'><strong>J</strong></span> <span class='ocrx_word' id='word_1_302' title='bbox 802 2350 927 2395; x_wconf 88' lang='lat' dir='ltr'><strong>udaea</strong></span> <span class='ocrx_word' id='word_1_303' title='bbox 948 2350 1038 2394; x_wconf 89' lang='lat' dir='ltr'><strong>sine</strong></span> <span class='ocrx_word' id='word_1_304' title='bbox 1059 2350 1224 2394; x_wconf 85' lang='lat' dir='ltr'><strong>honore</strong></span> <span class='ocrx_word' id='word_1_305' title='bbox 1236 2347 1399 2393; x_wconf 83' lang='lat' dir='ltr'><strong>Christi</strong></span> <span class='ocrx_word' id='word_1_306' title='bbox 1429 2365 1438 2392; x_wconf 76' lang='grc' dir='ltr'>ε</span> 
     </span>
     <span class='ocr_line' id='line_1_53' title="bbox 110 2417 1441 2479; baseline -0.003 -13"><span class='ocrx_word' id='word_1_307' title='bbox 110 2436 182 2466; x_wconf 88' lang='lat' dir='ltr'><strong>are</strong></span> <span class='ocrx_word' id='word_1_308' title='bbox 198 2454 210 2477; x_wconf 87' lang='lat'><strong>,</strong></span> <span class='ocrx_word' id='word_1_309' title='bbox 234 2420 443 2466; x_wconf 84' lang='lat' dir='ltr'><strong>saeculum</strong></span> <span class='ocrx_word' id='word_1_310' title='bbox 462 2421 546 2465; x_wconf 90' lang='lat' dir='ltr'><strong>hoc</strong></span> <span class='ocrx_word' id='word_1_311' title='bbox 567 2421 770 2466; x_wconf 87' lang='lat' dir='ltr'><strong>omnibus</strong></span> <span class='ocrx_word' id='word_1_312' title='bbox 801 2420 1015 2479; x_wconf 87' lang='lat' dir='ltr'><strong>gentibus.</strong></span> <span class='ocrx_word' id='word_1_313' title='bbox 1055 2417 1166 2463; x_wconf 88' lang='lat' dir='ltr'><strong>Vide</strong></span> <span class='ocrx_word' id='word_1_314' title='bbox 1185 2419 1277 2478; x_wconf 79' lang='lat' dir='ltr'><strong>jam</strong></span> <span class='ocrx_word' id='word_1_315' title='bbox 1299 2420 1441 2477; x_wconf 86' lang='lat' dir='ltr'><strong>Apos-</strong></span> 
     </span>
    </p>
   </div>
   <div class='ocr_carea' id='block_1_4' title="bbox 4 2500 1436 2606">
    <p class='ocr_par' dir='ltr' id='par_1_5' title="bbox 4 2500 1436 2606">
     <span class='ocr_line' id='line_1_54' title="bbox 70 2500 1436 2548; baseline -0.004 -9"><span class='ocrx_word' id='word_1_316' title='bbox 70 2501 78 2516; x_wconf 75' lang='grc'><strong>·”</strong></span> <span class='ocrx_word' id='word_1_317' title='bbox 123 2511 135 2528; x_wconf 87' lang='lat'><em>¹</em></span> <span class='ocrx_word' id='word_1_318' title='bbox 153 2506 265 2546; x_wconf 58' lang='lat' dir='ltr'><strong>„Galah</strong></span> <span class='ocrx_word' id='word_1_319' title='bbox 284 2517 319 2548; x_wconf 85' lang='lat' dir='ltr'><strong>v,</strong></span> <span class='ocrx_word' id='word_1_320' title='bbox 356 2516 410 2539; x_wconf 90' lang='lat'><strong>12.</strong></span> <span class='ocrx_word' id='word_1_321' title='bbox 429 2522 470 2529; x_wconf 89' lang='lat'><em>-</em></span> <span class='ocrx_word' id='word_1_322' title='bbox 501 2511 515 2529; x_wconf 85' lang='lat'>²</span> <span class='ocrx_word' id='word_1_323' title='bbox 533 2505 655 2538; x_wconf 78' lang='lat' dir='ltr'><strong>Matth.</strong></span> <span class='ocrx_word' id='word_1_324' title='bbox 678 2516 745 2548; x_wconf 76' lang='lat' dir='ltr'><strong>xxi,</strong></span> <span class='ocrx_word' id='word_1_325' title='bbox 765 2515 821 2548; x_wconf 85' lang='lat'><strong>21,</strong></span> <span class='ocrx_word' id='word_1_326' title='bbox 851 2514 906 2538; x_wconf 83' lang='lat'><strong>22.</strong></span> <span class='ocrx_word' id='word_1_327' title='bbox 928 2521 967 2528; x_wconf 90' lang='lat'><strong>·-</strong></span> <span class='ocrx_word' id='word_1_328' title='bbox 991 2503 1004 2527; x_wconf 80' lang='lat'>3</span> <span class='ocrx_word' id='word_1_329' title='bbox 1019 2506 1110 2537; x_wconf 88' lang='lat' dir='ltr'><strong>Joan.</strong></span> <span class='ocrx_word' id='word_1_330' title='bbox 1129 2514 1186 2544; x_wconf 85' lang='lat' dir='ltr'><strong>xv,</strong></span> <span class='ocrx_word' id='word_1_331' title='bbox 1206 2502 1237 2536; x_wconf 91' lang='grc'><strong>5.</strong></span> <span class='ocrx_word' id='word_1_332' title='bbox 1264 2519 1305 2526; x_wconf 86' lang='lat'><em>-</em></span> <span class='ocrx_word' id='word_1_333' title='bbox 1330 2500 1346 2531; x_wconf 79' lang='grc'><strong>4</strong></span> <span class='ocrx_word' id='word_1_334' title='bbox 1363 2501 1436 2535; x_wconf 80' lang='lat' dir='ltr'><strong>lsai.</strong></span> 
     </span>
     <span class='ocr_line' id='line_1_55' title="bbox 4 2567 170 2606; baseline 0 -12"><span class='ocrx_word' id='word_1_335' title='bbox 4 2568 28 2606; x_wconf 58' lang='lat' dir='ltr'><strong>ij.</strong></span> <span class='ocrx_word' id='word_1_336' title='bbox 69 2569 108 2603; x_wconf 78' lang='lat' dir='ltr'><strong>u,</strong></span> <span class='ocrx_word' id='word_1_337' title='bbox 133 2567 170 2595; x_wconf 70' lang='lat'><strong>20⁴</strong></span> 
     </span>
    </p>
   </div>
   <div class='ocr_carea' id='block_1_5' title="bbox 1164 2609 1231 2650">
    <p class='ocr_par' dir='ltr' id='par_1_6' title="bbox 1164 2609 1231 2650">
     <span class='ocr_line' id='line_1_56' title="bbox 1164 2609 1231 2650; baseline -0.015 0"><span class='ocrx_word' id='word_1_338' title='bbox 1164 2609 1231 2650; x_wconf 84' lang='lat'><strong>30.</strong></span> 
     </span>
    </p>
   </div>
  </div>
 </body>
</html>
