1898 3178
348 181 431 220 236
769 187 802 215 s.
840 185 1067 215 AUGUSTlm
1100 188 1280 214 Eriscom

347 258 411 301 bis
430 293 440 311 ‚
466 256 652 300 inaniter
675 270 752 299 1103
770 254 1038 298 arbitrantur
1054 253 1250 297 laborare
1271 254 1314 296 111
1337 252 1475 297 vobis.
1490 255 1732 311 Expectant

347 327 514 388 aliquid
538 336 580 370 et
602 342 625 370 a
649 325 790 369 nobis.
818 327 978 368 Damus
1001 333 1216 384 quantum
1245 323 1478 378 habemus,
1499 321 1652 367 damus
1673 324 1732 366 si-

345 407 420 442 cut
448 411 705 456 possumus:
744 394 959 454 numquid
979 403 1126 437 tamen
1161 393 1215 437 ad
1248 409 1397 438 eorum
1436 394 1732 437 necessitatem

343 469 611 529 implendam
630 467 777 511 idonei
796 468 976 510 sumus?
995 466 1101 519 Quia
1123 481 1226 525 ergo
1249 465 1305 509 ad
1327 481 1478 509 eorum
1501 465 1733 509 necessita-

348 551 433 585 tem
455 538 724 599 implendam
747 538 893 582 idonei
915 553 1003 583 non
1022 552 1186 592 sumus,
1208 537 1277 580 vel
1299 537 1355 580 ad
1375 552 1452 582 vos
1470 536 1601 595 legati
1623 537 1734 595 ipso-

345 627 444 656 rum
465 625 628 655 sumus.
663 609 851 654 Audistis
869 645 879 664 ‚
905 609 1112 654 laudastis
1137 630 1145 654 :
1176 612 1266 653 Deo
1284 608 1456 667 gratias.
1486 609 1642 652 Semen
1660 623 1733 652 ac-

343 680 528 741 cepistis,
547 680 682 726 verba
707 678 967 724 reddidistis.
985 679 1154 723 Laudes
1174 680 1265 723 istae
1282 686 1436 722 vestrae
1455 686 1634 736 gravant
1655 693 1734 722 nos

345 754 487 813 potius
505 788 515 808 ,
542 762 584 797 et
609 753 654 796 in
680 751 925 811 periculum
950 752 1133 796 mittunt
1153 770 1162 797 :
1187 750 1423 795 toleramus
1445 748 1538 794 illas
1554 784 1565 805 ‚
1589 758 1632 793 et
1654 758 1734 793 tre-

343 824 501 868 mimus
518 823 632 867 inter
658 821 767 866 illas.
796 825 975 878 Tamen,
1001 821 1154 866 fratres
1176 821 1278 876 mei,
1302 820 1396 866 istae
1416 819 1568 865 laudes
1585 828 1734 865 vestrae

345 895 449 940 folia
472 904 574 939 sunt
591 893 800 940 arborum
819 911 831 939 :
852 893 1021 938 fructus
1043 892 1269 954 quaeritur.

345 1053 378 1068 Μ
386 1048 1447 1068 ΜΜΝΣἉἬΜΜΜΜΜΜΜΜἏΜἊΜΜ
1451 1046 1732 1064 WWWWMMMM

827 1169 1055 1215 SERMO
1101 1168 1230 1213 LXII
1245 1168 1273 1211 ¹.

350 1312 410 1353 De
428 1308 570 1353 verbis
588 1307 811 1365 Evangelii
829 1308 986 1351 Matth.
1006 1324 1107 1350 vm:
1123 1304 1241 1351 Non
1263 1320 1368 1348 sum
1391 1302 1563 1365 (lignus
1577 1312 1625 1347 ut
1650 1301 1736 1346 sub

407 1388 580 1423 lectum
604 1393 761 1421 meum
785 1377 946 1431 intres,
971 1385 1054 1420 etc.
1087 1378 1175 1421 Nec
1199 1390 1287 1419 non
1306 1374 1360 1418 de
1384 1374 1526 1417 verbis
1541 1373 1737 1433 Apostoli

408 1470 421 1493 1
447 1452 547 1494 Cor.
586 1468 666 1492 v111
693 1468 701 1493 ε
728 1448 788 1493 Sz'
821 1448 946 1491 enim
980 1447 1084 1504 quis
1114 1443 1288 1489 viderit
1331 1459 1437 1488 enm
1476 1444 1559 1501 qui
1594 1441 1740 1487 habet

408 1520 658 1565 scientiam
677 1554 688 1574 ‚
716 1519 763 1562 in
787 1516 932 1561 idolio
950 1515 1302 1561 recumbentem
1313 1550 1329 1571 ,
1353 1524 1436 1558 etc.

409 1670 443 1710 I.
470 1670 721 1711 Aomvnvms
738 1701 748 1721 ‚
780 1680 881 1710 cum
903 1664 1190 1723 Evangelium
1212 1663 1430 1722 legeretur
1445 1697 1456 1717 ‚
1481 1660 1614 1705 fidem
1636 1676 1739 1705 nos-

352 1746 459 1781 tram
481 1737 527 1779 in
548 1736 796 1780 humilitate
816 1735 1001 1779 laudari.
1028 1735 1097 1779 Ad
1118 1735 1297 1778 domum
1317 1733 1480 1792 quippe
1502 1732 1738 1777 Centurio-

349 1808 412 1850 nis
430 1822 530 1850 cum
548 1822 592 1850 30
614 1805 889 1865 promitteret
907 1805 1118 1850 Dominus
1134 1807 1258 1848 Jesus
1276 1804 1456 1856 iturum,
1482 1812 1532 1845 ut
1553 1817 1737 1860 puerum

349 1880 439 1936 ejus
475 1886 672 1931 sanaret,
698 1876 770 1919 ille
808 1874 1031 1934 respondit
1054 1894 1062 1918 2
1092 1893 1111 1915 «
1138 1876 1236 1918 Non
1263 1887 1359 1916 sum
1382 1871 1540 1929 dignus
1579 1880 1629 1914 ut
1657 1872 1737 1914 sub

352 1966 371 1989 »
407 1957 573 1991 tectum
596 1961 742 1990 meum
760 1947 892 1990 intres
914 1962 922 1986 z
941 1944 1018 1988 sed
1040 1953 1210 1988 tantum
1230 1943 1298 1986 dic
1314 1942 1498 1987 verbum
1515 1976 1525 1996 ‚
1551 1951 1593 1985 et
1613 1957 1734 1985 sana-

352 2036 371 2059 »
407 2018 524 2062 bitur
538 2021 570 2061 2.
600 2035 620 2058 »
646 2014 842 2060 Dicendo
856 2030 899 2060 se
921 2014 1176 2073 indignum,
1196 2012 1396 2072 praestitit
1419 2012 1620 2070 dignum,
1646 2027 1736 2056 non

352 2090 393 2132 in
415 2090 539 2148 cujus
559 2088 743 2147 parietes
761 2122 771 2141 ‚
798 2086 873 2130 sed
894 2087 938 2129 in
960 2087 1082 2145 cujus
1105 2100 1179 2129 cor
1200 2084 1396 2128 Christus
1418 2084 1617 2127 intraret.
1648 2085 1736 2128 Ne-

349 2175 434 2219 que
455 2160 540 2203 hoc
562 2158 725 2202 diceret
747 2172 848 2201 cum
876 2165 995 2200 tanta
1018 2154 1104 2199 fide
1122 2164 1165 2198 et
1182 2153 1430 2197 humilitate
1448 2189 1459 2209 ,
1480 2153 1562 2196 nisi
1579 2152 1705 2196 illum
1722 2187 1734 2208 ‚

351 2244 482 2288 quem
514 2228 697 2272 timebat
725 2228 886 2271 intrare
916 2226 962 2269 in
986 2226 1166 2269 domum
1189 2239 1313 2268 suam
1331 2258 1342 2279 ,
1373 2222 1504 2268 corde
1535 2231 1733 2282 gestaret.

351 2302 461 2344 Nam
483 2315 573 2343 non
597 2308 689 2342 erat
722 2312 877 2356 magna
895 2295 1099 2351 felicitas,
1124 2296 1156 2338 si
1180 2295 1391 2339 Dominus
1408 2296 1532 2338 Jesus
1558 2294 1739 2337 intraret

351 2369 396 2412 in
430 2370 612 2426 parietes
649 2369 761 2428 ejus,
785 2376 829 2411 et
863 2382 953 2411 non
986 2375 1094 2409 esset
1120 2366 1165 2408 in
1186 2374 1360 2424 pectore
1391 2366 1498 2424 ejus.
1533 2363 1739 2422 Magister

353 2439 516 2498 quippe
538 2439 795 2483 humilitatis
817 2448 860 2483 et
888 2437 1022 2482 verbo
1053 2445 1097 2480 et
1122 2435 1321 2496 exemplo
1340 2471 1350 2485 ,
1377 2435 1596 2479 discubuit
1629 2444 1671 2478 et
1694 2434 1735 2477 111

400 2540 407 2556 ¹
430 2532 514 2565 Alias
529 2534 550 2564 6
577 2534 618 2564 de
633 2534 739 2564 verbis
757 2533 892 2565 Domini.
916 2549 954 2557 -
976 2539 988 2554 ²
1008 2531 1118 2564 Matth,
1135 2541 1200 2571 17111,
1221 2530 1251 2561 8.
