1898 3178
58 365 78 388 »
115 347 298 393 formam
321 348 430 392 servi
453 348 664 406 accipiens
681 349 712 390 1.
746 349 858 392 Cum
887 351 1053 393 venerit
1074 349 1302 408 plenitudo
1323 359 1433 394 tein-

55 435 78 459 »
112 420 227 477 poris
243 453 254 474 ‚
279 419 395 462 misit
422 421 537 462 Deus
560 417 720 461 Filium
743 433 872 463 suum
889 419 1056 463 factum
1079 436 1130 465 ex
1154 420 1362 465 muliere²
1379 457 1389 477 ,
1416 442 1434 463 ),

53 488 130 548 qui
152 488 292 532 factus
314 496 378 532 est
397 488 436 532 ei
453 503 503 532 ex
524 487 686 532 semine
703 488 843 533 David
861 490 1102 534 secundum
1124 507 1297 536 carnem
1311 494 1326 518 3
1346 511 1356 537 :
1381 494 1439 536 vi-

4 595 5 600 ,
53 557 206 602 demus
233 573 335 617 ergo
364 559 639 604 nativitatem
667 558 767 602 Filii
801 574 825 603 a
855 562 981 604 Patre
1008 560 1167 605 factam
1192 583 1202 619 3
1238 563 1314 607 sed
1339 565 1442 624 quia

4 651 5 654 =
54 628 143 688 ipse
178 628 313 674 Filius
350 629 629 690 semetipsum
667 630 932 686 exinanivit,
962 629 1150 676 formam
1188 635 1299 679 servi
1333 636 1444 679 acci-

53 699 200 759 piens,
230 699 429 744 videmus
451 701 720 745 nativitatem
744 700 844 745 Filii
866 710 910 745 et
929 702 984 746 ab
1011 702 1103 761 ipso
1132 704 1244 749 Filio
1267 705 1440 750 factam.

55 770 296 815 Probatum
318 780 382 815 est
402 771 515 829 hoc3
544 780 813 816 transeamus
835 772 940 818 hinc
968 792 977 818 :
1003 774 1162 819 intenti
1195 775 1315 821 aliud
1336 779 1449 822 acci-

9 864 11 868 *
58 840 148 899 pite
164 875 175 895 ‚
199 840 321 901 quod
342 856 394 885 ex
416 840 569 886 ordine
592 842 804 902 sequitur.

110 911 213 955 XII.
240 911 479 956 Probemus
501 920 545 955 et
563 913 807 971 passionem
837 912 962 968 Filii,
990 922 1033 958 et
1063 931 1086 959 a
1109 918 1236 961 Patre
1258 917 1414 962 factam
1436 953 1446 972 ,

53 988 97 1025 et
114 996 138 1024 a
160 980 272 1025 Filio
292 980 467 1026 factam.
489 982 638 1028 Faciat
654 986 781 1027 Pater
796 984 1037 1042 passionem
1061 984 1159 1029 Filii
1180 1005 1188 1030 :
1208 1005 1227 1028 «
1244 988 1327 1040 Qui
1348 1004 1451 1047 prm

55 1068 78 1094 »
110 1052 207 1111 prio
225 1052 339 1097 Filio
362 1068 450 1097 non
474 1053 685 1112 pepercit,
703 1053 779 1097 sed
801 1069 880 1113 pro
902 1054 1028 1099 nobis
1044 1056 1246 1101 omnibus
1270 1059 1447 1102 tradidit

53 1141 76 1166 »
110 1123 280 1167 illum&
311 1142 332 1165 »
360 1124 508 1168 Faciat
534 1133 576 1168 et
614 1124 748 1168 Filius
771 1126 1013 1183 passionem
1038 1142 1160 1170 suam
1187 1147 1197 1172 ε
1226 1147 1245 1169 «
1277 1130 1360 1181 Qui
1382 1145 1450 1173 mc

17 1217 20 1238 ι
52 1211 74 1236 ))
109 1193 274 1248 dilexit,
298 1203 342 1238 et
368 1193 548 1239 tradidit
564 1195 847 1254 semetipsum
869 1211 948 1254 pro
969 1211 1040 1240 me
1058 1198 1126 1240 ⁵.»
1150 1198 1347 1242 Tradidit
1368 1203 1447 1244 Pa-

18 1285 27 1295 ·
53 1273 118 1310 ter
138 1262 298 1307 Filium
316 1298 327 1319 ,
353 1263 533 1308 tradidit
550 1263 686 1308 Filius
706 1280 749 1307 se
768 1265 928 1323 ipsum.
956 1267 1100 1311 Passio
1116 1269 1212 1313 haec
1234 1268 1311 1312 uni
1334 1269 1449 1314 sacta

20 1376 24 1380 .
53 1344 144 1393 est3
169 1335 244 1379 sed
271 1335 326 1378 ab
348 1344 537 1395 utroque
555 1333 671 1379 facta
690 1344 767 1379 est.
802 1335 923 1380 Sicut
949 1352 1051 1396 ergo
1074 1340 1368 1395 nativitatem,
1393 1343 1451 1386 ita

22 1428 29 1463 e,
52 1409 291 1468 passionem
323 1406 484 1452 Christi
519 1421 599 1450 nec
628 1409 756 1451 Pater
787 1406 879 1451 sine
908 1407 1021 1452 Filio
1046 1408 1175 1465 fecit,
1203 1426 1283 1455 nec
1315 1412 1450 1457 Filius

53 1478 144 1524 sine
178 1481 319 1522 Patre.
349 1475 546 1520 Tradidit
576 1479 703 1520 Pater
725 1476 887 1520 Filium
904 1511 915 1532 ,
943 1478 1124 1524 tradidit
1153 1480 1288 1525 Filius
1322 1498 1366 1526 se
1389 1484 1449 1541 ip-

2 1568 30 1595 .:,
53 1563 164 1594 sum.
191 1546 306 1601 Quid
331 1547 402 1590 hic
419 1545 522 1591 fecit
542 1546 693 1600 Judas,
714 1546 794 1590 nisi
811 1552 1071 1606 peccatum?
1091 1553 1377 1596 Transeamus
1405 1562 1449 1596 et

0 1636 31 1675 n'
53 1619 178 1673 hinc,
202 1618 426 1663 veniamus
454 1616 508 1660 ad
531 1616 908 1661 resurrectionem.

0 1694 34 1742 ’,ἱ
109 1691 235 1733 XIII.
271 1687 505 1731 Videamus
530 1685 693 1729 Filium
715 1685 923 1744 quidem,
949 1700 1039 1730 non
1072 1690 1271 1744 Patrem,
1298 1706 1443 1735 resur-

0 1743 37 1818 [μ
52 1769 227 1820 gentem
244 1794 255 1814 ,
279 1757 355 1803 sed
377 1756 738 1802 resurrectionem
763 1756 864 1799 Filii
882 1765 924 1800 et
946 1760 1117 1801 Patrem
1137 1768 1180 1802 et
1203 1761 1365 1806 Filium
1385 1763 1446 1807 fa-

2 1830 38 1889 ss!
77 1830 254 1874 ientem.
277 1830 493 1887 Operetur
515 1830 642 1871 Pater
673 1827 1034 1871 resurrectionem
1062 1828 1176 1873 Filii.
1209 1849 1228 1872 ‹<
1263 1835 1445 1892 Propter

0 1893 37 1960 ῃζι
66 1919 78 1943 ›
109 1902 194 1946 hoc
213 1899 329 1945 enim
351 1898 553 1943 exaltavit
570 1913 672 1942 eum
688 1932 699 1952 ,
724 1906 768 1941 et
800 1897 980 1942 donavit
1002 1899 1040 1941 ei
1057 1915 1219 1944 nomen
1242 1904 1363 1961 quod
1380 1916 1445 1951 est

33 1988 41 2012 ι
67 1988 78 2012 ›
110 1986 239 2030 super
260 1984 390 2015 omne
407 1969 609 2013 nomenss.
634 1985 655 2008 »
681 1966 968 2011 Resuscitavit
987 1982 1090 2026 ergo
1114 1972 1241 2013 Pater
1263 1972 1438 2031 Filium,

0 2043 42 2102 ml
78 2040 283 2085 xaltando
311 2054 413 2083 eum
434 2047 478 2083 et
502 2035 732 2082 excitando
759 2051 859 2080 eum
883 2052 907 2080 a
929 2037 1125 2081 mortuiS.
1151 2040 1377 2100 Numquid
1399 2055 1442 2090 et

6 2128 49 2171 de*
91 2111 188 2155 ilius
221 2110 490 2156 resuscitavit
525 2109 847 2167 semetipsum?
879 2108 1167 2153 Resuscitavit
1202 2110 1346 2169 plane.
1392 2119 1441 2161 In

4 2197 48 2241 μέμ
86 2195 192 2239 gura
225 2181 290 2223 sui
313 2179 504 2239 corporis
536 2178 592 2222 de
629 2177 795 2237 templo
824 2176 963 2222 dixit:
995 2196 1013 2218 «
1041 2177 1203 2223 Solvite
1226 2183 1437 2240 templum

0 2275 50 2311 W».
111 2250 196 2294 hoc
211 2283 223 2304 ,
248 2257 291 2292 et
313 2249 358 2291 in
381 2247 529 2291 triduo
562 2248 830 2292 resuscitabo
862 2246 1013 2291 illud⁷.
1037 2265 1057 2289 »
1085 2251 1308 2295 Postremo
1330 2254 1440 2301 sicut

0 2311 51 2386 w
81 2321 111 2379 d
130 2319 370 2380 passionem
392 2317 581 2377 pertinet
600 2317 788 2360 animam
807 2332 984 2375 ponere,
1010 2318 1068 2362 sic
1092 2317 1147 2362 ad
1167 2326 1439 2370 resurrectio-

44 2408 51 2415 ·
88 2406 155 2435 em
179 2390 367 2434 animam
391 2388 548 2431 iterum
571 2401 739 2429 sumere
761 2405 769 2430 z
800 2385 1023 2431 videamus
1045 2387 1078 2430 si
1109 2387 1244 2432 Filius
1262 2392 1439 2450 quidem

0 2412 34 2457 :bi—
44 2428 47 2434 ·

0 2481 55 2530 mi
83 2462 244 2506 nimam
266 2474 386 2504 suam
407 2456 552 2517 posuit
568 2490 579 2511 ,
604 2465 648 2500 et
668 2457 705 2499 ei
723 2456 910 2500 animam
930 2471 1052 2500 suam
1072 2459 1197 2500 Pater
1218 2460 1435 2522 reddidit,

3 229 9 324 l
332 284 469 310 sssnMo
500 283 586 319 Lu,
623 283 675 308 DE
710 284 853 310 VERBIS
885 282 1048 311 ,νιΑἰῑιἩι
1086 286 1151 311 111.
1348 275 1428 313 147»

107 2567 117 2583 ¹
132 2557 243 2599 Philip.
264 2567 300 2594 11,
317 2555 353 2595 6,
374 2565 405 2596 7.
427 2571 467 2577 —
489 2560 501 2575 ²
521 2552 623 2586 Galat.
645 2563 692 2593 iv,
715 2551 749 2594 4.
769 2568 810 2574 --
829 2551 843 2574 ³
862 2555 952 2584 Rom.
976 2565 999 2594 1,
1021 2553 1051 2584 3.
1069 2569 1109 2575 -—
1129 2551 1144 2582 4
1160 2554 1208 2586 Id.
1228 2566 1300 2599 vm,
1322 2558 1374 2592 32.
1395 2579 1437 2586 -ψ

91 2612 194 2646 Galat.
208 2623 245 2651 ιι,
263 2620 317 2643 20.
338 2627 379 2632 -
393 2607 409 2632 6
428 2608 541 2650 Philip.
558 2619 592 2649 ιι,
606 2618 639 2649 9.
657 2624 698 2629 —
718 2614 730 2640 7
749 2609 840 2639 Joan.
864 2619 900 2648 11,
924 2618 972 2649 19.

240 2674 376 2706 cxxv.
1176 2664 1226 2703 10

0 2600 23 2619 [v.
