1898 3178
1833 0 1838 101 ι

1834 105 1839 282 ἒ

413 324 508 353 mus
525 307 755 353 horrenda.
777 305 874 351 Noli
898 306 1056 350 mirari.
1085 309 1332 366 Antequam
1362 306 1515 366 aliquis
1537 316 1760 351 curaretur
1775 342 1786 361 ,
1838 320 1840 326 ’

412 380 576 425 munda
606 395 629 423 a
651 378 859 436 sanguine
879 378 1006 423 statio
1044 377 1199 422 medici
1231 377 1464 422 videbatur
1489 395 1497 420 :
1524 378 1612 422 imo
1629 379 1718 438 jam
1739 387 1788 422 tu

410 452 494 495 hoc
514 449 665 495 videns
683 457 836 492 excute
855 463 985 492 vanas
1005 447 1193 503 delicias,
1217 448 1317 492 veni
1340 447 1395 491 ad
1417 447 1652 503 medicum,
1676 448 1791 492 sani·
1881 450 1898 487 0¹

412 521 508 565 tatis
530 528 701 578 tempus
724 527 788 563 est
808 533 897 563 non
919 517 1170 578 voluptatis.
1881 516 1895 558 ri

467 593 587 635 XIV.
613 592 827 635 Curemur
846 605 971 649 ergo,
1000 588 1169 634 fratres.
1199 588 1241 633 Si
1265 587 1453 632 necdum
1473 588 1692 633 medicum
1712 604 1791 648 ag·
1881 588 1897 631 s}

409 661 641 715 noscimus,
657 676 745 704 non
763 661 808 703 in
831 675 931 704 eum
952 669 1160 720 tanquam
1184 659 1426 718 phrenetici
1443 659 1685 714 saeviamus,
1701 674 1791 704 non
1882 668 1898 702 lt

408 732 461 776 ab
485 747 535 775 eo
557 740 767 791 tanquam
789 729 1013 790 lethargici
1035 738 1295 774 avertamur.
1322 728 1451 773 Multi
1473 729 1588 774 enim
1612 730 1790 775 saevien-
1882 729 1898 773 d}

406 801 485 857 do,
507 800 636 845 multi
653 799 910 846 dormiendo
932 801 1169 860 perierunt.
1191 799 1434 844 Phrenetici
1457 809 1575 855 sunt,
1601 801 1677 860 qui
1699 815 1790 844 non
1882 802 1898 844 tl

404 870 662 916 dormiendo
680 871 917 915 insaniunt.
946 869 1193 929 Lethargici
1215 878 1340 925 sunt,
1365 870 1441 930 qui
1463 869 1655 914 multum
1685 869 1791 915 dor·
1883 871 1898 914 di

403 942 580 986 miendo
603 951 877 1001 premuntur.
912 945 1091 986 Prorsus
1126 940 1232 986 tales
1261 949 1363 985 sunt
1387 941 1602 985 homines.
1628 943 1792 986 Contra
1840 942 1842 950 '
1882 942 1898 986 d(

404 1012 534 1056 istum
556 1012 771 1056 medicum
797 1011 868 1056 alii
885 1012 1033 1057 saevire
1054 1012 1100 1055 in
1119 1027 1220 1056 eum
1238 1013 1408 1067 volunt,
1424 1020 1467 1056 et
1479 1011 1687 1072 quoniam
1702 1013 1793 1071 ipse
1882 1029 1898 1072 p!

399 1084 489 1142 jam
512 1082 557 1125 in
581 1081 696 1127 coelo
733 1081 875 1138 sedet,
905 1083 1101 1127 membra
1135 1084 1226 1143 ejus
1261 1082 1410 1126 fideles
1431 1083 1476 1126 in
1499 1092 1612 1127 terra
1645 1098 1792 1142 perse·
1883 1124 1887 1127 .

405 1160 616 1211 quuntur.
643 1152 780 1195 Curat
799 1161 841 1195 et
858 1152 979 1196 tales.
1006 1153 1134 1197 Multi
1159 1168 1210 1196 ex
1233 1153 1291 1196 eis
1319 1153 1515 1197 conversi
1539 1168 1589 1197 ex
1609 1153 1792 1198 inimicis
1882 1155 1898 1198 al

407 1221 508 1266 faeti
530 1230 632 1265 sunt
655 1223 807 1277 amici,
833 1237 884 1265 ex
911 1223 1261 1281 persecutoribus
1286 1222 1390 1267 facti
1409 1233 1512 1268 sunt
1532 1223 1792 1281 praedicato-
1882 1228 1898 1278 4]

407 1307 486 1336 res.
513 1289 634 1335 Tales
657 1291 788 1336 etiam
810 1291 924 1351 ipsos
947 1291 1144 1347 Judaeos,
1175 1292 1220 1335 in
1243 1307 1286 1335 se
1314 1293 1477 1350 ipsum,
1504 1307 1603 1336 cum
1626 1293 1697 1337 hic
1729 1307 1794 1336 es·
1882 1297 1895 1339 d

407 1371 469 1406 set
485 1397 495 1415 ‚
513 1362 759 1415 saevientes,
784 1370 993 1421 tanquam
1018 1362 1291 1421 phreneticos
1311 1362 1476 1406 sanavit
1494 1397 1504 1417 ,
1529 1377 1609 1421 pro
1630 1363 1790 1422 quibus
1842 1388 1846 1431 Ι

406 1432 448 1475 in
464 1430 583 1489 ligno
603 1430 796 1489 pendens
821 1432 973 1475 oravit.
996 1432 1109 1475 Dixit
1125 1431 1265 1475 enim:
1288 1450 1307 1472 «
1329 1435 1477 1485 Pater,
1495 1431 1670 1489 ignosce
1690 1431 1789 1488 illis,
1842 1433 1846 1514 ι

408 1519 428 1541 »
464 1501 563 1559 quia
580 1500 778 1544 nesciunt
800 1500 906 1559 quid
922 1501 1090 1545 faciunt
1104 1503 1135 1543 ¹.
1158 1519 1178 1541 n
1205 1500 1334 1544 Multi
1356 1510 1502 1545 tamen
1523 1516 1673 1546 eorum
1690 1537 1701 1558 ,
1726 1518 1793 1547 se·
1843 1515 1847 1576 1
1882 1511 1897 1553 ej

1843 1578 1847 1606 ι

1844 1684 1847 1720 Ι

415 231 498 270 440
861 239 893 267 s.
931 238 1158 268 Avensa-[Ni
1191 241 1370 267 Errscorr

405 1571 506 1615 dato
539 1569 685 1613 furore
700 1604 711 1623 ,
749 1579 957 1629 tanquam
985 1571 1186 1628 phrenesi
1220 1585 1421 1630 oppressa
1437 1606 1448 1626 ‚
1492 1582 1793 1630 cognoverunt

405 1644 569 1694 Deum,
608 1649 908 1698 cognoverunt
937 1640 1176 1684 Christum.
1212 1643 1314 1685 Post
1348 1642 1643 1687 ascensionem
1663 1643 1792 1688 misso

407 1711 569 1771 Spiritu
591 1720 760 1766 sancto,
784 1710 980 1755 conversi
1002 1720 1104 1755 sunt
1121 1710 1177 1755 ad
1193 1726 1295 1755 eum
1319 1728 1449 1772 quem
1463 1713 1788 1769 crucifixerunt,

405 1790 447 1825 et
458 1782 504 1825 in
521 1783 795 1825 Sacramento
808 1782 1033 1826 credentes
1048 1782 1303 1839 sanguinem
1318 1783 1409 1842 ejus
1426 1783 1649 1839 biberunt,
1660 1799 1791 1844 quem
1856 1802 1859 1830 3

405 1849 622 1895 saeviendo
644 1849 871 1895 fuderunt.
1845 1834 1860 1922 ll

463 1922 560 1964 XV.
592 1920 813 1964 Habemus
834 1920 1044 1980 exempla.
1066 1924 1355 1980 Persequatur
1376 1922 1571 1966 membra
1588 1923 1678 1983 ejus
1700 1924 1790 1984 jam
1857 1917 1860 1962 l

408 1990 594 2034 sedentis
615 1990 660 2033 in
682 1990 794 2034 coelo
822 1989 1000 2035 Saulus:
1020 1991 1362 2050 persequebatur
1381 1992 1568 2050 graviter
1589 1993 1635 2037 in
1656 1994 1790 2053 phre-

409 2061 520 2113 nesi,
555 2069 700 2103 mente
736 2061 919 2118 perdita.
955 2059 1112 2104 Morbo
1134 2061 1283 2104 nimio.
1315 2064 1371 2105 At
1398 2061 1470 2105 ille
1491 2078 1578 2107 una
1607 2079 1714 2108 voce
1734 2063 1790 2108 de

408 2129 521 2175 coelo
543 2129 732 2175 clamans
755 2130 820 2173 ei:
849 2129 1026 2184 «Saule,
1054 2129 1196 2185 Saule,
1221 2130 1327 2190 quid
1343 2146 1413 2175 me
1427 2133 1747 2192 persequeris2?
1765 2152 1784 2175 »
1816 2137 1820 2142 '
1846 2149 1849 2168 ι

407 2201 616 2261 percussit
637 2201 966 2259 phreneticum,
991 2201 1124 2244 erexit
1146 2216 1299 2245 sanum
1317 2236 1328 2257 ‚
1355 2202 1510 2247 occidit
1533 2213 1786 2262 persecuto·
1847 2206 1849 2242 ἶ

407 2287 496 2315 rem
512 2307 522 2327 ,
543 2271 774 2316 vivificavit
794 2271 1137 2330 praedicatorem.
1160 2272 1302 2316 Etiam
1327 2271 1548 2330 lethargici
1570 2274 1697 2318 multi
1718 2291 1786 2319 sa·
1846 2259 1850 2317 l

407 2350 579 2385 uantur.
607 2342 712 2400 Ipsis
730 2342 845 2384 enim
863 2340 1019 2385 similes
1036 2350 1153 2395 sunt,
1174 2342 1250 2402 qui
1272 2358 1359 2386 non
1381 2343 1566 2387 saeviunt
1585 2345 1630 2387 in
1644 2345 1787 2388 Chris·
1848 2345 1850 2370 ²
1882 2355 1898 2383 ss<

407 2420 496 2453 tum
512 2446 522 2465 ,
543 2426 623 2455 nec
640 2411 838 2455 malitiosi
856 2420 956 2456 sunt
974 2411 1177 2455 adversus
1200 2412 1491 2469 Christianos,
1517 2412 1592 2457 sed
1616 2423 1784 2458 tantum
1847 2420 1850 2432 ³
1883 2408 1898 2453 Ιῑ]

405 2479 650 2524 differendo
671 2480 957 2537 languescunt
977 2481 1119 2524 verbis
1136 2481 1416 2526 somnolentis
1434 2518 1444 2533 ,
1462 2483 1507 2526 in
1525 2482 1667 2527 lucem
1684 2499 1783 2529 ocu·
1850 2502 1851 2505 ¹
1883 2488 1898 2522 '1ss

455 2568 463 2583 ¹
487 2565 563 2591 Lusa
587 2573 678 2601 utu,
705 2564 741 2603 34
782 2581 822 2585 —
843 2571 855 2585 2
873 2567 943 2595 Aet.
966 2575 1011 2601 ις,
1029 2564 1060 2604 4.
