1898 3178
389 183 527 211 sunno
559 181 708 219 van,
743 182 797 208 DE
829 180 978 209 ovnms
1009 182 1054 208 ῙΝ
1085 181 1233 209 zzEcn.
1446 172 1500 209 53

122 248 380 309 respondere
401 248 554 303 nobis,
580 256 624 291 et
643 246 811 301 dicere,
839 247 1070 307 Apostolus
1090 246 1198 291 dixit
1219 266 1228 293 ε
1257 266 1278 290 «
1305 248 1348 294 Si
1364 248 1500 293 homi-

125 337 145 361 »
181 319 307 363 nibus
328 318 499 378 placere
521 316 678 362 vellem
696 352 707 372 ,
732 317 892 362 Christi
915 332 1060 362 servus
1081 332 1171 362 non
1191 320 1369 362 essem¹.
1400 337 1419 360 »
1444 321 1502 363 Et

120 391 192 434 hic
213 403 369 449 aquam
391 389 558 444 turbas,
583 404 741 448 pascua
764 388 1007 433 conculcas.
1034 389 1223 434 Attende
1244 388 1420 445 melius,
1445 405 1501 434 ne

121 469 164 505 et
189 460 262 505 tibi
285 474 442 520 aquam
462 459 613 503 turbes
631 494 641 514 ,
667 459 786 520 quod
809 460 868 503 ait
895 459 1127 518 Apostolus
1153 479 1162 505 ε
1188 479 1208 502 «
1245 460 1286 505 Si
1309 461 1499 504 homini-

124 549 142 572 »
177 530 258 574 bus
275 530 446 590 placere
467 529 640 584 vellem,
661 529 822 575 Christi
845 544 991 573 servus
1010 544 1098 573 non
1121 545 1270 575 essem.
1285 547 1306 572 »
1328 531 1502 590 Optime

118 601 281 659 accipio
295 635 306 655 ‚
346 600 624 660 apostolicam
659 599 918 644 sententiam
958 599 1144 644 libenter
1179 615 1378 658 agnosco.
1415 600 1501 646 Sed

119 670 237 715 aliud
257 672 302 715 in
322 671 530 730 Apostolo
554 686 642 715 non
659 670 828 730 legisti?
849 690 868 712 «
889 670 1061 715 Placete
1088 671 1292 716 omnibus
1313 686 1390 731 per
1411 686 1502 717 om-

122 759 142 782 »
177 742 268 796 nia,
293 742 403 785 sicut
423 750 468 786 et
490 756 568 799 ego
589 741 790 785 omnibus
814 756 891 801 per
909 741 1054 786 omnia
1070 740 1242 800 placeo,
1264 757 1352 786 non
1375 757 1500 802 quae-

121 828 140 851 »
176 825 272 854 rens
305 810 426 871 quod
455 811 563 855 mihi
594 810 799 870 prodest,
836 810 910 855 sed
946 812 1068 871 quod
1105 810 1276 865 multiS‚
1317 821 1365 855 ut
1395 811 1500 855 salvi

120 899 141 922 »
176 881 354 924 fiant2.»
371 884 536 926 Rursus
556 881 760 925 eumdem
783 880 1040 940 Apostolum
1059 896 1148 925 non
1166 881 1352 925 audisti?
1367 899 1386 922 «
1401 881 1500 925 Sine

120 969 140 991 »
176 950 414 994 offensione
436 960 571 995 estote
588 954 612 995 J
617 951 750 994 udaeis
772 960 816 994 et
837 951 995 995 Graecis
1010 986 1020 1005 ‚
1047 960 1089 994 et
1106 951 1310 995 Ecclesiae
1329 950 1404 996 Dei
1420 952 1450 992 3.
1477 969 1496 991 »

118 1021 262 1065 Tertio
298 1021 500 1065 eumdem
539 1021 796 1081 Apostolum
829 1036 918 1064 non
955 1021 1143 1065 audisti?
1173 1041 1194 1063 «
1219 1021 1500 1066 Providemus

118 1109 139 1131 »
174 1092 292 1135 enim
315 1092 427 1136 bona
445 1127 455 1146 ,
486 1108 576 1137 non
597 1093 738 1137 solum
772 1107 916 1136 coram
949 1095 1064 1145 Deo,
1090 1093 1164 1136 sed
1187 1093 1316 1136 etiam
1353 1107 1496 1136 coram

117 1179 136 1201 n
173 1161 471 1205 hominibus⁴.
502 1180 521 1203 »
554 1162 626 1205 Ait
659 1176 762 1218 ergo
797 1160 899 1204 ille:
930 1180 950 1202 «
979 1163 1162 1219 Expone
1182 1160 1330 1220 itaque
1362 1162 1496 1216 mihi,

118 1249 137 1271 »
171 1229 394 1289 quomodo
414 1230 656 1288 intelligam
678 1230 843 1273 diversa
862 1239 993 1290 atque
1010 1230 1225 1274 contraria
1247 1250 1256 1275 ι
1284 1250 1303 1271 »
1330 1232 1410 1275 hac
1432 1231 1500 1274 di-

113 1311 284 1346 centem
301 1299 581 1360 Apostolum:
597 1319 616 1342 «
632 1301 674 1345 Si
690 1300 940 1344 hominibus
958 1300 1128 1360 placere
1149 1301 1322 1356 vellem,
1338 1303 1499 1347 Christi

116 1391 137 1413 »
172 1387 318 1416 servus
350 1387 438 1415 non
477 1385 644 1415 essem:
670 1376 690 1411 ’»
712 1371 795 1415 hac
825 1370 1042 1414 dicentem
1066 1390 1074 1414 :
1104 1389 1124 1412 «
1149 1370 1320 1415 Placete
1353 1373 1497 1416 omni-

114 1461 135 1484 »
169 1443 248 1486 bus
273 1457 348 1501 per
378 1442 523 1486 omnia
541 1476 551 1495 ‚
593 1441 703 1484 sicut
725 1450 767 1484 et
789 1455 868 1499 ego
901 1441 1104 1485 omnibus
1132 1456 1210 1500 per
1231 1442 1374 1486 omnia
1399 1443 1497 1501 pla-

118 1532 138 1554 »
176 1515 280 1557 ceo⁵
306 1532 314 1557 ;
337 1529 357 1553 »
384 1513 463 1555 hac
485 1511 700 1555 dicentem
723 1530 731 1555 :
757 1529 777 1552 «
801 1510 946 1555 Gloria
969 1520 1115 1556 nostra
1138 1512 1231 1556 haec
1259 1521 1349 1568 est,
1371 1514 1495 1557 testi-

116 1601 137 1625 »
172 1583 368 1627 monium
387 1582 660 1627 conscientiae
677 1590 835 1625 nostrae
856 1600 864 1625 :
891 1600 909 1622 »
936 1583 1016 1626 hac
1034 1581 1250 1627 dicentem
1276 1602 1286 1628 ε
1308 1602 1327 1625 «
1347 1585 1494 1629 Provi-

114 1671 135 1694 »
170 1652 322 1698 demus
345 1654 458 1697 bona
476 1688 486 1708 ,
511 1667 601 1713 non
622 1651 763 1696 solum
787 1666 932 1695 coram
951 1648 1040 1696 Deo
1059 1686 1069 1707 ,
1095 1652 1171 1696 sed
1194 1654 1324 1697 etiam
1347 1669 1492 1699 coram

112 1742 133 1765 »
168 1724 435 1768 hominibus.
461 1741 481 1764 »
511 1723 552 1767 Si
585 1721 846 1782 tranquillus
867 1720 1042 1778 audias,
1076 1722 1110 1767 si
1129 1723 1211 1766 tibi
1231 1724 1311 1783 ipsi
1333 1739 1491 1784 aquam

108 1803 195 1838 tuae
225 1795 383 1838 mentis
415 1809 503 1838 non
542 1793 798 1852 perturbes,
835 1802 1050 1853 quantum
1086 1803 1262 1852 potero,
1297 1793 1488 1840 fortassis

108 1879 332 1924 exponam.
362 1867 472 1909 Sunt
501 1864 698 1908 homines
725 1863 942 1907 temerarii
970 1864 1137 1924 judices
1156 1899 1167 1920 ‚
1196 1865 1486 1922 detractoreS‚

106 1950 357 1979 susurrones
376 1969 386 1989 ,
428 1943 770 1978 murmuratores
790 1968 802 1988 ,
843 1943 1084 1994 quaerentes
1123 1935 1328 1994 suspicari
1365 1939 1487 1997 quod

105 2021 194 2049 non
215 2004 364 2049 vident
378 2013 661 2064 „quaerentes
685 2004 814 2048 etiam
832 2005 995 2065 jactare
1017 2005 1138 2065 quod
1158 2021 1238 2050 nec
1260 2008 1485 2066 suspican-

105 2086 206 2121 tur:
231 2085 381 2120 contra
413 2075 518 2119 tales
552 2074 659 2135 quid
680 2084 897 2130 remanet,
935 2077 1015 2120 nisi
1056 2077 1348 2122 testimonium
1376 2095 1482 2124 con-

103 2148 292 2192 scientiae
312 2149 502 2191 nostrae?
522 2149 672 2207 Neque
692 2147 807 2191 enim
825 2182 835 2201 ,
861 2146 1013 2191 fratres
1031 2182 1041 2200 ‚
1067 2148 1196 2192 etiam
1218 2149 1262 2192 in
1287 2149 1367 2193 illis
1389 2153 1480 2210 qui-

103 2218 184 2260 bus
218 2216 387 2275 placere
422 2216 647 2271 volumus,
682 2216 862 2274 gloriam
897 2226 1087 2262 nostram
1119 2219 1377 2278 quaerimus,
1405 2231 1479 2265 aut

102 2286 281 2346 gloriam
299 2295 490 2330 nostram
513 2302 706 2347 quaerere
725 2287 934 2332 debemus
947 2323 958 2343 ,
983 2288 1059 2332 sed
1080 2288 1254 2333 illorum
1273 2290 1451 2335 salutem
1468 2311 1476 2337 :

101 2365 150 2400 ut
167 2357 199 2400 si
225 2357 334 2401 bene
354 2357 626 2402 ambulamus
644 2393 655 2414 ,
681 2373 760 2404 nos
781 2358 1004 2419 sequendo
1026 2375 1115 2403 non
1137 2370 1306 2417 errent,
1331 2361 1477 2406 imita-

161 2457 169 2474 ¹
191 2451 284 2484 Galat
306 2463 338 2493 1,
365 2463 415 2486 10.
437 2469 478 2479 -·-
509 2459 522 2476 ²
542 2464 554 2485 ι
570 2454 642 2486 Cor.
664 2465 698 2496 x,
717 2454 769 2487 33.
784 2471 824 2478 —
848 2453 956 2488 ³1bid.
977 2455 1030 2488 32.
1052 2471 1091 2479 —
1107 2454 1122 2486 4
1139 2464 1158 2489 2
1177 2457 1253 2490 Cor.
1271 2468 1346 2499 vm,
1365 2467 1476 2491 21.—

103 2506 118 2531 ⁵
144 2517 157 2540 1
177 2506 250 2541 Cor.
270 2517 303 2551 x,
322 2507 375 2541 33.
