1898 3178
404 244 544 272 SERMO
575 241 653 281 LX,
687 243 742 270 DE
775 241 921 270 vmtms
951 238 1115 269 ΜΑΤΤΗ.
1150 242 1211 268 vt.
1413 229 1499 267 219

120 310 219 355 dIco
244 329 252 354 :
279 309 574 362 Thesaurizas,
615 316 659 351 et
698 308 870 366 ignoras
901 307 972 351 cui
1001 320 1235 366 congreges
1271 319 1335 349 ea.
1380 306 1500 350 Sicut

121 382 236 425 enim
255 389 302 425 tu
323 379 515 433 nescisti,
537 379 596 422 sic
616 387 658 422 et
680 377 753 422 ille
775 379 923 422 nescit.
952 378 995 423 Si
1017 379 1063 422 in
1083 376 1159 423 illo
1174 377 1410 439 permansit
1430 393 1499 422 va-

118 453 230 496 nitas
247 486 258 506 ,
280 448 497 509 numquid
514 449 569 493 ad
589 449 730 508 ipsum
744 447 904 493 defecit
925 450 1105 494 veritas?

177 523 252 565 IV.
279 520 443 564 Omitto
474 519 639 574 dicere,
677 519 779 579 quia
803 517 915 563 forte
949 519 1054 563 dum
1082 520 1213 576 vivis,
1241 520 1499 564 thesaurizas

116 590 218 635 furi.
244 593 340 635 Una
361 598 489 634 nocte
510 590 646 645 venit,
672 597 715 633 et
735 597 801 632 tot
818 587 971 632 diebus
989 603 1037 632 ac
1053 590 1254 634 noctibus
1269 604 1501 649 congrega-

115 671 211 706 tum
241 669 442 720 paratum
482 660 663 704 invenit.
713 659 988 704 Thesaurizas
1024 660 1137 704 forte
1171 660 1352 716 latroni,
1388 658 1500 705 forte

115 731 328 793 praedoni.
366 731 478 777 Nolo
509 731 694 790 amplius
716 730 884 786 dicere,
910 746 966 775 ne
996 746 1330 776 commemorem
1360 741 1403 776 et
1432 747 1500 776 re-

113 804 266 848 fricem
288 817 590 862 perpessorum
618 802 830 847 dolorem.
856 805 997 856 Quam
1021 802 1160 847 multa
1194 819 1294 864 quae
1315 818 1499 863 congre-

114 873 230 932 gavit
262 873 401 917 inanis
432 873 625 928 vanitas,
665 881 815 932 parata
844 872 1011 917 invenit
1039 873 1205 918 hostilis
1242 874 1501 919 crudelitas?

111 946 209 990 Non
245 953 310 988 est
343 944 459 987 enim
494 958 642 987 meum
675 953 849 1003 optare,
887 942 965 988 sed
997 944 1192 988 omnium
1228 953 1293 988 est
1327 944 1495 988 timere.

111 1017 291 1059 Avertat
311 1014 396 1058 hoc
418 1017 548 1058 Deus,
577 1012 805 1059 Sufficiant
834 1013 1006 1073 flagella
1038 1015 1186 1074 ipsius.
1207 1015 1368 1059 Omnes
1402 1029 1500 1059 ore-

110 1098 228 1139 mus,
249 1092 416 1128 avertat
432 1084 516 1128 hoc
537 1086 667 1128 Deus.
690 1087 844 1128 Pareat
856 1084 1003 1138 nobis,
1019 1099 1150 1144 quem
1166 1099 1385 1144 rogamus.
1415 1085 1498 1129 Sed

110 1154 145 1198 si
160 1154 276 1199 dicat
292 1155 453 1214 quibus
469 1189 480 1210 ,
504 1153 609 1215 quid
632 1156 968 1214 respondemus?
997 1158 1062 1199 Tu
1094 1170 1219 1214 ergo,
1240 1171 1266 1200 o
1287 1156 1420 1200 homo
1434 1190 1445 1210 ‚
1472 1171 1499 1200 o

110 1226 250 1270 omnis
271 1225 426 1280 homo,
451 1235 500 1269 tu
521 1226 597 1285 qui
613 1241 724 1270 vane
745 1226 1004 1271 thesaurizas
1019 1261 1030 1281 ,
1053 1227 1172 1270 unde
1189 1226 1297 1270 mihi
1319 1241 1499 1286 respon-

110 1296 186 1341 des
219 1297 423 1340 tractanti
462 1305 631 1351 tecum,
663 1305 707 1340 et
749 1306 895 1341 tecum
933 1297 1147 1357 quaerenti
1190 1297 1419 1342 consilium
1451 1298 1498 1342 in

113 1383 240 1413 causa
269 1367 525 1412 communi?
549 1367 730 1412 Dicebas
760 1367 876 1411 enim
894 1376 936 1411 et
957 1367 1249 1426 respondebas
1273 1387 1282 1413 ε
1306 1369 1498 1412 Thesau-

110 1439 200 1484 rizo
216 1439 346 1493 mihi,
365 1438 463 1483 filiis
482 1439 610 1494 meis,
639 1439 820 1499 posteris
841 1439 961 1483 meis.
988 1439 1086 1483 Dixi
1108 1446 1273 1500 quanta
1290 1440 1374 1484 sint
1399 1440 1497 1483 etin

109 1510 208 1570 ipsis
224 1509 322 1554 filiis
338 1509 590 1554 metuenda.
619 1508 703 1555 Sed
724 1510 880 1555 omitto
897 1510 1128 1570 poenaliter
1147 1510 1338 1555 victuros
1354 1510 1467 1555 filios
1481 1545 1493 1565 ,

108 1581 219 1624 sicut
247 1589 371 1638 optat
396 1579 596 1624 inimicus
618 1599 627 1624 z
653 1581 711 1624 sic
732 1580 883 1625 vivant
908 1581 1020 1625 sicut
1039 1589 1162 1640 optat
1188 1589 1326 1640 pater.
1358 1584 1496 1633 Quam

108 1649 236 1695 multi
263 1650 310 1693 in
332 1651 410 1694 hos
431 1665 554 1694 casus
575 1649 824 1694 inciderunt
841 1685 852 1705 ,
875 1650 984 1705 dixi,
1004 1652 1340 1696 commemoravi
1363 1670 1373 1696 :
1396 1651 1497 1695 hor-

108 1719 260 1774 ruisti,
291 1727 334 1763 et
355 1734 445 1763 non
467 1708 703 1763 correxisti.
737 1719 855 1773 Quid
876 1720 993 1764 enim
1016 1735 1301 1779 responsurus
1323 1735 1389 1776 eS,
1414 1721 1495 1765 nisi

106 1790 192 1835 hoc
209 1789 325 1834 dicas
344 1808 353 1834 :
375 1792 507 1833 Forte
538 1791 655 1834 non?
677 1792 734 1834 Et
755 1805 836 1849 ego
855 1790 914 1834 sic
931 1805 1026 1834 sum
1043 1789 1237 1836 locutus:
1261 1794 1409 1847 Forte,
1425 1792 1495 1835 in-

107 1875 257 1921 quam,
282 1859 386 1914 furi,
410 1859 524 1904 forte
543 1859 725 1915 latroni,
746 1859 858 1905 forte
873 1860 1086 1920 praedoni.
1106 1863 1204 1907 Non
1226 1862 1329 1917 dixi,
1354 1871 1494 1920 certe,

107 1930 209 1986 sed,
233 1929 363 1975 forte.
396 1933 516 1974 Inter
548 1929 660 1974 forte
686 1931 783 1986 fiet,
821 1929 935 1975 forte
971 1946 1060 1976 non
1082 1933 1182 1976 fiet:
1219 1933 1356 1977 nescis
1394 1948 1497 1992 ergo

107 2000 216 2061 quid
237 2001 338 2059 fiet,
368 2015 479 2045 vane
502 2000 790 2045 conturbaris.
830 2001 960 2045 Vides
989 2017 1122 2062 quam
1151 2017 1304 2047 verum
1343 2003 1498 2048 dixerit

107 2073 280 2127 veritas,
305 2086 439 2131 quam
459 2072 645 2116 inaniter
661 2072 950 2116 conturbetur
970 2073 1152 2117 vanitas.
1170 2072 1368 2129 Audisti,
1393 2082 1496 2120 tan-

109 2144 211 2188 dem
233 2142 467 2203 aliquando
488 2143 682 2203 sapuisti,
696 2143 799 2203 quia
819 2144 903 2188 hoc
922 2143 1065 2203 ipsum
1086 2159 1188 2188 cum
1208 2145 1339 2190 dicis:
1365 2147 1497 2192 Forte

108 2213 206 2258 filiis
233 2214 339 2258 meis
357 2235 368 2272 3
391 2229 481 2259 non
502 2224 648 2259 autem
665 2214 798 2260 audes
820 2214 988 2260 dicere:
1005 2218 1160 2261 Certus
1172 2231 1266 2260 sum
1282 2216 1387 2277 quia
1399 2217 1497 2262 filiis

109 2286 239 2344 meis;
259 2285 396 2330 nescis
419 2286 491 2330 cui
507 2300 740 2345 congreges
760 2301 826 2330 ea.
856 2289 969 2332 Ecce
1007 2302 1110 2346 ergo
1144 2296 1195 2331 ut
1215 2286 1366 2344 video,
1387 2297 1431 2333 et
1445 2298 1496 2334 ut

109 2364 209 2399 ante
240 2353 440 2399 dicebam
457 2390 468 2410 ,
502 2354 698 2400 defecisti
727 2357 772 2400 in
793 2371 921 2402 causa
941 2367 1046 2415 tua,
1070 2372 1160 2402 non
1186 2357 1355 2403 invenis
1375 2358 1496 2419 quod

108 2424 217 2468 mihi
253 2424 512 2484 respondeas
538 2443 547 2469 :
573 2424 649 2469 sed
669 2441 750 2470 nec
772 2441 853 2486 ego
872 2426 979 2486 quid
1001 2427 1098 2471 tibi.

168 2497 221 2539 V.
248 2494 390 2539 Ambo
407 2495 554 2554 itaque
570 2511 817 2555 quaeramus
837 2531 848 2552 ,
872 2497 1000 2541 ambo
1020 2496 1251 2541 consilium
1272 2506 1489 2557 petamus.

111 2565 331 2609 Habemus
363 2566 553 2624 copiam,
592 2581 682 2610 non
715 2568 946 2625 sapientis,
974 2566 1048 2611 sed
1085 2568 1218 2627 ipsius
1243 2569 1490 2628 Sapientiae.
