1898 3178
375 237 513 266 SERMO
545 238 648 276 xcv,
684 239 738 265 m:
770 237 918 266 VERBIS
950 236 1079 265 MAnc.
1115 239 1209 266 v111.
1402 226 1480 265 511

114 422 208 438 ΙΑΙἏΛΛ
213 421 1061 440 mmmmmmmlvvvmmmmxmxmm
1065 423 1485 439 MMMMMMMWM

582 561 813 608 SERMO
851 562 998 609 XCV.

101 735 178 781 De
199 734 355 782 verbis
372 735 635 799 Evangelii
662 736 832 782 filare-i
850 756 946 794 vm,
973 735 1052 781 ubi
1074 736 1358 783 miraculum
1377 753 1485 798 sep-

521 817 614 852 tem
630 824 816 867 panum
842 808 1061 870 refertar.

99 976 218 1017 Nune
235 976 408 1029 primum
434 977 572 1029 prodit
601 990 649 1018 ex
669 978 795 1019 veteri
811 978 950 1019 codice
975 979 1215 1020 Colbertinae
1231 978 1485 1018 bibliothecae

151 1047 289 1080 notato
321 1041 426 1088 821,
450 1043 494 1081 In
513 1055 593 1093 quo
630 1043 858 1083 inscribitur
881 1058 889 1082 ε
936 1043 1146 1083 Tractatus
1176 1043 1306 1082 sanem*
1327 1043 1486 1095 Augus-

149 1105 228 1144 tim
271 1106 486 1145 secundum
513 1106 702 1146 Marcum
730 1107 774 1146 cle
818 1112 961 1159 septem
993 1107 1178 1159 panibus.
1215 1108 1340 1160 Hujus
1382 1108 1484 1147 Ser-

150 1169 279 1210 monis
299 1171 579 1222 Fragmentum
597 1170 751 1223 insigne
770 1171 938 1211 dederat
956 1171 1097 1212 Florus
1115 1171 1168 1211 ad
1190 1173 1209 1211 1
1229 1171 1322 1211 Cor.
1347 1172 1411 1211 13.

157 1344 194 1386 Ι.
217 1344 474 1387 Semproniis
510 1350 678 1386 sanctas
715 1352 977 1402 exponentes
1006 1343 1154 1397 vobis,
1199 1343 1322 1402 quasi
1352 1359 1485 1402 panes

94 1413 336 1472 frangimus
357 1413 494 1457 vohis.
521 1415 608 1458 Vos
637 1413 872 1457 esurientes
894 1414 1073 1472 accipite
1085 1449 1100 1469 ,
1117 1421 1160 1456 et
1178 1413 1371 1471 saginam
1387 1417 1484 1458 lau-

97 1482 162 1527 dis
183 1484 314 1528 corde
335 1491 562 1527 eructuate
584 1502 592 1527 :
621 1492 665 1528 et
682 1484 760 1543 qui
787 1484 884 1528 estis
901 1484 1056 1529 divites
1084 1484 1130 1527 in
1159 1483 1297 1542 epulis
1315 1519 1327 1542 ,
1348 1484 1484 1528 nolite

95 1555 229 1599 macri
251 1570 341 1599 esse
362 1555 409 1597 in
446 1554 651 1613 operibus
681 1563 724 1598 et
755 1552 880 1599 factis
915 1554 1058 1599 bonis.
1092 1555 1222 1607 Quod
1251 1570 1332 1614 ego
1354 1570 1484 1613 erogo

95 1625 242 1680 vobis,
261 1641 351 1670 non
375 1633 437 1668 est
454 1639 615 1668 meum.
638 1622 765 1677 Quod
786 1624 1074 1678 manducatis,
1094 1624 1314 1668 manduco
1337 1644 1346 1669 :
1366 1624 1485 1668 unde

94 1695 260 1750 vivitis,
285 1695 399 1739 vivo.
420 1685 665 1738 Commune
683 1692 896 1737 habemus
917 1693 964 1737 in
979 1692 1092 1737 coelo
1107 1692 1362 1738 cellarium:
1380 1694 1483 1738 inde

95 1765 213 1811 enim
227 1766 349 1811 venit
364 1765 549 1810 verbum
573 1764 667 1809 Dei.

154 1839 214 1880 ΙΙ.
242 1839 416 1896 Septem
438 1851 571 1895 panes
592 1834 837 1894 significant
858 1833 1155 1893 septiformem
1186 1833 1483 1893 operationem

97 1907 280 1966 Spiritus
302 1907 437 1951 sancti
465 1926 474 1951 ε
500 1916 689 1967 quatuor
709 1905 843 1950 millia
865 1906 1092 1950 hominum
1107 1939 1119 1961 ,
1144 1905 1380 1950 Ecclesiam
1400 1906 1482 1950 sub

95 1986 283 2036 quatuor
303 1977 551 2036 Evangeliis
573 1977 854 2021 constitutam
874 1995 883 2020 z
904 1984 1067 2035 septem
1088 1985 1247 2035 sportae
1263 1976 1483 2035 fragmen-

95 2056 241 2092 torum
258 2083 269 2103 ,
304 2047 619 2107 perfectionem
640 2047 890 2091 Ecclesiae1.
917 2049 1008 2092 Hoc
1042 2047 1158 2090 enim
1191 2061 1375 2092 numero
1403 2062 1484 2092 sae-

95 2119 268 2177 pissime
292 2116 500 2177 perfectio
523 2118 750 2176 figuratur.
778 2117 904 2161 Unde
927 2127 989 2161 est
1022 2118 1137 2161 enim
1162 2117 1283 2177 quod
1317 2116 1486 2161 dictum>

97 2197 161 2232 est
181 2207 190 2234 ;
210 2207 230 2230 «
253 2188 417 2247 Septies
437 2188 482 2231 in
504 2187 574 2231 die
590 2187 781 2232 laudabo
794 2196 837 2232 te
851 2189 897 2228 ²?
919 2206 938 2229 »
959 2187 1183 2247 Numquid
1206 2197 1320 2232 errat
1330 2189 1480 2243 homo,
1536 2181 1540 2184 Δ

97 2259 173 2318 qui
189 2259 316 2304 toties
332 2258 601 2303 laudaverit3
624 2259 875 2304 Dominum.
902 2258 1019 2311 Quid
1036 2267 1100 2303 est
1115 2274 1219 2318 ergo
1237 2294 1248 2314 ‚
1271 2277 1292 2301 «
1317 2259 1482 2318 Septies

100 2348 121 2372 »
146 2330 338 2375 laudabo
349 2365 360 2385 ,
377 2348 398 2372 »
420 2329 518 2386 nisi,
534 2346 763 2391 nunquam
777 2346 801 2374 a
815 2329 946 2375 laude
963 2330 1170 2375 cessabo?
1191 2333 1350 2375 Totum
1367 2331 1483 2375 enim

101 2410 270 2461 tempus
292 2402 506 2462 significat
528 2403 603 2462 qui
626 2402 754 2458 dicit,
778 2403 948 2462 septies.
974 2403 1100 2447 Unde
1121 2411 1286 2461 septem
1314 2402 1484 2447 dierum

97 2471 322 2517 volumina
338 2471 498 2517 saeculo
527 2471 858 2531 provolvuntur.
885 2472 1001 2526 Quid
1023 2482 1086 2517 est
1108 2488 1211 2532 ergo
1227 2508 1238 2529 ,
1273 2492 1294 2516 «
1320 2473 1485 2533 Septies

147 2574 156 2590 ¹
179 2570 284 2601 Marc.
308 2579 374 2609 vm,
394 2568 426 2600 6.
448 2585 487 2591 -
506 2575 518 2591 ²
537 2568 618 2601 Psal.
636 2579 749 2611 cxviii,
773 2568 846 2611 164.
869 2585 909 2592 -—
927 2567 940 2593 3
961 2570 1066 2603 Forte
1085 2580 1148 2602 non
1164 2569 1354 2604 laudaverit.
