1898 3178
60 2157 63 2164 .
54 2143 55 2147 Α
53 1995 70 2125 ⁴⁴--—-5-
50 1927 51 1930 Α
47 1876 49 1878 ’

399 221 537 248 sunno
568 221 682 258 exn,
717 221 771 247 DE
803 221 947 249 vmuns
979 222 1071 248 Luc.
1108 222 1197 248 xiv.
1410 212 1487 249 621

117 284 216 328 vide
231 299 361 343 quam
379 300 587 330 canorum
606 294 683 329 est.
702 285 926 345 Numquid
943 287 1181 331 conversim
1196 295 1316 346 potes
1334 287 1490 342 dicere,

116 354 233 399 Audi
248 365 290 400 et
307 354 405 400 vide
421 371 553 416 quam
570 355 806 400 candidum
823 359 913 401 est?
931 360 1024 402 Hoc
1040 358 1159 417 quod
1176 356 1349 413 dicitur,
1365 359 1490 413 Vide,

116 440 194 485 per
215 441 365 470 omnes
387 441 535 471 sensus
553 428 687 471 currit
707 448 718 485 3
737 437 991 473 caeterorum
1006 438 1147 473 autem
1172 443 1375 474 sensuum
1395 444 1495 487 pro-

116 497 274 556 prietas
292 513 382 542 non
404 513 482 557 per
503 513 547 542 se
570 501 767 543 recurrit.
794 500 978 544 Intende
1003 509 1046 544 et
1078 500 1176 544 vide
1204 515 1336 559 quam
1362 515 1495 544 cano⁶

116 583 215 612 rum
251 577 316 612 est
339 587 348 613 ι
368 567 502 613 odora
523 577 565 612 et
602 569 702 613 vide
737 585 869 629 quam
897 585 1028 614 suave
1050 580 1113 615 est
1136 590 1144 615 :
1171 581 1294 630 gusta
1326 580 1369 615 et
1397 570 1496 614 vide

116 653 248 698 quam
280 638 409 682 dulce
431 647 495 683 est
521 658 530 683 :
557 648 687 698 tange
709 648 752 682 et
773 639 872 683 vide
900 655 1030 700 quam
1066 639 1197 684 molle
1228 649 1306 684 est.
1337 641 1497 700 Utique

115 709 324 769 quoniam
342 710 356 734 1
370 724 518 753 sensus
531 718 631 754 sunt
643 744 653 764 ,
670 709 729 753 sic
748 710 892 768 potius
910 710 1176 756 diceremus:
1196 711 1310 755 Audi
1328 720 1371 755 et
1387 712 1498 756 senti

116 794 248 839 quam
268 794 475 823 canorum
499 788 562 823 est
579 798 587 824 :
605 778 739 824 odora
761 788 804 824 et
826 781 935 824 senti
957 796 1088 840 quam
1112 796 1242 825 suave
1262 790 1324 825 est
1346 800 1354 825 :
1376 790 1497 840 gusta

116 858 159 893 et
190 849 301 893 senti
337 864 472 909 quam
503 848 632 893 dulce
664 859 728 894 est
762 868 771 893 ε
809 859 938 908 tange
974 860 1017 894 et
1060 851 1169 895 senti
1211 866 1342 910 quam
1390 851 1496 895 cali-

115 918 221 963 dum
251 927 316 964 est
352 938 360 963 :
393 917 521 978 palpa
550 928 593 963 et
620 919 730 964 senti
765 934 894 978 quam
930 918 1028 963 lene
1057 930 1120 964 est
1145 937 1155 964 :
1179 919 1306 979 palpa
1328 930 1370 964 et
1391 922 1499 964 senti

114 1003 247 1049 quam
274 987 405 1034 molle
428 998 506 1033 est.
532 988 649 1034 Nihil
670 989 844 1033 horum.
866 991 974 1034 Nam
1001 998 1043 1033 et
1064 989 1155 1048 ipse
1173 990 1382 1034 Dominus
1404 999 1497 1049 post

114 1059 472 1104 resurrectionem
495 1075 596 1104 curn
619 1060 818 1118 apparuit
833 1060 1057 1119 Discipulis
1072 1061 1179 1114 suis,
1205 1075 1393 1120 cumque
1411 1076 1500 1105 cer-

115 1139 267 1174 nentes
284 1129 427 1173 adhuc
447 1129 688 1173 titubarent
709 1129 754 1172 in
784 1128 892 1184 fide,
919 1139 1120 1188 putantes
1143 1145 1186 1174 se
1216 1130 1415 1189 spiritum
1435 1131 1500 1174 vi-

115 1201 218 1245 dere
237 1216 245 1241 :
265 1219 285 1242 «
303 1200 416 1252 Quid
431 1235 441 1254 ,
461 1200 628 1260 inquit,
653 1198 862 1244 dubitatis
880 1234 890 1253 ,
916 1210 959 1244 et
980 1215 1114 1260 quare
1129 1201 1411 1258 cogitationes
1433 1217 1499 1245 as-

117 1291 137 1313 »
172 1272 367 1316 cendunt
387 1271 433 1314 in
459 1287 532 1316 cor
560 1273 780 1315 vestrum?
804 1269 959 1315 'Videte
989 1287 1142 1316 manus
1166 1287 1282 1316 meas
1307 1282 1348 1316 et
1368 1273 1499 1331 pedes

120 1361 140 1383 »
176 1357 309 1386 meos.
331 1344 387 1385 Et
408 1356 558 1400 parum
589 1350 673 1395 est,
695 1341 849 1385 Videte
876 1360 885 1385 :
912 1342 1114 1400 Tangite,
1139 1342 1304 1401 inquit,
1330 1351 1372 1385 et
1404 1342 1498 1401 pal-

119 1431 138 1454 »
174 1420 292 1471 pate,
307 1420 350 1454 et
371 1410 516 1455 videte
529 1414 560 1453 ¹².
581 1428 600 1451 »
627 1410 847 1454 Intendite
870 1419 912 1454 et
927 1410 1069 1454 videte
1086 1446 1096 1466 ,
1117 1420 1159 1454 et
1181 1411 1352 1470 palpate
1372 1421 1414 1455 et
1435 1413 1499 1455 vi-

118 1481 217 1526 dete
244 1500 252 1526 :
276 1481 322 1524 in
344 1480 442 1525 solis
464 1480 599 1525 oculis
627 1479 771 1525 videte
787 1515 797 1535 ,
822 1480 867 1524 in
890 1480 1092 1524 omnibus
1115 1481 1309 1525 sensibus
1335 1481 1494 1526 videte.

117 1553 228 1606 Quia
249 1551 499 1595 interiorem
518 1549 619 1594 fidei
643 1565 816 1594 sensum
836 1551 1080 1610 quaerebat,
1105 1550 1386 1595 exterioribus
1409 1567 1501 1596 cor-

117 1622 233 1682 poris
268 1621 463 1666 sensibus
497 1620 735 1680 adjacebat.
761 1622 848 1665 Nos
880 1619 990 1663 nihil
1012 1620 1065 1664 ab
1095 1620 1183 1664 istis
1218 1622 1500 1666 exterioribus

51 1747 53 1762 Ι
117 1691 311 1736 sensibus
333 1691 379 1734 in
397 1690 582 1735 Domino
603 1690 837 1749 carpsimus
855 1724 866 1744 ,
896 1689 1046 1733 auditu
1071 1688 1314 1734 audivimus
1334 1725 1344 1745 ,
1370 1691 1500 1735 corde

117 1762 380 1808 credidimus
409 1781 417 1806 ε
439 1771 482 1805 θῖ
508 1761 650 1820 ipsum
669 1760 867 1804 auditum
897 1775 986 1804 non
1020 1760 1073 1804 ab
1095 1759 1208 1804 illius
1230 1776 1324 1816 ore,
1354 1760 1428 1804 sed
1447 1762 1499 1805 ab

118 1849 192 1880 ore
209 1832 542 1893 praedicatorum
560 1832 649 1891 ejus
661 1866 671 1886 ,
691 1831 744 1874 ab
762 1846 835 1875 ore
852 1829 1027 1875 illorum
1049 1831 1123 1890 qui
1137 1832 1226 1890 jam
1248 1831 1495 1888 coenabant,

119 1915 162 1950 et
182 1920 260 1949 nos
283 1902 528 1949 ructuando
549 1902 805 1947 invitabant.

178 1978 298 2019 VIII.
335 1974 553 2019 Tollamus
589 1989 692 2032 ergo
715 1972 768 2016 de
801 1970 945 2016 medio
976 1972 1267 2017 excusationes
1301 1988 1431 2018 vanas
1458 1982 1501 2018 et

119 2045 253 2090 malas
270 2080 280 2100 ,
306 2054 348 2089 et
385 2045 607 2088 veniamus
627 2042 681 2088 ad
710 2058 879 2087 coenam
896 2077 906 2097 ,
932 2058 1017 2102 qua
1045 2042 1302 2087 intrinsecus
1334 2044 1501 2102 sagine-

121 2132 234 2161 mur.
256 2118 353 2162 Non
371 2131 448 2160 nos
461 2114 670 2175 impediat
689 2113 937 2159 extollentia
957 2113 1196 2173 superbiae,
1218 2130 1306 2158 non
1329 2130 1406 2159 nos
1428 2130 1500 2158 ex-

122 2186 272 2242 tollat,
295 2187 364 2231 vel
386 2202 473 2230 non
495 2201 572 2230 nos
593 2194 752 2229 terreat
773 2183 996 2228 curiositas
1018 2183 1188 2239 illicita,
1225 2194 1268 2228 et
1296 2194 1460 2229 avertat
1478 2201 1501 2229 a

123 2260 214 2302 Deo
236 2276 244 2301 :
269 2272 356 2301 non
369 2272 447 2300 nos
468 2255 675 2314 impediat
690 2254 888 2314 voluptas
905 2253 1043 2298 carnis
1060 2269 1083 2297 a
1100 2253 1323 2313 voluptate
1340 2254 1496 2299 cordis.

124 2328 384 2382 Veniamus,
422 2336 463 2370 et
491 2325 750 2383 saginemur.
796 2327 851 2368 Et
883 2324 959 2384 qui
992 2334 1232 2379 venerunt,
1263 2325 1342 2368 nisi
1375 2340 1501 2368 men-

124 2399 224 2454 dici,
246 2398 438 2453 debiles,
480 2396 650 2450 claudi,
690 2396 793 2440 caeci
815 2397 831 2436 ‘?
870 2395 963 2439 Illic
1005 2405 1148 2439 autem
1171 2411 1259 2440 non
1288 2406 1501 2440 venerunt

126 2468 277 2513 divites
299 2468 412 2523 sani,
437 2467 560 2527 quasi
578 2467 688 2510 bene
713 2464 983 2509 ambulantes
1000 2500 1010 2519 ‚
1041 2473 1083 2508 et
1103 2474 1227 2509 acute
1248 2474 1470 2509 cernentes
1488 2486 1499 2522 3

175 2560 182 2576 ¹
201 2553 275 2586 cod.
299 2555 382 2585 Cass.
407 2565 443 2594 ιι,
462 2552 517 2584 fol.
542 2562 600 2593 ¹90
619 2563 624 2582 :
649 2551 793 2594 Quinque
808 2561 917 2583 sensus
934 2555 1017 2582 sunt.
1034 2567 1075 2572 —
1096 2557 1108 2573 ²
1125 2552 1201 2582 Luc.
1223 2561 1307 2590 xxiv,
1327 2550 1382 2591 38,
1402 2549 1456 2591 39.
