1898 3178
299 292 304 293 ⁷
331 290 469 318 SERMO
499 291 550 328 c,
583 288 638 316 DE
669 287 816 317 vmzms
846 288 940 317 Luc.
975 288 1036 315 lx.
1284 273 1368 314 547

0 355 193 416 gelistam
218 354 432 410 incurrat,
457 355 546 400 sive
566 354 612 398 in
632 369 733 398 eum
754 354 831 414 qui
858 352 979 414 quod
1002 350 1108 397 dicit
1131 366 1221 396 non
1249 350 1366 396 facit.

13 451 17 466 ι
55 424 241 470 Domino
259 426 375 469 enim
396 439 545 469 secura
566 423 691 469 audit
714 443 723 469 z
753 442 774 467 «
797 422 940 479 Vade,
965 422 1122 467 mulier
1136 457 1147 479 ,
1172 422 1280 467 fides
1298 430 1374 467 tua

5 525 19 549 ·.-
55 504 99 541 te
116 495 277 542 salvam
297 495 413 541 fecit.
439 513 461 538 »

185 659 1381 678 ΜΜΜΜΜΜΝΜΜΜΜΜΜΜΜΜΜΜΜΜΜΜΜΜΜΜ

523 799 751 848 SERMO
790 799 828 846 C
843 804 873 844 1.

25 954 69 1007 ie
96 961 238 1006 verbis
258 959 484 1019 Evangelii
508 964 616 1006 Luc.
642 978 716 1016 ix,
741 959 820 1004 uhi
842 960 983 1018 agitur
1003 958 1059 1003 de
1088 958 1248 1015 tribus,
1271 974 1386 1035 quo-

65 1046 161 1076 rum
181 1046 294 1075 unus
312 1029 440 1076 dixit:
456 1029 680 1086 Domine,
697 1045 874 1088 sequar
887 1038 930 1074 te
950 1044 1244 1088 quocumque
1260 1029 1386 1084 zerc's,

36 1144 37 1147 ,
67 1109 110 1145 et
132 1100 387 1160 reprobatus
409 1109 501 1157 est,
531 1099 638 1144 alius
660 1116 750 1145 non
771 1098 983 1156 audebat,
1003 1109 1047 1144 et
1067 1100 1275 1144 excitatus
1296 1108 1385 1156 est,

7 1169 13 1182 ‘'
43 1223 46 1230 ,
68 1172 220 1217 tertius
242 1171 497 1227 differebat,
519 1180 561 1215 et
580 1171 780 1231 culpatus
801 1180 880 1217 est.

10 1314 17 1324 '
57 1332 106 1373 Ἰ.
123 1333 185 1373 DE
207 1328 398 1387 capitulo
422 1328 644 1385 Evangelii
657 1328 776 1388 quod
788 1329 998 1374 Dominus
1015 1328 1208 1384 donavit,
1227 1327 1390 1372 audite.

58 1419 70 1439 2
101 1408 195 1444 tum
228 1407 292 1442 est
325 1398 465 1452 enim,
503 1399 741 1442 Dominum
772 1401 921 1442 Jesum
948 1399 1202 1444 differenter
1233 1399 1392 1457 egisse,

53 1485 115 1517 ω
137 1468 298 1514 obtulit
318 1484 362 1513 se
384 1484 522 1523 unus,
553 1478 604 1513 ut
636 1483 736 1512 eum
766 1479 1039 1529 sequeretur,
1073 1480 1115 1515 et
1137 1475 1394 1531 reprobatus

58 1591 60 1593 ,
89 1561 102 1598 3
138 1539 246 1584 alius
268 1554 357 1583 non
379 1539 592 1593 audebat,
628 1548 671 1583 et
693 1538 900 1584 excitatus
928 1550 1019 1598 est3
1045 1542 1197 1587 tertius
1219 1542 1397 1589 differe-

29 1653 40 1672 ,μ
58 1618 113 1666 t,
139 1618 183 1653 et
204 1608 404 1668 culpatus
425 1617 504 1652 est.
527 1607 658 1661 Quod
679 1608 795 1652 enim
817 1608 926 1653 dixit
946 1629 955 1654 :
975 1612 1216 1669 «Domine,
1242 1629 1397 1674 sequar

60 1688 120 1733 ste
137 1693 416 1739 quocumque
436 1678 534 1722 ieris
547 1681 585 1733 ²,
605 1695 628 1720 ³)
655 1677 763 1737 quid
780 1687 867 1722 tam
888 1690 1140 1740 promptum
1154 1717 1164 1737 ,
1184 1684 1293 1743 quid
1310 1694 1398 1730 tam

63 1771 73 1796 ¹.
90 1751 268 1809 igrum,
291 1749 400 1809 quid
424 1758 512 1793 tam
534 1758 750 1807 paratum,
771 1758 815 1793 et
841 1749 947 1809 quid
970 1750 1026 1795 ad
1043 1760 1213 1798 tantum
1232 1755 1399 1801 bonum

77 1821 315 1875 tissimum,
359 1819 481 1880 sequi
507 1820 742 1864 Dominum
775 1835 1056 1882 quocumque
1098 1824 1234 1868 ierit?
1268 1828 1400 1872 Mira-

117 1892 228 1946 hoc,
269 1889 417 1934 dicens
456 1909 466 1934 2
497 1889 611 1943 Quid
640 1898 704 1934 est
732 1891 815 1935 hoc
835 1925 846 1946 ,
881 1891 1002 1951 quod
1033 1894 1238 1953 magistro
1279 1898 1398 1944 bono

50 1984 55 2016 χ,
73 1961 210 2014 ⁴mino
238 1963 341 2005 Jesu
368 1961 541 2005 Christo
571 1961 774 2004 invitanti
796 1960 1050 2020 discipulos,
1083 1965 1242 2024 quibus
1275 1967 1399 2014 daret

54 2086 56 2089 v
79 2051 88 2086 2
109 2046 206 2075 num
227 2029 457 2084 coelorum,
482 2028 702 2089 displicuit
727 2040 817 2074 tam
844 2035 1053 2090 paratus?
1076 2034 1159 2079 Sed
1178 2037 1280 2095 quia
1302 2039 1399 2085 talis

80 2102 224 2161 ‘gister
245 2109 351 2154 erat,
370 2098 604 2159 quifutura
625 2100 897 2159 praevideret,
912 2102 1209 2163 intelligimus,
1226 2107 1396 2165 fratres,

90 2186 154 2215 um
172 2170 420 2225 hominem,
446 2170 480 2213 si
511 2180 768 2231 sequeretur
799 2172 1020 2216 Christum
1042 2208 1053 2228 ,
1085 2191 1159 2219 sua
1189 2179 1398 2236 quaesitu-

60 2244 63 2252 *
92 2262 112 2281 i
138 2241 285 2296 fuisse,
301 2256 391 2285 non
407 2256 507 2300 quae
525 2243 629 2285 Jesu
649 2242 822 2286 Christi.
836 2245 931 2301 Ipse
952 2245 1067 2288 enim
1082 2245 1189 2290 dixit
1211 2266 1220 2291 :
1250 2266 1269 2290 «
1304 2252 1400 2295 Non

99 2364 102 2366 v
130 2313 164 2356 is
181 2312 258 2372 qui
272 2310 377 2355 dicit
391 2310 518 2355 mihi:
536 2312 735 2367 Domine,
751 2313 948 2369 Domine,
963 2313 1142 2360 intrabit
1155 2316 1200 2361 in
1218 2333 1401 2377 regnum

63 2401 70 2415 ··
111 2381 342 2437 oelorumss.
369 2399 390 2422 n
416 2383 474 2425 Et
503 2382 582 2426 iste
613 2380 667 2425 de
687 2382 787 2441 ipsis
816 2381 924 2438 fuit,
958 2398 1037 2428 nec
1069 2385 1128 2429 sic
1149 2401 1194 2430 se
1214 2388 1304 2448 ipse
1322 2406 1404 2437 no—

111 2461 148 2506 ,t
166 2486 178 2507 ,
202 2450 425 2511 quomodo
454 2450 647 2495 medicus
668 2451 937 2510 inspiciebat.
962 2456 1071 2499 Nam
1093 2455 1126 2498 si
1144 2457 1234 2515 jam
1260 2474 1304 2503 se
1325 2462 1405 2506 fic-

109 2543 115 2556 2
150 2537 240 2567 esse
260 2521 508 2581 spectabat,
539 2521 573 2566 si
588 2523 679 2581 jam
707 2522 907 2567 dolosum
925 2533 968 2568 et
989 2524 1241 2572 insidiosum
1257 2545 1302 2574 se
1322 2547 1406 2578 no-

111 2607 194 2641 Alias
209 2617 267 2649 vn,
288 2607 329 2640 de
344 2606 449 2641 verbis
465 2606 599 2640 Domini.
616 2622 657 2630 --
676 2612 689 2630 2
711 2607 788 2640 Luc.
807 2617 853 2649 ix,
872 2608 925 2651 57.
945 2624 986 2633 ——-
1011 2607 1024 2632 3
1041 2611 1162 2645 Matth.
1182 2624 1241 2654 vn,
1261 2622 1314 2648 21.

1186 2667 1252 2709 35.
