1898 3178
426 263 507 301 130
854 272 886 298 s.
922 268 1153 299 Aueuszrlm
1184 272 1365 299 EPISCOPI

418 339 529 383 sicut
552 338 629 382 Lia
646 340 676 380 1.
703 340 754 380 In
774 350 862 395 quo
892 336 1036 381 officio
1057 336 1138 381 viri
1158 336 1422 381 adulterium
1446 352 1534 382 non
1557 339 1805 383 committe-

418 409 526 454 bant
547 428 555 452 :
582 407 684 468 quia
700 404 908 450 uxoribus
928 405 974 450 in
988 421 1038 451 ea
1059 421 1105 451 re
1121 441 1133 462 ‚
1159 422 1258 467 quae
1277 407 1332 451 ad
1354 408 1582 468 conjugale
1604 407 1805 455 debitum

415 479 633 539 pertinet,
658 475 945 535 obediebant3
965 476 1209 522 secundum
1225 476 1270 521 id
1284 477 1405 537 quod
1422 477 1527 522 dicit
1540 478 1774 538 Apostolus
1791 498 1801 524 ε

423 569 444 593 «
477 548 636 596 Mulier
673 563 764 593 non
797 547 931 593 habet
951 556 1209 608 potestatem
1245 548 1437 608 corporis
1468 549 1560 604 sui,
1597 549 1673 594 sed
1700 550 1803 596 vir:

419 639 440 662 »
474 619 669 665 similiter
689 628 733 664 et
752 619 820 664 vir
839 634 930 665 non
949 619 1084 665 habet
1104 627 1363 680 potestatem
1388 619 1579 678 corporis
1601 619 1695 675 sui,
1730 619 1806 665 sed

421 709 442 732 »
476 690 634 736 mulier
648 694 680 735 ².
708 693 920 749 »Moyses
962 690 1093 735 etiam
1128 699 1256 735 natus
1279 706 1330 734 ex
1363 691 1549 734 Hebraea
1575 700 1713 735 matre
1730 726 1740 746 ,
1763 699 1807 735 et

415 763 655 822 expositus,
690 777 714 805 a
736 760 826 806 filia
865 761 1100 809 Pharaonis
1135 770 1199 806 est
1234 761 1511 821 adoptatus&
1547 763 1646 807 Non
1685 770 1807 806 erant

417 832 597 894 quidem
630 833 736 893 ipsae
755 833 865 893 juris
894 832 1099 878 formulae
1120 848 1220 893 quae
1252 841 1354 877 sunt
1388 831 1520 877 modo
1543 851 1552 876 ;
1579 831 1654 876 sed
1688 833 1807 877 arbi-

418 903 552 948 trium
569 903 808 949 voluntatis
829 919 908 964 pro
928 919 1081 949 norma
1102 902 1209 963 legis
1229 903 1477 948 habebatur
1495 924 1507 961 3
1527 903 1636 947 sicut
1657 912 1701 947 et
1722 902 1806 948 alio

417 973 514 1019 loco
533 973 639 1019 dicit
655 974 888 1034 Apostolus
915 993 923 1019 :
953 994 973 1017 «
999 975 1110 1028 Quia
1137 983 1287 1032 gentes
1305 973 1446 1033 legem
1463 988 1553 1018 non
1575 973 1804 1029 habentes,

419 1063 441 1087 »
475 1045 732 1091 naturaliter
744 1062 843 1106 quae
860 1045 967 1105 legis
989 1054 1092 1091 sunt
1107 1044 1321 1089 faciunt4.
1345 1064 1366 1087 n
1390 1047 1433 1089 Si
1452 1054 1598 1089 autem
1616 1043 1808 1089 foeminis

418 1115 579 1161 licebat
601 1132 672 1162 eos
710 1116 823 1161 filios
845 1115 1010 1172 facere,
1036 1132 1144 1177 quos
1167 1131 1258 1161 non
1279 1117 1384 1175 ipsae
1414 1125 1694 1176 pepererant3
1729 1132 1808 1161 cur

418 1202 510 1232 non
532 1197 576 1232 et
593 1188 696 1234 viris
710 1223 720 1243 ‚
745 1203 855 1249 quos
882 1203 972 1232 non
989 1188 1070 1247 ipsi
1091 1197 1329 1246 genuerant
1362 1203 1413 1231 ex
1434 1189 1595 1232 semine
1616 1187 1805 1243 carnali,

417 1259 494 1303 sed
527 1275 579 1304 ex
606 1258 840 1304 dilectione
880 1257 1151 1319 adoptandi?
1170 1261 1280 1304 Nam
1315 1268 1359 1302 et
1389 1259 1533 1318 ipsum
1562 1260 1700 1304 Jacob
1727 1275 1808 1319 pa-

417 1330 651 1376 triarcham
694 1340 916 1376 tantorum
958 1329 1150 1374 filiorum
1190 1339 1359 1390 patrem
1376 1365 1388 1385 ‚
1433 1330 1615 1388 legimus
1659 1341 1806 1376 tamen

415 1400 498 1445 sibi
520 1401 632 1447 filios
659 1400 809 1446 fecisse
845 1408 1026 1461 nepotes
1059 1415 1158 1446 suos
1177 1436 1188 1456 ,
1226 1400 1338 1445 filios
1359 1401 1545 1460 Joseph,
1565 1401 1624 1445 ita
1655 1400 1808 1446 dicen-

418 1480 509 1515 tem
538 1490 547 1516 :
578 1491 600 1515 «
636 1472 714 1516 Isti
742 1470 833 1516 duo
857 1471 964 1515 mihi
989 1480 1146 1527 erunt,
1185 1479 1229 1517 et
1268 1471 1482 1531 accipient
1514 1480 1673 1516 terram
1707 1487 1810 1516 cum

420 1559 442 1583 »
477 1541 686 1587 fratribus
719 1543 835 1600 suis3
870 1558 979 1602 quos
1015 1541 1120 1587 alios
1160 1543 1359 1601 genueris
1392 1543 1473 1586 tibi
1493 1543 1612 1586 sint⁵
1637 1562 1645 1587 :
1675 1561 1697 1584 »
1719 1543 1810 1589 Nisi

416 1610 530 1656 forte
559 1611 657 1672 quis
693 1610 853 1655 dixerit
891 1612 1035 1670 ipsum
1059 1610 1303 1670 adoptionis
1332 1612 1540 1667 verbum,
1565 1628 1655 1658 non
1683 1614 1810 1658 inve-

418 1681 503 1726 niri
523 1682 568 1725 in
600 1681 833 1741 Scripturis
855 1681 1029 1725 sanctis.
1062 1681 1195 1734 Quasi
1233 1697 1336 1726 vero
1358 1682 1601 1742 quidquam
1632 1684 1811 1728 interest

418 1767 509 1813 quo
529 1750 746 1797 vocabulo
770 1751 1015 1812 appelletur
1030 1786 1041 1808 ,
1076 1767 1178 1796 cum
1200 1767 1266 1796 res
1288 1751 1379 1812 ipsa
1402 1753 1481 1808 sit,
1508 1763 1557 1797 ut
1579 1753 1738 1798 habeat
1754 1755 1810 1798 fi-

417 1824 526 1869 lium
546 1823 728 1880 mulier,
754 1839 888 1884 quem
909 1839 1039 1869 carne
1063 1839 1154 1869 non
1175 1824 1345 1884 peperit
1367 1844 1378 1881 3
1404 1833 1479 1868 aut
1503 1824 1692 1885 aliquem
1725 1826 1807 1882 vir,

417 1911 549 1956 quem
570 1910 698 1940 carne
719 1910 810 1939 non
833 1895 1000 1954 genuit.
1026 1896 1082 1939 Et
1107 1909 1177 1938 me
1205 1893 1384 1953 quidem
1420 1910 1511 1939 non
1539 1905 1812 1955 repugnante

419 1983 510 2012 non
537 1976 665 2012 vocet
696 1965 955 2026 adoptatum
986 1965 1171 2024 Joseph,
1206 1965 1448 2010 dummodo
1471 1966 1682 2012 concedat
1710 1983 1813 2012 eum

418 2038 559 2082 filium
590 2052 680 2082 esse
701 2036 893 2096 potuisse
916 2035 1044 2080 etiam
1071 2036 1163 2095 ejus
1198 2035 1253 2080 de
1288 2037 1411 2097 cujus
1439 2053 1570 2082 carne
1596 2054 1687 2083 non
1720 2047 1812 2083 erat

420 2118 562 2154 natus.
609 2110 874 2168 Quanquam
915 2105 1078 2151 Paulus
1123 2105 1349 2166 apostolus
1391 2108 1522 2152 etiam
1566 2108 1812 2168 adoptionis

420 2195 583 2225 nomen
606 2178 775 2223 assidue
803 2185 1143 2233 commemoret,
1172 2185 1216 2221 et
1243 2177 1290 2221 in
1324 2193 1484 2237 magno
1521 2188 1806 2224 sacramento.

421 2253 532 2297 Nam
549 2265 651 2296 cum
667 2249 905 2295 Dominum
927 2256 1126 2292 nostrum
1140 2249 1287 2292 Jesum
1304 2248 1527 2292 Christum
1541 2249 1721 2294 unicum
1733 2250 1812 2294 Dei

423 2322 585 2368 Filium
610 2321 833 2382 Scriptura
850 2328 1033 2365 testetur
1049 2354 1061 2374 ,
1087 2318 1243 2363 fratres
1264 2327 1307 2363 et
1328 2319 1576 2365 cohaeredes
1601 2336 1710 2380 quos
1732 2321 1820 2378 ha<

424 2393 529 2437 bere
545 2394 748 2453 dignatus
765 2400 829 2437 est
844 2427 856 2448 ,
881 2390 1117 2451 adoptione
1138 2391 1328 2450 quadarn
1351 2390 1511 2435 divinae
1548 2391 1695 2450 gratiae
1716 2385 1817 2437 fieri

424 2462 544 2508 dicit.
574 2467 732 2511 «Cum
768 2472 915 2509 autem
935 2462 1081 2518 venit,
1118 2461 1285 2522 inquit,
1323 2461 1551 2522 plenitudo
1574 2463 1806 2524 temporis,

475 2566 485 2582 ¹
506 2562 587 2593 Gen.
602 2571 656 2592 xvi
674 2564 708 2592 et
722 2570 797 2593 xxx.
819 2576 861 2583 —
877 2566 890 2583 2
912 2570 927 2593 ι
946 2560 1019 2593 Cor.
1040 2569 1097 2601 vu,
1115 2556 1148 2600 4.
1164 2574 1206 2581 ·-
1225 2556 1239 2583 3
1258 2558 1358 2591 Exod.
1378 2570 1413 2592 11.
1434 2575 1475 2583 —
1493 2557 1612 2594 ltRom.
1634 2570 1670 2602 n,
1699 2559 1750 2603 14.
1767 2575 1808 2583 -—

429 2614 444 2639 ⁵
470 2617 552 2655 Gen,
569 2625 678 2657 vam,
699 2614 730 2648 5.
