1898 3178
378 247 459 288 142
809 259 841 284 s.
879 255 1115 285 Aucusnm
1147 259 1331 287 Emscom

370 337 640 383 consequens
657 323 760 376 erit,
786 330 834 365 ut
852 330 896 366 et
928 325 1100 368 Patrem
1132 322 1326 368 dicamus
1344 332 1496 368 natum
1518 323 1574 368 de
1593 325 1761 384 virgine

367 394 504 439 Maria
519 428 530 449 ,
552 397 725 438 Patrem
747 407 920 451 passum
939 394 1021 438 sub
1046 395 1203 439 Pontio
1232 394 1372 440 Pilato
1387 429 1399 451 ,
1421 399 1593 439 Patrem
1616 411 1761 441 resur-

367 465 520 509 rexisse
543 473 586 509 et
606 464 651 508 in
684 462 846 508 coelum
869 463 1139 510 ascendisse?
1161 465 1287 510 absit.
1313 468 1412 511 Non
1436 467 1520 511 hoc
1546 465 1731 512 dicimus
1747 503 1759 523 ‚

366 535 468 595 quia
481 550 571 579 non
583 534 666 578 hoc
677 534 910 580 credimus.
921 535 1124 581 «Credidi
1136 536 1252 580 enim
1264 545 1444 596 propter
1455 537 1577 597 quod
1588 536 1763 582 locutus

367 623 389 646 »
407 620 504 649 sum
514 607 526 630 ¹
536 624 544 648 :
554 622 573 645 η
580 612 624 648 et
635 619 712 649 nos
724 605 940 650 credimus
951 615 1129 666 propter
1141 605 1260 667 quod
1275 616 1318 651 et
1330 606 1688 668 loquimur.Quid
1699 617 1764 653 est

365 675 415 719 in
432 674 548 719 fide?
565 675 678 729 Quia
699 675 836 720 Filius
853 675 909 720 de
925 677 1102 736 Virgine
1117 687 1247 722 natus
1268 687 1333 722 est
1346 713 1357 733 ,
1378 693 1470 722 non
1484 681 1626 722 Pater.
1647 677 1764 732 Quid

365 756 427 792 est
444 748 490 791 in
503 747 616 792 fide?
632 747 744 801 Quia
758 747 894 792 Filius
906 763 1055 808 passus
1072 757 1135 793 est
1147 747 1229 793 sub
1248 749 1403 793 Pontio
1416 749 1572 805 Pilato,
1593 759 1636 794 et
1647 765 1765 795 mor-

364 828 489 875 tuus,
515 835 606 864 non
627 823 773 864 Pater.
797 820 971 864 Excidit
983 820 1111 865 nobis
1124 855 1134 875 ‚
1156 819 1370 880 quosdam
1389 819 1502 864 male
1517 820 1766 880 intelligen-

364 899 428 935 tes
442 891 587 936 vocari
602 891 964 951 Patripassianos,
987 891 1063 952 qui
1080 890 1240 935 dicunt
1260 891 1406 951 ipsum
1422 894 1595 936 Patrem
1612 899 1766 936 natum

364 977 414 1006 ex
437 962 641 1017 foemina,
677 963 822 1022 ipsum
854 966 1027 1007 Patrem
1060 977 1235 1022 passum
1251 997 1262 1018 ,
1297 962 1442 1022 ipsum
1471 978 1560 1008 esse
1592 966 1765 1008 Patrem

363 1032 441 1091 qui
462 1042 525 1078 est
551 1032 712 1089 Filius,
732 1032 822 1078 duo
844 1047 934 1077 esse
957 1033 1138 1078 nomina
1154 1068 1165 1089 ,
1186 1047 1277 1077 non
1295 1047 1361 1077 res
1382 1032 1516 1078 duas?
1537 1036 1595 1078 Et
1615 1048 1765 1078 remo-

363 1103 425 1146 vit
445 1104 549 1148 istos
573 1103 766 1148 Ecclesia
793 1103 1007 1148 catholica
1022 1120 1045 1148 a
1067 1103 1376 1148 communione
1408 1113 1680 1161 sanctorum,
1705 1118 1762 1148 ne

363 1172 554 1234 aliquem
575 1174 849 1235 deciperent,
875 1184 926 1220 ut
946 1176 1132 1235 separati
1152 1174 1388 1233 litigarent.

421 1246 521 1289 VII.
558 1248 828 1290 Revocemus
846 1260 950 1304 ergo
967 1245 1273 1290 difficultatem
1290 1244 1544 1306 quaestionis
1568 1240 1764 1286 sensibus

362 1316 527 1360 vestris.
554 1317 678 1361 Dicat
693 1316 849 1376 aliquis
864 1316 997 1361 mihi:
1025 1319 1091 1360 Tu
1107 1315 1251 1360 dixisti
1269 1351 1280 1371 ,
1302 1315 1412 1359 nihil
1433 1318 1607 1359 Patrem
1624 1312 1767 1356 facere

362 1387 452 1431 sine
467 1387 594 1443 Filio,
615 1403 760 1448 neque
778 1387 940 1432 Filium
956 1388 1048 1432 sine
1063 1391 1190 1432 Patre
1203 1401 1216 1432 ι·
1237 1397 1281 1431 et
1296 1384 1544 1432 testimonia
1556 1384 1611 1428 de
1627 1384 1768 1444 Scrip-

362 1459 470 1503 turis
493 1459 758 1515 adhibuisti,
783 1460 892 1504 nihil
915 1463 1089 1504 Patrem
1116 1459 1259 1504 facere
1281 1459 1373 1503 sine
1390 1457 1529 1513 Filio,
1553 1456 1656 1517 quia
1677 1470 1769 1501 om-

363 1530 436 1574 nia
462 1545 540 1589 per
569 1531 714 1589 ipsum
743 1530 858 1576 faeta
886 1540 1015 1588 sunt,
1040 1546 1120 1575 nec
1143 1530 1265 1586 quod
1285 1531 1453 1576 factum
1475 1538 1539 1574 est
1563 1528 1653 1587 regi
1675 1528 1768 1573 sine

364 1600 498 1655 Filio,
519 1600 622 1660 quia
637 1600 728 1659 ipse
745 1609 810 1644 est
829 1600 1048 1659 Sapientia
1062 1601 1199 1644 Patris
1213 1635 1224 1656 ,
1245 1601 1463 1660 attingens
1481 1617 1505 1644 a
1518 1601 1607 1644 fine
1628 1613 1767 1659 usque

365 1670 421 1715 ad
432 1671 565 1714 finem
581 1670 755 1715 fortiter
767 1705 778 1725 ,
802 1679 846 1714 et
863 1670 1099 1730 disponens
1122 1671 1268 1716 omnia
1282 1672 1489 1716 suaviter·
1507 1669 1641 1715 Modo
1657 1670 1768 1714 mihi

365 1742 472 1787 dicis
493 1743 617 1803 quasi
638 1751 791 1788 contra
812 1751 855 1786 te
877 1742 1019 1802 ipsum
1050 1742 1236 1803 loquens
1251 1778 1262 1798 ,
1288 1742 1426 1787 Filius
1460 1751 1588 1786 natus
1615 1751 1679 1786 est
1710 1741 1765 1785 de

366 1813 569 1870 Virgine,
593 1829 683 1858 non
706 1817 857 1871 Pater,
892 1813 1028 1857 Filius
1050 1828 1198 1873 passus
1217 1822 1282 1858 est
1298 1848 1309 1868 ,
1336 1828 1428 1857 non
1445 1816 1598 1870 Pater3
1629 1811 1767 1856 Filius

366 1885 624 1941 resurrexit,
659 1899 750 1930 non
773 1888 916 1928 Pater.
940 1886 1055 1929 Ecce
1075 1894 1205 1929 teneo
1229 1883 1394 1943 aliquid
1415 1884 1558 1928 facere
1576 1882 1762 1938 Filium,

366 1954 489 2014 quod
511 1970 600 1999 non
627 1953 732 1999 facit
753 1958 896 1999 Pater.
920 1956 1012 1999 Aut
1033 1969 1137 2013 ergo
1165 1955 1375 1999 confitere
1389 1989 1401 2010 ,
1434 1954 1578 1998 facere
1599 1952 1766 2014 aliquid

367 2026 529 2071 Filium
559 2025 651 2069 sine
685 2029 813 2070 Patre
837 2044 845 2070 :
871 2034 948 2070 aut
978 2026 1188 2070 confitere
1220 2026 1349 2070 etiam
1383 2029 1558 2070 Patrem
1587 2034 1764 2080 natum,

367 2110 539 2156 passum
553 2131 565 2152 ,
590 2104 816 2141 mortuum
832 2130 843 2150 ,
869 2095 1163 2140 resurrexisse.
1185 2098 1275 2140 Aut
1291 2094 1402 2140 illud
1415 2131 1426 2151 ,
1444 2095 1651 2140 aut‘illud
1668 2094 1762 2152 dic;

368 2167 478 2227 elige
499 2182 641 2212 unum
663 2168 718 2212 de
741 2166 931 2213 duobus.
953 2170 1049 2228 Ego
1070 2178 1276 2213 neutrum
1294 2166 1430 2227 eligo,
1452 2183 1534 2211 nec
1548 2168 1632 2210 hoc
1647 2200 1658 2222 ,
1682 2180 1764 2210 nec

368 2237 479 2282 illud
498 2238 613 2283 dico.
639 2240 728 2283 Nec
751 2237 918 2298 aliquid
931 2236 1074 2282 facere
1091 2237 1253 2282 Filium
1270 2238 1362 2281 sine
1380 2239 1507 2281 Patre
1519 2235 1644 2280 dico:
1664 2235 1767 2295 quia

369 2309 573 2364 mentior,
592 2308 627 2353 si
647 2309 733 2353 hoc
750 2308 901 2353 dixero
919 2327 928 2353 2
949 2322 1029 2352 nec
1046 2311 1219 2351 Patrem
1237 2316 1407 2362 natum,
1433 2321 1628 2366 passum,
1652 2321 1767 2351 mor-

370 2388 518 2434 tuum,
555 2380 834 2424 resurrexisse
868 2378 967 2424 dico
981 2414 992 2434 ,
1037 2378 1138 2439 quia
1166 2377 1450 2422 nihilominus
1484 2377 1672 2422 mentior
1686 2412 1697 2432 ,
1731 2376 1766 2421 si

368 2451 453 2495 hoc
470 2449 632 2493 dixero,
645 2450 895 2506 Quomodo,
915 2450 1075 2510 inquit,
1095 2447 1376 2509 explicaberis
1392 2450 1447 2493 ab
1459 2449 1527 2493 his
1540 2448 1761 2507 angustiis.

428 2522 552 2565 VIII.
588 2520 736 2566 Placet
757 2522 882 2569 vobis
902 2521 1086 2582 quaestio
1099 2521 1334 2581 proposita.
1354 2522 1469 2565 Deus
1493 2519 1689 2579 adjuvet,
1714 2526 1765 2562 ut

416 2610 426 2628 ¹
453 2602 534 2637 Psal.
554 2614 630 2647 cxv,
652 2615 702 2638 10.
