1898 3178
290 202 428 232 SERMO
460 201 656 240 Lxxxvn,
692 203 746 229 DE
778 201 924 231 vsmsrs
954 201 1118 231 ΜΑΤΤΗ.
1152 203 1219 230 xx.
1364 192 1448 233 435

75 271 121 315 in
140 269 259 328 ligno
273 272 291 312 ’ἓ
308 270 594 329 Agitaverunt
607 277 738 327 caput
754 269 829 328 qui
843 284 942 313 eum
955 270 1276 326 crucifixerunt,
1292 279 1335 315 et
1349 281 1448 316 ante

76 354 248 386 crucem
265 342 356 401 ejus
377 348 566 394 stantes,
586 348 630 383 et
650 346 860 398 tanquam
877 341 932 385 ad
952 341 1145 386 fructum
1167 358 1257 387 suae
1277 343 1452 387 saevitiae

76 412 398 472 pervenientes,
433 409 688 453 insultantes
719 408 924 455 dicebant
950 430 958 455 ε
987 431 1008 453 «
1035 412 1078 457 Si
1099 412 1235 457 Filius
1265 413 1344 457 Dei
1362 422 1449 466 est,

79 500 101 525 »
133 481 368 526 descendat
387 480 442 525 de
458 495 600 525 cruce.
617 478 734 524 Alios
755 480 892 526 salvos
912 481 1030 538 fecit,
1055 499 1099 528 se
1120 484 1262 543 ipsum
1283 484 1450 529 salvum

80 571 102 595 »
134 551 276 597 facere
292 568 382 597 non
409 553 576 611 potest?
598 550 840 595 Descendat
863 551 918 595 de
939 568 1090 608 cruce,
1115 563 1158 598 et
1175 553 1389 599 credimus
1405 555 1465 598 in¹

81 643 102 667 n
135 625 276 669 eum¹.
312 626 450 669 »Non
477 621 795 677 descendebat,
830 623 932 682 quia
963 622 1142 669 latebat.
1172 625 1313 670 Multo
1338 626 1454 669 enim

78 694 245 742 facilius
266 703 436 755 poterat
451 694 506 738 de
528 708 656 738 cruce
672 692 954 748 descendere,
972 695 1047 754 qui
1069 695 1213 754 potuit
1234 695 1288 740 de
1309 697 1456 756 sepul-

79 780 152 810 cro
176 780 415 824 resurgere.
442 763 512 808 Ad
539 772 730 808 nostram
750 762 1103 808 informationem
1130 763 1457 810 demonstrabat

82 835 346 896 patientiam⁷
369 833 600 878 differebat
620 834 876 893 potentiam,
902 843 946 878 et
965 849 1055 879 non
1076 844 1140 879 est
1161 836 1456 895 agnitus.Non

82 907 196 951 enim
216 915 322 950 tunc
346 905 503 950 exierat
526 904 771 949 conducere
793 906 1030 965 operarios,
1049 921 1140 951 non
1162 907 1343 962 exierat,
1368 922 1459 951 non

11 972 15 977 ⁴
82 977 345 1023 innotuerat.
369 977 512 1022 Tertio
534 975 605 1020 die
628 976 882 1033 resurrexit,
914 977 1228 1023 demonstravit
1251 994 1296 1023 se
1317 978 1457 1023 Disci-

83 1048 210 1110 pulis‚
226 1048 418 1094 ascendit
434 1048 478 1092 in
496 1047 675 1104 coelum,
691 1057 733 1092 et
751 1048 865 1092 misit
887 1048 1095 1108 Spiritum
1116 1059 1314 1094 sanctum
1335 1050 1460 1109 quin-

83 1120 332 1181 quagesimo
347 1119 417 1164 die
438 1129 534 1179 post
555 1120 928 1175 resurrectionem,
945 1119 1115 1165 decimo
1132 1129 1229 1180 post
1247 1121 1463 1166 ascensio-

51 1232 53 1234 ,
84 1205 199 1235 nem.
226 1191 380 1235 Missus
403 1190 583 1249 Spiritus
605 1199 776 1234 sanctus
796 1189 991 1249 implevit
1008 1206 1157 1235 omnes
1185 1191 1263 1251 qui
1283 1191 1465 1236 fuerunt

29 1255 55 1303 ⁴,
84 1261 130 1306 in
157 1276 247 1305 uno
275 1260 490 1314 conclavi,
522 1259 878 1317 centum-viginti
905 1260 1118 1304 homines.
1143 1280 1164 1302 «
1193 1262 1366 1321 Impleti
1401 1261 1465 1306 illi

25 1341 36 1370 s.
88 1348 109 1373 »
145 1331 308 1389 Spiritu
344 1338 514 1384 sancto,
556 1344 785 1388 coeperunt
805 1329 926 1388 loqui
954 1330 1115 1388 linguis
1137 1331 1332 1375 omnium
1356 1346 1464 1390 gen-

89 1418 110 1444 »
143 1401 295 1456 tium2‚
319 1420 338 1441 »
365 1415 559 1459 expressa
583 1408 646 1443 est
659 1400 845 1454 vocatio,
866 1400 968 1443 exiit
988 1399 1061 1443 ille
1084 1400 1344 1446 conducere.
1360 1405 1466 1447 Coe-

87 1471 150 1532 pit
169 1472 282 1515 enim
301 1471 489 1515 veritatis
502 1470 696 1529 potentia
713 1469 916 1513 omnibus
936 1470 1219 1516 innotescere.
1231 1474 1339 1517 Nam
1361 1482 1467 1518 tunc

89 1542 218 1587 etiam
245 1557 358 1585 unus
380 1549 556 1600 accepto
580 1540 743 1599 Spiritu
763 1549 911 1584 sancto
925 1575 937 1595 ‚
957 1541 1086 1584 etiam
1119 1558 1231 1586 unus
1254 1541 1468 1603 loqueba-

90 1621 160 1658 tur
174 1612 370 1657 omnium
389 1612 584 1671 gentium
605 1609 923 1668 linguis.Modo
945 1619 1089 1655 autem
1106 1611 1153 1655 in
1174 1613 1365 1658 Ecclesia
1378 1615 1472 1673 ipsa

0 1685 2 1690 '
66 1694 70 1698 ’
90 1685 230 1729 unitas
255 1692 465 1743 tanquam
488 1697 601 1725 unus
621 1671 818 1740 loquitur
844 1681 1041 1725 omnium
1064 1683 1256 1741 gentium
1288 1683 1464 1744 linguis.

91 1753 158 1799 Ad
174 1769 305 1815 quam
320 1752 515 1811 linguam
533 1751 681 1809 religio
695 1751 926 1795 christiana
941 1767 1029 1796 non
1047 1754 1274 1811 pervenit?
1287 1755 1342 1799 ad
1359 1771 1469 1816 quos

92 1825 198 1870 fines
218 1839 308 1868 non
330 1822 580 1882 pertendit?
601 1841 620 1863 «
637 1823 662 1865 J
666 1836 735 1865 am
756 1836 846 1866 non
866 1831 930 1866 est
950 1823 1027 1882 qui
1048 1838 1091 1867 se
1105 1823 1342 1869 abscondat
1358 1841 1382 1870 a
1398 1842 1470 1871 ca-

44 1913 53 1928 v
97 1912 119 1937 »
151 1894 242 1939 lore
269 1894 359 1953 ejus
378 1895 392 1918 3
416 1912 424 1937 ;
452 1910 472 1933 »
499 1900 542 1936 et
563 1890 707 1936 adhuc
738 1892 788 1936 fit
808 1907 930 1936 mora
957 1892 1012 1936 ab
1034 1908 1087 1938 eo
1109 1893 1184 1954 qui
1214 1903 1299 1940 stat
1319 1895 1366 1940 in
1387 1912 1472 1942 un-

96 1963 274 2010 decima.

112 2038 206 2080 Χ.
222 2033 504 2079 Manifestum
526 2040 590 2075 est
611 2046 736 2090 ergo,
760 2030 913 2076 fratres
934 2033 1041 2111 mei,
1068 2035 1246 2079 omnino
1265 2035 1473 2082 manifes-

162 2398 212 2434 nt
231 2404 332 2434 cum
354 2389 431 2434 illo
456 2386 619 2432 tabulae
642 2403 782 2432 novae.
807 2392 986 2433 Prorsus
1008 2390 1152 2433 omnia
1175 2389 1472 2438 dimittuntur.

165 2476 235 2506 mo
255 2461 309 2506 sit
328 2459 535 2505 sollicitus
551 2493 562 2515 ,
587 2459 708 2518 quod
729 2459 895 2519 aliquid
919 2459 958 2504 ei
992 2475 1082 2505 non
1103 2460 1363 2507 dimittatur.
1391 2465 1476 2510 Sed

79 2547 81 2553 ’
145 2546 159 2564 r
174 2545 412 2586 Matth.xxv11‚
431 2543 484 2587 40.
506 2560 546 2566 --
574 2550 585 2566 2
613 2546 685 2576 Aet.
703 2554 727 2585 1,
750 2543 801 2576 15.
818 2560 859 2567 —
880 2542 893 2567 3
913 2543 998 2576 Psal.
1018 2555 1108 2584 xvm,
1128 2556 1159 2589 7.

1282 2601 1346 2641 28.
