1898 3178
293 240 434 268 senno
466 240 615 278 Lxxvi,
649 240 703 266 DE
735 237 881 266 VERfflS
912 236 1076 266 ΜΑΤΤΗ.
1111 237 1199 264 xiv.
1352 225 1435 264 345

62 324 82 347 »
109 308 179 350 es¹
201 325 209 350 :
240 325 259 347 »
285 322 374 351 non
395 307 509 350 enim
533 305 644 364 sapis
666 320 764 364 quae
788 305 863 348 Dei
882 314 1005 359 suut,
1026 303 1100 348 scd
1123 319 1222 363 quae
1237 304 1434 348 suntho-

59 377 242 421 minum.
268 377 380 429 Quid
402 392 479 420 nos
494 376 589 419 vult
606 375 745 419 tacere
771 390 821 419 ex
843 376 925 419 hoc
947 375 1068 435 quod
1089 389 1258 429 sumus,
1279 375 1354 434 qui
1375 375 1434 418 sic

57 448 205 507 culpat
235 448 354 508 quod
376 448 571 492 homines
593 448 768 491 sumus?
801 446 943 490 Vultis
965 447 1072 491 scire
1093 445 1199 506 quid
1225 461 1302 490 nos
1330 445 1434 489 velit

55 517 224 561 facere?
246 518 405 562 Audite
431 518 646 561 Psalmum
665 536 673 561 :
697 537 716 558 (ι
732 519 823 573 Ego
838 515 946 561 dixi:
970 517 1034 560 Dii
1055 517 1168 571 estis,
1187 525 1230 560 et
1247 515 1324 559 filii
1346 518 1434 560 Ex-

59 606 78 628 »
104 587 205 632 celsi
228 592 416 632 omnes'2.
445 607 464 629 υ
491 588 572 633 Sed
595 589 784 631 humana
807 587 1039 646 sapiendo:
1060 590 1146 631 Vos
1163 596 1308 631 autem
1325 587 1435 631 sicut

54 658 251 702 homines
272 659 529 703 moriemini.
553 659 673 702 Idem
695 658 783 717 ipse
801 661 954 701 Petrus
977 656 1107 716 paulo
1129 666 1228 700 ante
1252 657 1403 700 beatus
1419 692 1429 710 ,

54 738 201 788 postea
227 732 424 784 Satanas,
448 729 494 773 in
511 738 734 774 momento
755 744 844 773 uno
862 764 872 781 ‚
898 727 1008 773 infra
1029 744 1168 788 pauca
1189 729 1334 772 verba.
1358 730 1435 773 Mi-

0 855 1 861 *
53 800 157 843 raris
179 798 472 844 differentiam
497 801 747 853 nominum,
781 798 1050 844 differentias
1078 800 1252 843 attende
1284 815 1433 843 causa-

52 885 165 914 rum.
187 869 303 922 Quid
321 870 486 914 miraris
501 905 512 925 ,
544 871 645 931 quia
665 870 795 930 paulo
818 879 918 914 ante
936 870 1088 914 beatus
1103 905 1114 926 ,
1137 880 1283 929 postea
1311 873 1432 913 Sata-

52 940 154 984 nas?
167 939 354 984 Attende
368 955 540 984 causam
555 956 688 1001 quare
701 941 868 985 beatus.
884 941 1027 994 «Quia
1039 956 1128 985 non
1141 941 1218 984 tibi
1231 941 1434 984 revelavit

55 1028 75 1050 »
101 1025 200 1054 caro
217 1020 260 1053 et
277 1011 450 1069 sanguis
463 1046 473 1065 ,
491 1010 566 1055 sed
585 1015 709 1055 Pater
726 1026 846 1055 meus
865 1011 941 1071 qui
959 1010 1000 1054 in
1017 1010 1138 1055 coelis
1158 1019 1220 1054 est
1236 1012 1266 1053 3.
1288 1029 1305 1050 »
1331 1010 1433 1054 Ideo

52 1081 226 1135 beatus,
255 1081 356 1140 quia
384 1081 461 1124 tibi
487 1096 576 1125 non
609 1097 708 1125 caro
738 1091 780 1125 et
808 1081 980 1139 sanguis
1002 1081 1221 1125 revelavit.
1253 1081 1295 1125 Si
1319 1080 1433 1124 enim

50 1166 149 1195 caro
172 1160 214 1195 et
236 1153 408 1210 sanguis
429 1153 513 1196 hoc
534 1153 613 1197 tibi
630 1152 861 1210 revelaret3
887 1152 940 1196 de
959 1162 1062 1210 tuo3
1093 1152 1194 1212 quia
1220 1167 1322 1195 vcro
1345 1168 1431 1195 non

0 1201 6 1281 Ι
47 1237 147 1265 caro
168 1230 211 1265 et
232 1223 404 1281 sanguis
426 1223 504 1266 tibi
521 1223 740 1277 revelavit,
766 1223 841 1267 sed
861 1227 985 1267 Pater
1008 1238 1129 1267 meus
1151 1222 1288 1283 quiin
1312 1221 1433 1266 ecelis

47 1301 131 1349 est,
157 1291 212 1336 de
237 1308 355 1347 meo,
390 1309 479 1337 non
506 1293 560 1337 de
588 1304 678 1338 tuo.
715 1297 858 1347 Quare
885 1294 939 1337 de
961 1296 1084 1337 meo?
1106 1312 1125 1335 «
1148 1294 1259 1346 Quia
1288 1293 1432 1336 omnia

4 1371 7 1374 ’
49 1380 69 1404 »
95 1378 195 1421 quae
223 1363 355 1407 habet
388 1367 534 1418 Pater,
570 1379 662 1407 mea
690 1367 835 1408 sunt4.
865 1384 884 1405 »
909 1367 1022 1408 Ecce
1051 1363 1207 1408 audisti
1240 1380 1428 1407 causam.

47 1448 182 1492 quare
205 1433 382 1488 beatus,
405 1443 448 1476 et
470 1449 603 1493 quare
634 1437 798 1477 Petrus.
840 1439 980 1487 Quare
1010 1443 1154 1477 autem
1182 1433 1291 1476 illud
1313 1435 1433 1493 quod

46 1503 362 1558 horrescimus,
392 1513 435 1548 et
467 1513 663 1563 repetere
684 1504 914 1548 nolumus?
942 1520 1101 1563 quare,
1133 1504 1213 1547 nisi
1248 1504 1349 1563 quia
1379 1504 1432 1547 dc

47 1576 151 1620 tuo?
172 1594 192 1617 «
211 1578 308 1621 Non
330 1576 444 1619 enim
465 1576 576 1635 sapis
598 1591 696 1636 quae
719 1577 795 1619 Dei
810 1584 932 1630 sunt,
959 1575 1038 1619 sed'
1050 1591 1149 1635 quae
1167 1585 1269 1619 sunt
1292 1575 1431 1618 homi<

51 1665 69 1687 »
96 1662 219 1690 num.
237 1664 265 1687 v»
556 1682 564 1688 .

0 1763 2 1774 ¹
103 1719 179 1760 IV.
214 1718 307 1760 Hoc
328 1717 546 1760 intuentes
569 1731 646 1761 nos
670 1715 872 1761 Ecclesiae
904 1716 1149 1760 membrum
1166 1750 1177 1771 ,
1210 1715 1430 1759 discerna-

0 1777 4 1784 ’
44 1802 141 1831 mus
155 1787 262 1847 quid
275 1785 330 1830 de
348 1787 446 1841 Dei,
463 1786 569 1846 quid
592 1787 646 1830 de
659 1796 821 1831 nostro.
843 1790 964 1831 Tunc
979 1787 1092 1830 enim
1110 1802 1198 1830 non
1222 1787 1432 1830 titubabi-

0 1851 2 1917 ζ
45 1872 156 1912 mus,
171 1866 296 1913 ¹>tunc
317 1857 362 1899 in
382 1865 502 1915 petra
536 1855 848 1910 fundabimur,
880 1857 952 1899 fixi
987 1865 1029 1899 et
1065 1856 1238 1899 stabiles
1273 1856 1431 1899 erimus

45 1926 247 1972 adversus
275 1936 426 1971 ventos
444 1962 455 1981 ,
487 1927 646 1972 imbres
663 1962 673 1982 ,
705 1928 885 1971 flumina
903 1963 914 1982 ,
949 1927 1208 1971 tentationes
1230 1926 1430 1972 videlicet

0 2003 2 2016 ¹
44 1998 266 2057 praesentis
287 1997 448 2041 saeculi.
474 1998 604 2041 Illum
635 2007 781 2042 tamen
812 1997 955 2043 videte
985 2001 1161 2042 Petrum
1179 2032 1189 2052 ,
1215 1997 1292 2057 qui
1324 2006 1429 2042 tunc

45 2077 136 2112 erat
157 2069 296 2127 figura
325 2077 469 2112 nostra
497 2087 506 2112 :
527 2068 659 2112 modo
677 2068 772 2112 fidit
788 2103 798 2122 ,
827 2067 956 2112 modo
974 2067 1159 2125 titubat·⁷
1190 2067 1321 2111 modo
1345 2068 1428 2111 im-

43 2138 271 2183 mortalem
303 2139 535 2183 confitetur
552 2174 562 2193 ,
588 2139 721 2183 modo
748 2139 871 2182 timet
899 2154 954 2182 ne
988 2139 1210 2183 moriatur.
1242 2138 1429 2183 Proinde

45 2210 146 2270 quia
163 2208 355 2253 Ecclesia
372 2210 531 2253 Christi
552 2210 685 2254 habet
707 2210 875 2264 firmos,
896 2209 1030 2254 habet
1047 2219 1090 2254 et
1106 2210 1323 2267 infirmos3
1349 2225 1427 2253 nec

10 2300 12 2309 r
44 2282 135 2324 sine
157 2278 289 2323 firmis
312 2289 453 2338 potest
473 2295 584 2335 esse,
609 2296 689 2324 nec
701 2281 791 2325 sine
808 2281 988 2324 infirmis
1015 2300 1023 2325 :
1046 2280 1162 2324 unde
1185 2278 1289 2324 dicit
1312 2283 1426 2323 Pau-

0 2340 2 2352 *
44 2350 111 2394 lus
144 2348 364 2408 apostolus
390 2369 398 2394 :
428 2351 688 2394 «Debemus
729 2360 875 2395 autem
907 2365 984 2395 nos
1018 2351 1131 2394 firmi
1154 2351 1424 2394 infirmorum

0 2476 1 2481 Ἰ
47 2439 69 2463 »
103 2435 234 2466 onera
255 2421 494 2465 sustinere⁵
523 2436 531 2461 z
555 2439 575 2462 »
602 2422 645 2465 in
669 2436 720 2466 eo
743 2425 861 2482 quod
894 2421 1002 2465 dixit
1033 2425 1184 2465 Petrus
1206 2440 1214 2465 :
1245 2440 1264 2462 «
1290 2424 1353 2465 Tu
1382 2437 1425 2466 es

106 2521 115 2538 ¹
134 2516 251 2549 Matth.
277 2527 344 2558 xvx,
359 2516 413 2549 23.
438 2533 477 2539 —
502 2523 515 2539 ²
542 2516 623 2549 Psal.
659 2528 766 2558 mxxxi,
785 2518 819 2550 6.
839 2534 880 2540 -
902 2516 914 2540 3
933 2518 1047 2549 Mauh.
1073 2528 1142 2555 xvi,
1165 2528 1215 2560 ¹7·
1236 2535 1276 2541 —
1295 2517 1308 2547 4
1332 2520 1422 2550 Jnan.

0 2579 4 2603 ι
45 2571 239 2613 xvt,{15.-
257 2570 271 2593 5
285 2574 377 2604 Rom.
392 2583 444 2612 xv,
463 2583 492 2606 1.
