1898 3178
424 219 506 258 170
860 225 896 255 s.
931 225 1163 256 AUGUSTINI
1193 229 1377 258 Bmscom

422 312 443 335 »
478 302 580 339 cent
598 296 768 338 Patrem
786 301 999 348 vestrum,
1020 293 1097 354 qui
1113 293 1159 338 in
1180 293 1301 338 coelis
1324 304 1388 340 est
1409 313 1418 340 ε
1439 312 1460 337 »
1475 295 1551 340 sed
1568 297 1713 355 potius
1725 297 1806 343 ad-

419 365 530 410 didit
553 384 562 411 :
591 384 612 407 «
637 364 848 423 Alioquin
865 364 1112 409 mercedem
1143 381 1233 411 non
1254 366 1472 411 habebitis
1490 366 1609 427 apud
1632 370 1805 414 Patrem

421 453 443 478 »
476 445 686 490 vestrum,
711 434 788 494 qui
808 435 855 478 in
875 435 998 480 coelis
1019 445 1097 480 est.
1121 453 1142 478 »
1157 437 1269 481 Hinc
1291 437 1408 481 enim
1430 437 1622 482 ostendit
1638 452 1710 483 eos
1731 439 1808 499 qui

416 506 524 552 tales
557 514 658 550 sunt
678 539 690 561 ,
715 503 865 564 quales
903 505 1052 550 fideles
1073 521 1172 552 suos
1193 522 1283 551 esse
1304 522 1395 552 non
1423 507 1545 562 vult,
1568 508 1614 552 in
1643 523 1695 553 eo
1714 509 1808 568 ipso

416 576 664 620 mercedem
696 590 916 635 quaerere,
958 575 1080 636 quod
1100 576 1306 621 videntur
1340 576 1395 620 ab
1419 577 1676 622 hominibus
1694 612 1708 633 ,
1745 578 1808 622 ibi

415 647 681 692 constituere
703 646 873 691 bonum
892 662 1044 703 suum,
1067 648 1131 691 ibi
1157 647 1378 692 oblectare
1405 647 1645 693 vanitatem
1665 648 1808 693 cordis

415 717 504 772 sui,
525 716 588 761 ibi
610 716 826 761 exinaniri
842 726 887 762 et
903 717 1063 773 inflari,
1082 717 1144 762 ibi
1162 727 1402 762 tumescere
1420 727 1464 762 et
1480 719 1804 764 contabescere.

415 789 506 832 Cur
526 787 647 831 enirn
658 802 749 832 non
771 788 933 833 sufficit
947 823 959 843 ,
983 797 1034 832 ut
1055 788 1217 832 diceret
1241 807 1250 832 t
1276 807 1296 830 «
1320 787 1546 833 Attendite
1567 804 1624 833 ne
1640 788 1808 834 faciatis

417 875 438 900 »
470 859 686 919 justitiam
718 867 906 904 vestram
942 874 1087 904 coram
1123 858 1400 917 hominibus3
1439 876 1460 900 »
1493 858 1570 903 sed
1606 859 1774 907 addidit
1793 895 1804 913 ,

417 949 439 972 «
476 933 532 976 Ut
553 930 789 975 videamini
811 932 867 975 ab
889 931 949 976 eis
975 950 984 975 :
1016 949 1036 972 n
1062 931 1143 975 nisi
1164 931 1269 991 quia
1289 940 1392 975 sunt
1414 929 1594 991 quidam
1611 966 1623 987 ,
1649 932 1726 992 qui
1748 931 1807 976 sic

414 1000 583 1046 faciunt
600 1002 809 1062 justitiam
830 1017 952 1046 suam
974 1016 1123 1047 coram
1143 1001 1418 1056 hominibus,
1437 1015 1528 1046 non
1551 1011 1602 1046 ut
1622 1001 1807 1046 videan-

414 1079 488 1115 tur
519 1072 575 1115 ab
614 1072 672 1115 eis
690 1106 702 1126 ,
739 1072 815 1116 sed
854 1081 906 1116 ut
928 1072 1020 1131 ipsa
1041 1087 1173 1131 opera
1197 1071 1451 1126 videantur,
1476 1080 1519 1116 et
1541 1071 1808 1130 glorificetur

415 1143 543 1185 Pater
570 1142 647 1200 qui
668 1151 734 1186 est
762 1143 810 1185 in
832 1142 976 1197 coelis,
1012 1142 1090 1202 qui
1118 1156 1169 1185 ea
1191 1141 1436 1201 justificatis
1467 1141 1612 1200 impiis
1643 1141 1807 1187 donare

415 1211 622 1272 dignatus
644 1214 737 1256 est?
1435 1268 1440 1271 ᾖ

476 1285 554 1327 IV.
580 1282 666 1336 Qui
686 1281 795 1327 tales
814 1290 944 1337 sunt,
968 1295 1049 1326 nec
1070 1296 1193 1326 suam
1224 1282 1440 1341 justitiam
1460 1279 1677 1341 deputant
1694 1317 1705 1338 ,
1731 1282 1808 1327 sed

413 1353 506 1412 ejus
522 1367 574 1396 ex
594 1353 718 1412 cujus
738 1351 826 1396 fide
846 1351 1004 1396 vivunt
1030 1371 1039 1396 ι
1059 1352 1203 1408 (unde
1225 1361 1269 1396 et
1286 1351 1522 1411 Apostolus
1543 1351 1650 1397 dicit
1671 1372 1680 1398 ε
1709 1371 1731 1395 «
1749 1354 1808 1398 Ut

415 1439 437 1463 >›
472 1423 696 1468 Christum
730 1420 1028 1476 lucrifaciam,
1063 1431 1108 1466 et
1128 1421 1322 1467 inveniar
1349 1423 1397 1466 in
1416 1421 1493 1467 illo
1515 1438 1606 1468 non
1637 1423 1805 1468 habens

416 1510 437 1534 »
471 1508 613 1537 meam
629 1494 843 1553 justitiam
857 1527 868 1549 ‚
893 1508 994 1553 quae
1015 1508 1067 1537 ex
1079 1496 1195 1552 Lege
1212 1502 1276 1537 est
1291 1528 1302 1548 ‚
1328 1492 1403 1537 sed
1419 1508 1515 1538 eam
1530 1509 1631 1554 quae
1649 1503 1715 1539 est
1729 1510 1807 1555 per

415 1581 436 1604 »
469 1564 603 1608 fidem
631 1564 813 1619 Christi,
839 1579 940 1624 quae
966 1573 1030 1608 est
1051 1579 1103 1608 ex
1123 1567 1238 1619 Deo,
1259 1564 1426 1624 justitia
1454 1579 1508 1609 ex
1537 1565 1672 1611 fide1.
1700 1583 1722 1607 »
1749 1568 1807 1610 Et

411 1635 458 1678 in
480 1635 565 1680 alio
583 1635 680 1681 loco
704 1655 715 1681 ;
743 1654 764 1678 «
785 1638 842 1680 Ut
863 1650 942 1680 nos
962 1636 1095 1680 simus
1120 1636 1289 1696 justitia
1318 1636 1396 1680 Dei
1417 1636 1463 1680 in
1485 1635 1562 1681 illo
1573 1639 1606 1680 ².
1631 1654 1652 1678 »
1678 1635 1806 1681 Unde
1821 1635 1833 1646 ⁴

411 1713 455 1749 et
471 1707 497 1748 J
501 1705 649 1751 udaeos
670 1707 730 1750 ita
748 1706 1032 1765 reprehendit
1057 1724 1066 1749 ε
1092 1724 1113 1748 «
1132 1709 1410 1764 Ignorantes,
1431 1707 1593 1766 inquit,
1615 1707 1693 1751 Dei
1710 1707 1805 1766 jus·
1862 1762 1863 1766 Ἰ
1896 1738 1898 1741 -

413 1792 436 1816 n
469 1775 612 1819 titiam
629 1809 642 1830 ,
662 1784 706 1818 et
727 1789 850 1818 suam
872 1773 1067 1819 volentes
1095 1776 1360 1818 constituere
1375 1809 1387 1830 ,
1405 1776 1585 1835 justitiae
1604 1776 1683 1820 Dei
1713 1792 1804 1821 non

414 1862 436 1886 »
471 1853 574 1889 sunt
591 1844 772 1904 subjecti
789 1845 852 1902 ³.)
877 1861 897 1885 »
923 1843 1130 1903 Quisquis
1151 1858 1255 1902 ergo
1276 1844 1337 1888 ita
1353 1843 1450 1889 vult
1461 1843 1600 1889 videri
1611 1845 1802 1890 homini-

412 1916 495 1960 bus
511 1930 642 1975 opera
661 1931 737 1959 sua
755 1950 766 1970 ,
791 1924 842 1959 ut
862 1914 939 1958 ille
968 1915 1257 1973 glorificetur,
1282 1930 1306 1958 a
1327 1930 1416 1975 quo
1449 1930 1499 1958 ea
1531 1931 1632 1975 quae
1654 1916 1701 1960 in
1725 1916 1802 1963 illo

411 1986 615 2031 videntur
643 1986 810 2044 accepit
827 2020 838 2040 ,
863 1994 908 2029 et
927 1985 986 2029 sic
1006 1983 1061 2028 ad
1082 1984 1345 2028 imitandum
1373 1984 1543 2029 bonum
1566 1985 1700 2030 iidem
1719 1986 1802 2046 ipsi
1852 2026 1857 2051 ε

411 2056 656 2117 quivident
676 2057 837 2115 pietate
858 2053 961 2098 fidei
977 2063 1273 2113 provocentur
1287 2089 1298 2109 ‚
1326 2069 1426 2098 vere
1447 2054 1598 2105 lumen
1615 2057 1709 2116 ejus
1726 2057 1800 2102 lu-

412 2137 481 2172 cet
500 2142 646 2172 coram
667 2125 919 2171 hominibus
938 2143 947 2169 z
967 2125 1072 2185 quia
1092 2124 1168 2168 lux
1184 2124 1240 2169 de
1254 2124 1330 2169 illo
1348 2125 1570 2170 charitatis
1587 2126 1795 2184 radiatur,

412 2214 502 2243 non
533 2198 749 2258 superbiae
788 2195 938 2241 fumus
972 2197 1188 2240 evomitur
1209 2215 1217 2240 :
1243 2197 1348 2240 etin
1369 2212 1421 2241 eo
1454 2197 1549 2257 ipso
1570 2207 1694 2243 cavet
1710 2233 1722 2253 ‚
1742 2213 1798 2243 ne

408 2269 618 2328 justitiam
639 2283 762 2312 suam
798 2267 930 2311 faciat
950 2280 1096 2310 coram
1127 2266 1380 2311 hominibus
1395 2301 1406 2322 ,
1435 2276 1486 2311 ut
1517 2266 1719 2312 videatur
1741 2269 1796 2313 ab

412 2340 470 2382 eis
488 2360 498 2396 3
523 2341 624 2400 quia
647 2354 727 2383 nec
748 2353 871 2382 suam
892 2336 1075 2396 deputat
1100 2336 1219 2381 illam
1238 2337 1448 2397 justitiam
1466 2373 1477 2393 ,
1502 2353 1584 2383 nec
1605 2337 1705 2384 idco
1726 2340 1794 2384 fa—

413 2408 472 2452 cit
493 2419 542 2453 ut
560 2410 650 2468 ipse
670 2411 891 2460 videatur3
914 2406 990 2452 sed
1011 2416 1062 2452 ut
1082 2407 1155 2451 ille
1176 2408 1466 2466 intelligatur,
1491 2409 1570 2468 qui
1589 2407 1796 2455 laudatur

412 2479 459 2522 in
479 2480 653 2523 homine
675 2480 932 2539 justificato,
960 2487 1010 2522 ut
1034 2477 1163 2522 faeiat
1179 2487 1222 2522 et
1249 2479 1297 2522 in
1323 2478 1532 2523 laudante
1552 2478 1675 2539 quod
1696 2479 1794 2525 lau.-

460 2568 469 2583 1
486 2561 818 2603 Phili1‘›.1u,8,9.—-
837 2570 850 2585 ²
871 2571 889 2595 2
910 2563 983 2594 Cor.
1000 2573 1034 2602 v,
1050 2571 1102 2593 21.
1128 2578 1166 2584 —
1188 2560 1201 2585 3
1222 2564 1314 2593 Rom.
1331 2573 1364 2602 x,
1394 2562 1424 2593 3.

1848 2397 1898 2445 i]
