1898 3178
299 224 437 250 SEltMO
469 224 669 261 Lxxxvu,
705 224 757 249 DE
791 223 935 251 vi-:nffls
970 222 1130 250 ΜΑΉἨ.
1168 223 1232 248 xx.
1370 211 1452 250 433

80 288 211 346 ipsius
234 287 380 332 saeculi
398 288 520 348 justi,
545 296 661 332 sexta
679 290 850 345 Moyses
873 297 915 332 et
931 291 1076 332 Aaron
1097 297 1141 332 et
1161 288 1293 347 ipsius
1312 287 1458 332 saeculi

76 357 197 417 justi,
213 373 329 403 nona
350 359 578 418 Prophetae
600 366 643 402 et
664 358 795 416 ipsius
810 358 956 403 saeculi
966 359 1087 418 justi,
1108 357 1339 402 undecima
1363 367 1456 402 tan-

72 440 211 486 ·quam
232 428 278 471 in
299 427 385 471 fine
415 426 563 471 saeculi
584 426 817 472 Christiani
841 443 989 472 omnes
1008 449 1019 486 3
1045 437 1223 487 excepta
1243 427 1458 472 solutione

79 496 157 542 ista
179 496 469 541 similitudinis
483 497 629 558 hujus,
645 506 689 542 et
708 498 753 541 in
774 498 853 542 ista
865 499 953 543 vita
971 508 1116 543 nostra
1132 508 1273 558 potest
1294 498 1459 543 adverti

79 568 173 612 haec
194 567 446 613 similitudo.
462 571 686 629 Tanquam
707 569 823 613 enim
844 569 982 628 prima
1002 570 1109 614 hora
1133 579 1365 626 vocantur,
1381 570 1458 631 qui

79 647 270 683 recentes
293 639 348 683 ab
382 648 506 684 utero
527 640 673 684 matris
700 640 916 699 incipiunt
937 655 1027 685 esse
1049 641 1309 697 Christiani,
1335 641 1458 702 quasi

79 709 202 754 tertia
221 711 364 769 pueri,
380 711 503 771 quasi
524 720 642 756 sexta
656 712 838 772 juvenes
853 746 864 767 ,
891 712 1013 772 quasi
1035 728 1148 757 nona
1171 722 1396 772 vergentes
1414 713 1458 756 in

77 780 245 823 senium
260 815 271 835 ,
291 780 414 840 quasi
435 779 666 826 undecima
689 782 867 826 omnino
889 781 1125 841 decrepiti,
1152 798 1290 827 unum
1314 792 1459 827 tamen

79 851 178 896 vitae
200 861 374 896 aeternae
397 851 625 896 denarium
648 868 795 898 omnes
818 853 1054 912 accepturi.

137 923 260 965 VIII.
290 921 375 966 Sed
396 921 608 966 attendite
626 932 670 967 et
691 922 920 982 intelligite
934 957 950 978 ,
970 921 1126 967 fratres
1149 924 1233 966 mei
1249 957 1261 978 ‚
1286 938 1342 967 ne
1364 921 1462 966 ideo

80 992 264 1052 quisque
281 992 456 1037 differat
476 994 620 1038 venire
638 993 693 1038 ad
711 994 899 1049 vineam,
920 994 1021 1054 quia
1044 1009 1219 1039 securus
1241 1002 1326 1050 est,
1351 1010 1459 1054 quo-

15 1105 24 1113 ,
79 1063 196 1108 niam
217 1063 586 1124 quandocumque
607 1065 802 1119 venerit,
834 1065 976 1124 ipsum
999 1064 1226 1109 denarium
1255 1073 1462 1124 acceptu-

79 1150 151 1178 rus
166 1144 242 1179 est.
259 1137 444 1180 Securus
459 1144 522 1179 est
541 1136 719 1195 quidem
742 1137 862 1195 quod
879 1136 970 1194 ipse
984 1135 1185 1179 denarius
1200 1134 1263 1179 illi
1280 1136 1459 1195 promit-

19 1247 29 1254 ,
77 1205 184 1249 titur
200 1225 211 1262 3
229 1204 305 1248 sed
326 1205 502 1248 differre
524 1220 613 1249 non
631 1205 830 1265 jubetur.
856 1204 1082 1264 Numquid
1104 1206 1219 1249 enim
1236 1215 1280 1249 et
1300 1204 1364 1249 illi
1386 1206 1461 1265 qui

24 1306 30 1315 ,
78 1284 180 1320 sunt
201 1275 256 1319 ad
282 1275 452 1319 vineam
474 1275 708 1330 conducti,
749 1274 926 1335 quando
948 1274 1004 1319 ad
1031 1274 1126 1320 illos
1149 1276 1292 1320 exibat
1313 1285 1460 1335 pater-

18 1372 30 1404 '.
77 1344 258 1390 familias
276 1379 287 1401 ‚
320 1354 370 1389 ut
392 1345 656 1389 conduceret
680 1361 790 1404 quos
814 1345 981 1390 invenit
1002 1345 1106 1390 hora
1126 1348 1274 1401 tertia,
1292 1356 1335 1391 et
1356 1363 1462 1391 con—

28 1458 37 1465 „
79 1414 221 1471 duxit,
245 1414 366 1459 verbi
384 1414 535 1473 gratia,
552 1414 756 1459 dixerunt
777 1414 840 1458 illi
858 1433 867 1459 :
889 1419 1096 1474 Expecta,
1114 1431 1204 1460 non
1226 1416 1329 1460 illuc
1350 1417 1462 1460 imus

79 1486 160 1530 nisi
196 1486 303 1529 hora
328 1487 473 1528 sexta?
497 1487 585 1528 Aut
605 1500 715 1544 quos
735 1484 903 1529 invenit
924 1485 1030 1528 hora
1052 1494 1193 1540 sexta,
1219 1486 1424 1530 dixerunt
1450 1506 1458 1530 :

34 1574 38 1579 ·
79 1557 175 1601 Non
205 1555 318 1598 imus
340 1554 421 1598 nisi
442 1554 549 1598 hora
579 1569 695 1598 nona
712 1556 729 1596 ‘2
749 1563 824 1598 aut
846 1569 956 1613 quos
987 1569 1103 1598 nona
1127 1554 1314 1611 invenit,
1338 1556 1458 1600 dixe-

62 1619 181 1670 'runt
204 1644 212 1670 ;
235 1627 332 1670 Non
359 1624 470 1668 imus
490 1623 574 1667 nisi
602 1622 865 1667 undecima?
890 1623 1105 1667 Omnibus
1128 1624 1245 1668 enim
1267 1633 1460 1669 tanturn-

37 1730 45 1749 ἰ
80 1694 178 1740 dem
201 1695 380 1739 daturus
393 1703 484 1738 est:
507 1700 640 1752 quar'e
669 1708 747 1737 nos
765 1692 949 1752 amplius
970 1692 1232 1751 fatigamur?
1254 1694 1369 1747 Quid
1387 1695 1460 1738 ille

28 1752 43 1791 s
83 1764 261 1811 daturus
288 1765 366 1820 sit,
397 1773 441 1808 et
462 1762 568 1823 quid
590 1762 786 1807 facturus
807 1763 885 1816 sit,
912 1777 1042 1821 penes
1061 1763 1204 1821 ipsum
1233 1763 1461 1809 consilium

0 1941 75 2046 {331
101 1978 143 2022 io
179 1987 256 2022 est.
293 1977 337 2022 Si
364 1976 479 2020 enim
502 1975 565 2020 illi
586 2010 596 2030 ,
621 1975 743 2019 verbi
767 1974 927 2033 gratia,
959 1975 1034 2034 qui
1055 1976 1195 2020 vocati
1222 1986 1324 2021 sunt
1355 1979 1461 2024 hora

0 2071 76 2117 Imm.-
105 2056 198 2093 exta
215 2083 226 2103 ,
249 2047 296 2091 in
316 2047 398 2091 hac
417 2054 543 2090 aetate
561 2045 751 2104 corporis
774 2044 1014 2100 constituti,
1038 2044 1340 2104 ubijuveniles
1358 2052 1460 2094 anni

0 2154 58 2189 wa
104 2127 268 2173 ervent,
283 2118 394 2162 sicut
407 2117 496 2175 ipsa
510 2117 617 2160 hora
631 2124 747 2159 sexta
762 2114 921 2167 fervet;
940 2115 975 2159 si
991 2114 1185 2160 dicerent
1206 2116 1268 2161 illi
1279 2119 1460 2178 juvenes

0 2186 80 2273 &pits
113 2189 224 2234 ocati
249 2208 258 2233 z
284 2191 497 2247 Expecta,
519 2185 761 2231 audivimus
778 2185 894 2230 enim
910 2185 956 2229 in
975 2186 1227 2244 Evangelio,
1254 2189 1354 2247 quia
1374 2206 1463 2235 om-

0 2277 80 2330 Wdffig
117 2274 159 2304 es
180 2274 314 2303 unam
336 2256 581 2302 mercedem
598 2260 817 2316 accepturi
833 2264 935 2300 sunt
949 2290 960 2311 ‚
981 2271 1082 2300 cum
1104 2271 1224 2301 senes
1244 2257 1349 2304 facti
1365 2259 1462 2306 sue-

0 2322 16 2333 *
78 2347 80 2368 τ
110 2329 219 2374 'mus
246 2331 354 2375 hora
386 2327 617 2373 undecima
642 2327 887 2382 veniemus,
913 2327 1189 2371 tantumdem
1211 2333 1458 2389 accepturi,

0 2424 82 2475 “affl
119 2417 219 2446 uare
240 2399 529 2446 laboraturi1?
547 2399 898 2457 Responderetur
919 2398 977 2442 eis
995 2407 1038 2442 et
1056 2397 1294 2445 diceretur:
1318 2403 1464 2449 Labo-

1 2464 69 2543 “fflmffi
81 2495 83 2498 ·
112 2486 180 2516 are
200 2487 290 2516 non
303 2472 383 2526 vis,
407 2470 484 2530 qui
507 2478 654 2512 utrum
672 2468 788 2513 vivas
813 2483 949 2528 usque
967 2466 1022 2513 ad.
1039 2477 1270 2526 senectam,
1295 2474 1464 2520 nescis?

0 2552 14 2583 >¹
34 2597 35 2600 Ἴ
54 2576 70 2611 d
137 2561 148 2578 ¹
164 2557 267 2588 Forte
280 2555 411 2598 amplius
428 2553 614 2586 laboraturi.

2 2597 43 2622 wilti

275 2618 409 2650 cxxv.
1206 2607 1257 2648 28
