1898 3178
332 284 472 311 SERMo
504 280 683 318 LXXXVI,
719 281 772 307 DE
804 281 949 309 vEm31s
981 278 1145 309 ΜΑΤΤΗ.
1179 281 1264 308 xix.
1390 269 1474 309 419

99 361 201 406 per,
223 346 299 390 sed
321 346 476 406 accipit
495 345 614 389 dives
641 363 650 388 ε
674 343 749 388 das
770 345 808 388 ei
838 346 915 404 qui
936 353 1161 390 consumat
1175 379 1186 401 ,
1217 345 1372 404 accipit
1402 345 1473 389 ille

97 417 173 476 qui
187 417 354 460 reddat.
378 418 529 475 Neque
548 415 633 459 hoc
648 413 895 459 redditurus
918 415 1040 475 quod
1059 416 1214 475 accipit
1235 434 1244 460 :
1269 414 1474 460 foenerari

93 501 139 530 se
158 486 322 541 voluit,
350 485 447 545 plus
465 485 679 545 promittit
699 500 832 544 quam
853 485 1039 530 dederis.
1065 489 1202 531 Exere
1226 502 1345 534 nunc
1372 502 1475 532 ava-

95 558 236 603 ritiam
257 567 376 602 tuam
392 592 403 612 ,
428 566 470 601 te
490 565 594 616 puta
616 556 940 602 foeneratorem.
965 559 1093 603 Certe
1109 558 1143 602 si
1164 573 1274 603 esses
1290 593 1301 614 ,
1323 558 1476 618 objur-

94 628 252 687 gareris
269 628 323 672 ab
345 627 533 672 Ecclesia
552 663 562 683 ,
587 625 873 672 confutareris
894 628 1029 674 verbo
1047 629 1145 683 Dei,
1175 639 1477 674 execrarentur

16 710 18 742 ὲ
92 708 135 743 te
156 714 305 743 omnes
326 698 478 743 fratres
500 699 595 754 tui,
636 707 846 758 tanquam
884 698 1104 743 crudelem
1134 699 1442 745 foeneratorem
1460 735 1472 756 ‚

0 779 23 810 τ
92 767 147 812 de
168 768 369 826 lacrymis
387 768 535 813 alienis
558 768 781 828 acquirere
798 768 1063 828 cupientem.
1089 771 1193 814 Esto
1215 769 1469 826 foenerator,

92 854 221 884 nemo
252 848 295 883 te
319 840 536 898 prohibet.
561 839 746 899 Pauperi
766 839 829 884 vis
851 838 954 884 dare
969 874 980 895 ‚
1008 839 1086 899 qui
1121 840 1299 900 quando
1322 840 1472 885 reddi-

0 920 28 937 '··
93 909 204 955 derit
224 909 400 969 planget
421 929 428 954 :
453 910 509 955 da
525 908 707 966 idoneo,
734 910 811 970 qui
836 911 966 955 etiam
981 911 1181 955 hortatur
1196 945 1208 966 ,
1226 920 1275 956 ut
1295 911 1474 971 recipias

0 995 2 1009 ¹
24 982 30 1036 ᾗ
91 979 212 1040 quod
234 980 462 1039 promittit.

0 1053 13 1070 ’·
150 1053 226 1095 IV.
254 1054 315 1095 Da
336 1054 427 1096 Deo
443 1086 454 1106 ‚
478 1060 522 1095 et
542 1052 728 1097 conveni
749 1053 904 1095 Deum.
932 1054 1026 1096 Imo
1049 1051 1105 1096 da
1124 1054 1215 1096 Deo
1230 1086 1241 1106 ‚
1268 1060 1318 1096 ut
1339 1061 1383 1096 et
1402 1066 1475 1095 re-

30 1128 37 1176 ζ
91 1120 222 1179 cipias
232 1121 498 1166 conveneris.
511 1123 638 1166 Certe
652 1121 697 1164 in
710 1130 822 1166 terra
834 1122 1059 1181 quaerebas
1074 1120 1314 1165 debitorem
1324 1130 1472 1165 tuum:

33 1219 41 1242 ·.
90 1191 316 1251 quaerebat
337 1200 381 1235 et
398 1190 486 1246 ille,
510 1190 586 1235 sed
608 1191 686 1235 ubi
703 1206 746 1235 se
764 1190 1050 1235 absconderet
1064 1205 1087 1233 a
1101 1189 1211 1234 facie
1228 1199 1318 1235 tua.
1340 1191 1475 1235 Adie-

0 1289 2 1293 >
21 1267 43 1322 ‘J
89 1276 156 1305 ras
169 1261 363 1320 judicem
380 1271 423 1305 et
445 1261 634 1305 dixeras:
658 1262 770 1304 Jube
784 1260 909 1305 illum
931 1260 1176 1305 debitorem
1198 1277 1346 1306 meum
1368 1278 1477 1307 con-

0 1354 2 1364 *
19 1331 45 1357 ³⁴⁴
88 1332 242 1376 veniri.
262 1330 341 1375 Ille
356 1331 507 1374 audito
524 1331 608 1380 hoc
623 1340 641 1386 ,’
654 1330 852 1385 discedit,
870 1340 912 1374 et
929 1346 1010 1375 nec
1027 1331 1214 1375 salutare
1229 1341 1271 1376 te
1288 1333 1447 1393 quaerit
1464 1353 1474 1379 :

45 1390 49 1454 ’Ἰ
90 1401 161 1446 cui
183 1400 295 1445 forte
317 1400 462 1459 egenti
484 1399 669 1444 salutem
692 1399 1014 1444 commodando
1035 1401 1307 1459 praestiteras.
1334 1403 1477 1448 Habes

43 1460 51 1532 ᾖ
91 1484 192 1528 ergo
213 1470 284 1514 cui
315 1484 480 1528 eroges.
518 1472 581 1513 Da
615 1468 816 1527 Christo3
841 1470 932 1528 ipse
953 1478 996 1513 te
1016 1471 1221 1515 convenit
1250 1471 1393 1528 ultro,
1428 1481 1479 1518 ut

19 1563 21 1570 ¹
90 1541 294 1601 recipias,
329 1549 372 1584 et
405 1541 634 1584 mirantem
669 1540 772 1599 quia
809 1539 974 1600 aliquid
1006 1556 1030 1585 a
1048 1535 1108 1585 *te
1139 1542 1320 1602 accepit.
1366 1546 1475 1590 Nam

20 1640 23 1645 -
53 1619 55 1671 g
91 1609 175 1656 illis
221 1610 277 1654 ad
322 1610 544 1654 dexteram
587 1610 737 1668 positis
765 1609 882 1653 ultro
913 1610 1004 1668 ipse
1042 1609 1156 1654 dicet
1188 1630 1197 1656 ε
1235 1631 1255 1653 «
1288 1615 1445 1658 Venite
1461 1649 1472 1671 ‚

0 1765 3 1776 ¹
95 1768 115 1793 n
140 1766 246 1795 num
265 1785 276 1805 ,
301 1749 421 1810 quod
442 1749 565 1794 vobis
587 1758 786 1808 paratum
804 1758 868 1794 est
887 1750 943 1793 ab
965 1750 1130 1808 origine
1152 1752 1321 1796 mundi.
1351 1772 1371 1796 »
1392 1758 1475 1801 Pro

56 1863 63 1870 ,,
91 1837 177 1882 qua
199 1823 274 1865 re?
298 1839 318 1863 «
336 1820 507 1864 Esurivi
523 1855 533 1875 7
560 1828 602 1863 et
623 1819 799 1863 dedistis
819 1819 926 1863 mihi
946 1819 1212 1865 manducare
1238 1841 1247 1866 :
1272 1823 1408 1880 sitivi,
1433 1836 1477 1872 et

62 1885 65 1943 ζ
93 1909 115 1935 »
141 1891 317 1936 dedistis
331 1890 439 1934 mihi
456 1899 611 1950 potum
636 1905 645 1931 ε
672 1889 817 1934 nudus
835 1905 953 1934 eram
969 1925 980 1946 ‚
1001 1899 1044 1934 et
1059 1891 1242 1935 vestistis
1259 1908 1328 1937 me
1345 1913 1354 1939 ;
1369 1896 1474 1941 hos-

55 1977 67 2010 ,ss
95 1979 116 2004 »
139 1977 214 2022 pes
230 1997 240 2017 ‚
274 1971 317 2006 et
339 1960 576 2005 adduxistis
603 1976 611 2001 :
638 1974 751 2018 aeger
771 1969 814 2004 et
834 1960 881 2004 in
902 1975 1099 2017 carcere,
1139 1971 1183 2007 et
1207 1964 1419 2010 visitastis.
1448 1985 1469 2009 »

1189 2603 1256 2642 27.
