1898 3178
406 265 489 302 386
840 270 874 298 s.
910 269 1139 299 Aneus'nm
1172 272 1353 299 EPlsCOPI

402 338 505 383 mali
525 335 771 383 Christiani.
791 336 981 393 Exurge,
1008 335 1210 391 Domine,
1237 336 1446 396 perimus.
1473 334 1660 393 Evigilet
1682 334 1789 383 fides

403 417 500 463 tua,
539 405 691 464 incipit
710 403 792 448 tibi
812 402 936 464 loqui
965 404 1176 449 Christus.
1219 406 1333 459 Quid
1355 404 1648 465 perturbaris?
1683 407 1790 450 Haec

401 474 547 521 omnia
567 472 747 533 praedixi
769 472 863 517 tibi.
885 472 992 517 Ideo
1009 473 1208 533 praedixi,
1233 484 1284 519 ut
1299 490 1401 519 cum
1421 475 1641 519 venissent
1658 474 1787 530 mala,

400 558 591 605 sperares
612 543 728 588 bona
743 577 755 599 ,
779 550 830 586 ut
851 556 942 587 non
966 541 1176 589 deficeres
1196 545 1243 588 in
1260 545 1398 590 malis.
1414 545 1583 591 Miraris
1598 545 1701 605 quia
1717 544 1795 589 de-

399 615 491 659 ficit
509 612 728 658 mundus?
750 613 907 657 mirare
921 613 1023 673 quia
1036 614 1181 659 senuit
1203 615 1410 659 mundus.
1437 618 1581 660 Homo
1597 625 1682 671 est,
1698 630 1793 659 nas-

399 685 527 740 citur,
553 683 721 740 crescit,
741 683 938 728 senescit,
972 683 1171 737 Querelae
1185 684 1338 729 multae
1351 685 1399 728 in
1415 694 1591 730 senecta
1613 704 1622 730 :
1640 685 1790 739 tussis,
1879 724 1898 735 ,,

400 754 579 814 pituita,
603 753 849 814 lippitudo,
870 754 1123 810 anxietudo,
1143 752 1354 799 lassitudo
1371 755 1495 799 inest.
1520 758 1638 814 Ergo
1649 754 1795 799 senuit
1869 768 1898 815 4.

400 826 560 885 homo,
583 825 772 886 querelis
788 824 944 885 plenus
965 833 1029 869 est
1049 843 1058 870 ε
1079 824 1224 869 senuit
1243 824 1458 885 mundus,
1479 826 1686 886 pressuris
1699 824 1795 884 ple-
1872 828 1898 877 gf

400 911 482 940 nus
495 905 573 941 est.
596 900 757 941 Parum
772 896 853 941 tibi
868 895 1070 956 praestitit
1083 898 1214 951 Deus,
1231 897 1333 956 quia
1346 896 1392 940 in
1407 905 1630 941 senectute
1638 894 1794 940 mundi
1870 897 1898 949 ip,-

399 966 514 1011 misit
546 967 628 1012 tibi
663 967 912 1022 Christum,
953 975 1004 1011 ut
1026 974 1134 1010 tunc
1155 974 1200 1010 te
1221 967 1407 1027 reficiat3
1433 967 1610 1029 quando
1633 975 1793 1012 cuncta

399 1036 630 1083 deficiunt?
643 1038 790 1085 Nescis
804 1038 888 1083 hoc
904 1036 1168 1096 significasse
1183 1037 1230 1081 in
1243 1038 1406 1083 semine
1418 1038 1633 1084 Abrahae?
1655 1040 1795 1083 «Nam

401 1124 424 1148 »
460 1121 609 1151 semen
632 1108 822 1152 Abrahae
837 1143 848 1164 ,
875 1109 935 1152 ait
953 1107 1211 1168 ApostolUS,
1236 1107 1356 1169 quod
1375 1119 1440 1154 est
1461 1110 1673 1155 Christus.
1698 1110 1797 1154 Non

403 1195 424 1219 »
459 1176 566 1222 dicit
588 1194 597 1222 :
623 1178 680 1221 Et
702 1175 962 1230 seminibus,
986 1185 1198 1238 tanquam
1227 1179 1273 1222 in
1288 1178 1438 1224 multis
1453 1214 1464 1236 ,
1489 1178 1563 1224 sed
1588 1188 1798 1236 tanquam

403 1267 424 1291 >›
459 1249 507 1293 in
527 1263 619 1294 uno
647 1267 657 1294 ε
676 1250 734 1293 Et
757 1245 911 1292 semini
932 1255 1011 1291 tuo
1026 1280 1037 1302 ,
1063 1250 1185 1305 quod
1202 1256 1266 1290 est
1289 1252 1487 1292 Christus
1501 1253 1563 1291 ¹.»
1589 1249 1696 1293 Ideo
1708 1247 1799 1291 seni

401 1320 591 1365 Abrahae
614 1327 745 1363 natus
767 1326 834 1362 est
862 1316 980 1361 filius
995 1351 1007 1372 ,
1031 1316 1136 1376 quia
1154 1325 1247 1360 erat
1270 1317 1423 1376 utique
1445 1317 1642 1362 Christus
1664 1318 1709 1362 in
1730 1318 1800 1377 ip-

402 1391 489 1436 sius
510 1388 665 1434 mundi
688 1396 914 1433 senectute
930 1396 1160 1432 venturuS.
1188 1387 1321 1432 Venit
1335 1403 1436 1432 cum
1453 1389 1599 1433 omnia
1616 1397 1799 1433 veteras-

404 1470 574 1517 cerent,
600 1469 644 1505 et
664 1474 828 1505 novum
850 1468 895 1503 te
915 1457 1034 1504 fecit.
1060 1461 1146 1502 Res
1169 1456 1310 1514 facta,
1332 1474 1396 1502 res
1413 1458 1590 1503 condita
1605 1493 1617 1515 ,
1637 1474 1704 1504 res
1718 1474 1798 1519 pe·

403 1534 539 1577 ritura
550 1533 641 1592 jam
653 1531 859 1589 vergebat
873 1529 919 1574 in
937 1543 1155 1574 occasum.
1180 1530 1363 1573 Necesse
1384 1538 1475 1573 erat
1492 1538 1543 1573 ut
1555 1529 1799 1574 abundaret
1846 1547 1850 1569 ἰ
1886 1546 1896 1575 2*

404 1603 624 1648 laboribus
652 1621 661 1647 :
687 1602 806 1647 venit
829 1599 902 1644 ille
922 1609 966 1644 et
990 1597 1205 1644 consolari
1225 1608 1267 1643 te
1287 1599 1399 1643 inter
1419 1599 1610 1655 labores,
1637 1607 1679 1644 et
1696 1615 1799 1660 pro-

405 1673 577 1717 mittere
594 1671 674 1716 tibi
693 1671 740 1715 in
761 1670 1071 1730 sempiternum
1094 1669 1306 1730 quietem.
1336 1670 1436 1715 Noli
1451 1669 1672 1715 adhaerere
1686 1670 1798 1715 velle

405 1743 497 1787 seni
517 1741 684 1787 mundo
699 1777 710 1797 ‚
736 1751 779 1786 et
800 1741 917 1787 nolle
933 1742 1219 1801 juvenescere
1241 1741 1287 1784 in
1308 1740 1481 1786 Christo
1494 1777 1504 1797 ,
1524 1741 1603 1802 qui
1621 1741 1706 1786 tibi
1727 1740 1798 1787 di-
1870 1780 1878 1797 ξ

408 1814 468 1858 cit
489 1832 499 1858 z
522 1813 638 1858 Perit
659 1811 874 1867 mundus,
899 1812 1083 1856 senescit
1103 1811 1313 1867 munduS,
1338 1811 1485 1857 deficit
1506 1811 1712 1867 mundus,
1731 1811 1798 1856 la-
1844 1823 1846 1826 ’
1866 1839 1873 1866 -ἵ

410 1885 537 1930 borat
558 1882 756 1928 anhelitu
767 1883 1015 1927 senectutis.
1038 1881 1138 1929 Noli
1152 1882 1328 1938 timere,
1355 1883 1633 1928 renovabitur
1641 1884 1799 1943 juven-

413 1963 483 2000 tus
505 1963 582 1999 tua
602 1953 715 1998 sicut
736 1951 910 2012 aquilae.
1861 1998 1898 2015 W

471 2028 550 2071 IX.
586 2028 701 2070 Ecce
717 2059 728 2081 ‚
748 2024 914 2084 inquit,
950 2023 1195 2068 christianis
1219 2023 1488 2081 temporibus
1506 2026 1644 2067 Roma
1666 2023 1794 2083 perit.
1864 2051 1891 2084 ψ

413 2100 447 2143 F
451 2100 691 2148 orteRoma
699 2111 789 2141 non
796 2095 909 2154 perit
926 2113 934 2140 :
951 2094 1064 2139 forte
1078 2091 1296 2151 flagellata
1310 2102 1389 2148 est,
1405 2108 1496 2138 non
1509 2093 1795 2155 interempta:
1862 2124 1885 2157 ,Νν

415 2170 530 2215 forte
546 2168 751 2227 castigata
771 2175 836 2211 est
850 2201 862 2223 ,
885 2180 976 2211 non
994 2164 1152 2209 deleta.
1178 2166 1310 2208 Forte
1330 2167 1471 2209 Roma
1493 2179 1582 2209 non
1599 2165 1737 2226 perit,
1763 2164 1797 2208 si
1844 2194 1898 2225 Ἦ

415 2241 603 2287 Romani
623 2255 712 2286 non
730 2246 925 2299 pereant.
951 2238 1050 2282 Non
1070 2235 1186 2280 enim
1208 2235 1416 2295 peribunt
1430 2269 1441 2291 ,
1477 2235 1510 2279 si
1542 2238 1683 2280 Deum
1703 2235 1799 2280 lau-
1826 2207 1898 2370 ἑῇ

417 2315 589 2359 dabunt
608 2331 619 2359 ε
638 2311 847 2372 peribunt
862 2345 874 2365 ,
899 2309 935 2354 si
967 2307 1354 2367 blasphemabunt.
1396 2309 1534 2351 Roma
1556 2307 1670 2351 enim
1692 2306 1799 2367 quid
1854 2331 1898 2373 Q

418 2394 481 2429 est
497 2420 507 2440 ,
531 2384 612 2429 nisi
627 2382 840 2429 Romani?
860 2383 959 2427 Non
981 2379 1098 2423 enim
1118 2377 1172 2422 de
1189 2377 1407 2438 lapidibus
1424 2385 1467 2421 et
1487 2377 1612 2436 lignis
1634 2378 1794 2435 agitur,
1813 2361 1898 2444 [1,ὦώ

419 2455 474 2499 de
496 2454 669 2499 excelsis
686 2451 834 2497 insulis
856 2459 900 2495 et
921 2448 1193 2509 amplissimis
1225 2447 1459 2491 moenibus
1494 2448 1588 2491 Hoc
1619 2447 1677 2491 sic
1708 2453 1798 2490 erat
1826 2442 1898 2512 (ἤι’

420 2525 605 2579 factum,
632 2533 682 2568 ut
704 2532 816 2569 esset
837 2519 1071 2581 aliquando
1093 2520 1325 2564 ruiturum.
1366 2520 1508 2563 Homo
1536 2532 1637 2562 cum
1659 2515 1792 2561 aedifi-
1827 2459 1898 2588 {q}

468 2614 478 2629 ¹
502 2608 606 2641 Galat.
625 2618 673 2649 ιιι,
695 2609 745 2640 16.

1884 297 1895 415 eze-*2

1807 2575 1875 2725 ,¹³²
