1898 3178
346 250 485 279 senno
516 252 623 288 LXV,
660 252 713 277 DE
747 252 891 279 verinis
924 250 1087 279 MATTH.
1125 253 1166 278 x
1364 245 1443 281 257

74 327 162 372 ret,
189 327 232 362 et
247 317 352 362 dicit
374 336 384 362 ε
408 316 570 361 Occido
592 325 634 360 te
661 334 670 360 ι
697 325 739 359 et
755 332 843 361 non
866 318 1010 373 timet,
1037 333 1092 361 ne
1113 331 1213 361 cum
1235 317 1446 373 minatur,

71 389 192 448 prius
229 389 454 433 moriatur.
478 387 670 442 Occido,
703 387 862 447 inquit.
889 388 994 441 Quis
1031 387 1169 433 dicit?
1207 389 1278 432 cui
1319 387 1454 433 dicit?

71 462 189 504 Duos
211 458 369 503 audio:
389 473 526 502 unum
546 465 799 511 terrentem,
820 457 1005 502 alterum
1022 467 1291 503 metuentem
1315 477 1324 503 ε
1349 474 1455 519 quo-

72 545 170 573 rum
186 544 300 573 unus
324 537 388 573 est
408 537 585 588 potens,
611 527 720 571 alter
740 526 961 582 infirmus,
987 529 1062 571 sed
1083 529 1214 573 ambo
1236 528 1453 574 mortales.

71 598 188 652 Quid
203 614 248 643 se
262 614 364 657 ergo
378 597 574 642 extendit
586 597 632 641 in
648 597 814 642 honore
836 598 1028 642 inflatior
1042 608 1247 657 potestas,
1264 601 1309 644 in
1331 615 1459 644 carne

75 669 256 729 aequalis
291 670 549 713 infirmitas?
589 670 772 713 Securus
806 668 998 712 minetur
1018 679 1232 725 mortem,
1269 671 1344 730 qui
1371 687 1461 714 non

72 740 198 785 timet
218 750 420 785 mortem.
451 740 493 785 Si
526 754 629 784 vero
651 740 770 783 unde
792 748 946 789 terret,
984 740 1109 784 timet
1127 776 1138 795 ‚
1170 743 1370 785 attendat
1391 757 1434 785 se
1450 777 1459 793 ,

71 819 116 854 et
132 811 173 854 ei
189 811 261 855 cui
280 811 472 854 minatur
493 818 714 869 comparet
736 826 794 854 se.
810 810 1007 853 Inveniat
1030 812 1075 854 in
1093 826 1144 855 eo
1166 812 1237 855 cui
1254 813 1461 864 minatur,

74 897 224 942 parem
263 881 584 938 conditionem3
619 890 664 924 et
687 898 709 925 a
738 881 924 925 Domino
956 882 1084 925 simul
1113 898 1213 926 cum
1251 883 1326 927 illo
1349 893 1468 942 petat

73 952 409 996 miserationem.
434 953 578 995 Homo
601 960 664 994 est
693 952 832 1005 enim,
859 961 902 995 et
923 952 1090 995 homini
1112 952 1326 1006 minatur,
1351 969 1469 996 erea—

86 1033 182 1068 tura
203 1032 410 1067 creaturae
436 1041 445 1067 :
472 1021 547 1066 sed
580 1038 668 1066 una
690 1022 837 1067 inflata
873 1023 954 1067 sub
986 1025 1212 1079 Creatore‚
1240 1023 1373 1069 altera
1394 1024 1469 1068 fu>-

75 1094 195 1152 giens
213 1094 267 1138 ad
283 1095 550 1139 Creatorem.

137 1167 220 1208 111.
234 1165 357 1209 Dicat
378 1179 480 1221 ergo
494 1162 754 1207 fortissimus
774 1167 957 1221 Martyr,
979 1174 1095 1209 stans
1112 1166 1245 1210 homo
1267 1177 1366 1211 ame
1389 1169 1468 1211 ho-

74 1235 238 1279 minem
261 1254 270 1280 2
290 1237 388 1279 Non
411 1235 566 1289 timeo,
591 1235 694 1293 quia
719 1235 866 1279 timeo.
891 1238 956 1279 Tu
977 1236 1097 1296 quod
1119 1238 1312 1293 minaris,
1339 1239 1372 1282 si
1395 1239 1466 1283 ille

74 1305 204 1361 nolit,
240 1321 330 1349 non
357 1304 462 1348 facis
485 1323 493 1349 :
520 1305 642 1364 quod
671 1315 818 1349 autem
847 1305 920 1349 ille
951 1307 1166 1362 minatur,
1191 1318 1241 1352 ut
1275 1309 1404 1353 faciat
1443 1326 1466 1354 a

77 1374 201 1419 nullo
223 1373 476 1434 impeditur.
502 1374 667 1418 Deinde
696 1384 745 1418 tu
767 1375 887 1434 quod
910 1375 1107 1431 minaris,
1129 1386 1172 1421 et
1199 1379 1231 1422 si
1248 1380 1470 1438 permitte-

74 1447 152 1501 ris,
178 1445 286 1506 quid
307 1445 446 1490 facis?
482 1447 627 1505 Usque
651 1445 706 1489 ad
725 1461 900 1489 carnem
922 1447 1066 1501 saevis,
1103 1449 1245 1493 anima
1270 1458 1362 1494 tuta
1385 1460 1463 1494 ost.

76 1520 174 1562 Non
196 1515 365 1560 occides
400 1517 516 1574 quod
556 1531 646 1560 non
683 1516 803 1560 vides
830 1535 838 1561 :
865 1517 1042 1561 visibilis
1070 1519 1284 1563 visibilem
1314 1530 1460 1564 terres.

77 1588 300 1632 Habemus
316 1586 446 1630 ambo
460 1586 721 1630 invisibilem
740 1589 1006 1642 Creatorem,
1021 1604 1151 1647 quem
1170 1590 1301 1634 simul
1315 1592 1466 1635 timere

0 1662 12 1695 ’ἱ
77 1657 342 1714 debeamus3
377 1656 454 1716 qui
480 1656 705 1700 hominem
732 1657 875 1715 ipsum
910 1673 960 1700 ex
995 1658 1155 1701 visibili
1183 1668 1226 1703 et
1261 1660 1464 1704 invisibili

77 1728 239 1772 creavit
264 1726 512 1771 :visibilem
548 1716 603 1770 de
637 1735 750 1770 terra
789 1726 914 1777 fecit,
951 1727 1211 1771 invisibilem
1250 1730 1357 1774 flatu
1385 1746 1463 1775 suo

77 1798 297 1842 animavit.
326 1797 572 1842 Substantia
593 1812 696 1856 ergo
714 1797 964 1851 invisibilis,
990 1798 1073 1842 hoe
1096 1808 1181 1853 est,
1203 1800 1345 1844 anima
1363 1818 1462 1861 quae

77 1948 250 1983 terram.
273 1941 399 1981 Potes
421 1935 550 1979 ferire
569 1936 887 1990 habitaculum,
910 1936 1125 1995 numquid
1145 1937 1464 1984 habitatorem?

79 2009 212 2067 Fugit
231 2022 434 2067 percusso
455 2005 632 2050 vinculo
655 2005 903 2064 colligatus,
921 2015 964 2049 et
981 2006 1062 2048 erit
1083 2005 1128 2049 in
1151 2006 1323 2052 occulto
1339 2026 1463 2054 coro-

79 2089 222 2124 natus.
247 2078 364 2132 Quid
380 2093 483 2137 ergo
505 2077 701 2132 minaris,
726 2077 802 2136 qui
823 2077 980 2120 animae
1011 2077 1121 2120 nihil
1147 2076 1288 2123 facere
1310 2086 1463 2139 potes?

81 2153 163 2195 Per
184 2149 386 2194 meritum
409 2149 499 2208 ejus
521 2148 590 2192 cui
611 2146 752 2192 facere
775 2146 885 2190 nihil
908 2157 1029 2206 potes
1048 2183 1058 2202 ‚
1084 2159 1276 2207 resurget
1303 2153 1373 2195 cui
1397 2154 1464 2197 fa-

80 2235 174 2265 cere
195 2218 360 2279 aliquid
382 2227 520 2278 potes.
547 2222 628 2262 Per
647 2219 850 2262 meritum
876 2218 991 2261 enim
1021 2219 1177 2262 animae
1208 2234 1399 2281 resurget
1423 2234 1465 2268 et

71 2306 184 2338 :caro
204 2310 213 2335 :
234 2300 278 2334 et
298 2289 532 2333 habitatori
554 2287 783 2344 reddetur,
800 2289 891 2348 jani
913 2304 1001 2332 non
1023 2289 1212 2343 ruitura,
1238 2292 1314 2335 sed
1341 2308 1467 2338 man-

84 2376 197 2405 sura.
215 2363 345 2414 Ecce,
360 2358 520 2415 (verba
535 2358 737 2415 Martyris
760 2357 873 2413 dico,
893 2361 909 2415 )
931 2374 1029 2402 ecce
1046 2374 1126 2401 nec
1139 2369 1315 2419 propter
1331 2362 1467 2421 ipsam

91 2447 265 2475 carnem
302 2444 441 2473 meam
485 2429 616 2472 timeo
653 2429 1007 2472 comminantem.
1048 2431 1158 2473 Caro
1196 2446 1291 2475 mea
1323 2435 1470 2495 subia-

7 2546 10 2548 .
30 2555 33 2557 ,
94 2511 162 2546 cet
200 2500 405 2561 potestati
441 2521 449 2544 2
485 2500 559 2543 sed
595 2500 720 2543 etiam
760 2500 903 2558 capilli
939 2501 1088 2559 capitis
1118 2506 1334 2548 numerati
1370 2518 1472 2552 sunt

90 2572 301 2617 Creatori.
327 2570 444 2624 Quid
474 2570 604 2614 timeo
642 2586 694 2613 ne
729 2585 902 2613 carnem
931 2572 1135 2628 perdam,
1170 2573 1248 2632 qui
1287 2589 1365 2620 nec
1398 2595 1469 2622 ca-

224 2655 351 2683 mxxv>
1286 2649 1332 2685 17
