1898 3178
423 231 506 271 466
818 240 851 269 s.
887 240 1117 269 AUGUSTINI
1151 243 1329 270 Emscom

421 306 566 352 Turba
597 315 687 350 erat
709 319 862 363 magna
892 305 1089 349 fidelium
1111 308 1136 350 J
1142 304 1391 361 udaeorum,
1417 315 1516 350 ante
1553 305 1698 350 fusum
1720 321 1798 365 pro
1858 350 1859 353 ,

418 391 464 420 se
484 377 738 435 sanguinem
767 375 813 419 in
844 375 1017 421 Christo
1038 375 1307 420 credentium
1336 389 1491 433 magna
1513 377 1640 420 turha
1669 385 1762 420 erat
1786 394 1796 421 :

423 464 444 488 «
479 449 576 492 Non
595 446 711 489 enim
726 444 887 490 frustra
921 447 1133 492 Dominus
1153 447 1243 506 ipse
1276 462 1365 491 non
1405 456 1603 501 venerat,
1643 446 1724 490 nisi
1745 445 1802 490 ad

422 534 442 557 »
478 531 577 561 oves
590 550 601 571 ,
639 531 739 576 quae
773 517 990 576 perierant
1025 516 1181 562 domus
1211 517 1400 562 Israel1?
1418 536 1438 559 »
1460 520 1512 561 In
1540 516 1632 561 aliis
1655 526 1800 562 autem
1848 535 1850 538 ’

419 586 669 642 crucifixus,
702 588 791 646 jam
832 588 877 631 in
913 586 1025 633 coelo
1057 588 1291 643 exaltatus,
1326 588 1490 632 invenit
1530 587 1802 647 poenitentiae

417 655 611 700 fructum
639 676 648 701 z
671 672 751 701 nec
773 657 914 702 aridos
937 657 1041 702 fecit
1057 693 1068 713 ,
1094 657 1169 702 sed
1190 658 1234 701 in
1256 673 1358 716 agro
1375 657 1585 712 excoluit,
1603 667 1646 702 et
1667 657 1802 702 verbo

417 724 624 784 irrigavit.
648 726 757 771 Inde
790 736 912 772 erant
933 727 1007 771 illa
1031 736 1218 787 quatuor
1251 725 1384 772 millia
1417 730 1441 770 J
1446 727 1670 771 udaeorum
1686 762 1697 781 ,
1726 727 1804 786 qui

417 795 720 852 crediderunt,
763 806 1044 857 posteaquam
1079 806 1229 841 sancto
1269 797 1432 856 Spiritu
1462 797 1631 856 impleti
1662 797 1803 841 Disci-

416 865 531 924 puli,
552 875 594 910 et
609 867 797 927 quicum
818 868 876 911 eis
894 877 1037 922 erant,
1054 867 1214 926 linguis
1231 868 1425 911 omnium
1446 868 1640 926 gentium
1655 868 1805 927 loque-

417 936 600 992 bantur,
626 947 669 981 et
689 953 766 997 per
793 953 942 983 omnes
964 947 1111 996 gentes
1147 937 1342 982 futuram
1365 937 1600 982 Ecclesiam
1621 937 1693 981 illa
1718 937 1805 982 lin-

420 1021 603 1063 guarum
618 1006 863 1052 diversitate
881 1007 1219 1068 quodammodo
1235 1007 1628 1066 praenuntiabanffl.
1649 1007 1803 1052 Credi-

419 1074 581 1120 derunt
591 1085 712 1132 tunc,
723 1086 767 1121 et
776 1077 880 1137 ipsae
889 1093 989 1122 oves
1001 1086 1245 1138 erant,quae
1256 1078 1473 1137 per-ierant
1483 1077 1638 1122 dom-us
1649 1077 1780 1122 Israel
1792 1096 1802 1122 z

424 1146 499 1190 sed
515 1148 617 1207 quia
635 1167 654 1190 (ι
672 1151 860 1193 Venerat
878 1149 1014 1193 Filius
1031 1149 1216 1194 hominis
1232 1164 1427 1209 csuaerere
1448 1158 1491 1193 et
1506 1148 1668 1193 salvare
1686 1145 1807 1207 quod

422 1235 442 1258 υ
469 1219 654 1276 perierat
663 1221 695 1273 3,
714 1238 734 1260 »
748 1221 877 1263 etiam
889 1220 1003 1279 ipsos
1016 1220 1196 1264 invenit.
1215 1219 1299 1264 Sed
1312 1220 1456 1264 nescio
1469 1219 1547 1263 ubi
1560 1228 1771 1278 tanquam
1783 1233 1807 1261 a

418 1285 533 1345 lupis
547 1289 771 1347 depredati
786 1289 982 1334 latebant
999 1290 1045 1333 in
1055 1289 1260 1348 vepribus
1275 1310 1285 1346 3
1303 1298 1346 1333 et
1358 1290 1459 1348 quia
1469 1288 1666 1333 latebant
1676 1288 1722 1331 in
1737 1301 1808 1332 ve-

420 1356 587 1414 pribus,
598 1356 697 1401 ideo
710 1359 764 1402 ad
778 1373 849 1402 eos
862 1358 1145 1402 inveniendos
1158 1374 1247 1402 non
1257 1359 1467 1416 pervenit,
1479 1357 1560 1400 nisi
1573 1357 1705 1416 spinis
1717 1371 1809 1415 pas·
1827 1379 1830 1384 ·

422 1425 552 1470 sionis
564 1426 844 1472 dilaceratus:
860 1436 1002 1471 tamen
1010 1428 1221 1486 pervenit,
1236 1427 1418 1480 invenit,
1434 1425 1631 1469 redemit.
1651 1425 1719 1469 Illi
1732 1441 1808 1470 oc-
1828 1456 1829 1459 ,
1852 1456 1854 1458 -

425 1495 620 1540 ciderant
635 1531 646 1551 ,
671 1512 761 1541 non
783 1499 917 1555 magis
937 1496 1101 1555 ipsum,
1127 1511 1258 1555 quam
1281 1512 1339 1539 sc.
1359 1496 1473 1540 Salvi
1489 1495 1594 1539 facti
1614 1504 1716 1540 sunt
1732 1511 1810 1554 per

424 1565 611 1609 occisum
639 1581 718 1624 pro
750 1581 809 1610 se.
835 1567 1136 1625 Loquentibus
1166 1566 1282 1609 enim
1314 1565 1531 1625 Apostolis
1558 1566 1825 1626 compuncti¹

423 1643 525 1678 sunt
541 1635 615 1693 qui
633 1644 910 1693 pupugerant
926 1634 1090 1690 lancea,
1107 1637 1356 1694 compuncti
1376 1645 1478 1680 sunt
1492 1636 1779 1681 conscientia4
1797 1653 1823 1680 2<

424 1705 676 1763 compuncti
695 1714 840 1748 autem
873 1705 1101 1750 consilium
1133 1707 1423 1765 quaesierunt,
1455 1705 1605 1750 datum
1633 1719 1810 1765 recepe-

424 1784 558 1830 runt,
584 1776 887 1835 poenitentiam
911 1786 1120 1834 egerunt,
1147 1777 1328 1836 gratiam
1350 1778 1635 1831 invenerunt,
1657 1787 1699 1820 et
1723 1791 1812 1821 cre-

428 1845 579 1890 dentes
618 1847 874 1905 sanguinem
914 1847 1124 1890 biberunt
1157 1861 1298 1905 ¹quem
1325 1846 1548 1890 saevientes
1579 1845 1807 1892 fuderunt.
1839 1880 1877 1919 mm

428 1916 514 1968 Qui
535 1925 678 1960 autem
697 1924 994 1960 remanserunt
1015 1915 1128 1959 mala
1150 1924 1193 1959 et
1222 1914 1356 1959 sterili
1378 1916 1584 1974 progenie
1605 1931 1744 1976 usque
1765 1917 1816 1972 inJ
1836 1914 1898 1993 Domi

429 1984 691 2029 hodiernum
713 1994 756 2029 et
772 2000 911 2045 usque
932 1985 976 2029 in
998 1986 1147 2039 finem,
1169 1984 1214 2032 in
1236 1984 1308 2029 illa
1331 1984 1485 2030 arbore
1505 1986 1813 2046 figuratisunt,

429 2055 562 2099 Modo
578 2055 697 2100 venis
715 2055 771 2099 ad
792 2070 880 2110 eos,
902 2064 944 2099 et
957 2055 1124 2099 invenis
1145 2053 1263 2113 apud
1278 2070 1349 2099 eos
1361 2056 1505 2100 onmia
1519 2056 1692 2116 eloquia
1705 2060 1761 2101 Pr

429 2126 676 2184 phetarum.
711 2125 795 2171 Sed
815 2126 896 2170 ista
921 2125 1026 2170 folia
1054 2135 1155 2170 sunt
1181 2144 1190 2169 ε
1218 2126 1413 2171 Christus
1434 2128 1566 2171 esurit
1583 2162 1594 2182 ,
1618 2127 1765 2173 fructu
1809 2139 1811 2142 ·
1829 2154 1888 2205 lrhor

432 2198 611 2256 quaerit,
631 2197 707 2241 sed
728 2197 826 2241 ideo
846 2198 892 2241 in
909 2197 967 2241 eis
993 2196 1187 2241 fructum
1201 2212 1291 2241 non
1307 2197 1493 2254 invenit,
1513 2199 1613 2258 quia
1629 2213 1674 2242 se
1687 2199 1732 2242 in
1752 2198 1788 2242 e‘
1826 2199 1895 2278 wa'

432 2282 521 2311 non
546 2267 728 2311 invenit.
762 2269 860 2313 Non
892 2267 1006 2310 enim
1035 2267 1170 2311 habet
1201 2266 1392 2312 fructum
1411 2303 1422 2323 ,
1461 2268 1537 2328 qui
1560 2284 1649 2313 non
1679 2267 1805 2312 habe
1824 2291 1860 2343 daea
1878 2308 1898 2351 Π

435 2337 671 2381 Christum.
698 2340 796 2383 Non
817 2346 961 2382 autem
990 2336 1124 2381 habet
1151 2338 1392 2392 Christum,
1427 2339 1504 2398 qui
1529 2339 1690 2384 Christi
1722 2355 1750 2382 n
1783 2348 1786 2350 ’

437 2415 553 2450 tenet
573 2408 783 2452 unitatem
800 2442 811 2463 ,
836 2409 1012 2467 quinon
1029 2408 1161 2451 habet
1183 2408 1451 2452 charitatem.
1473 2411 1588 2467 Ergo
1607 2424 1682 2468 per
1698 2409 1752 2453 ha
1784 2415 1798 2458 Γ,

434 2478 759 2521 connectionem
785 2493 874 2522 non
897 2477 1029 2521 habet
1048 2478 1237 2521 fructum
1256 2479 1330 2537 qui
1353 2494 1442 2522 non
1469 2478 1600 2523 habet
1620 2479 1797 2524 charitass

1842 2099 1869 2131 aec
1882 2091 1898 2136 is

487 2559 628 2591 'Matlh
649 2573 702 2601 av,
721 2561 774 2602 245-
796 2578 835 2584 ——
858 2569 868 2584 2
889 2565 960 2593 Act.
981 2573 1014 2602 n,
1040 2560 1070 2602 ,3.
1099 2579 1138 2585 -
1160 2560 1172 2584 3
1192 2564 1267 2593 Luc⁴
1288 2573 1350 2603 xix,
1376 2574 1425 2594 10.
1450 2579 1490 2584 -—
1510 2560 1522 2592 *i
1543 2564 1615 2595 Aet.
1634 2573 1668 2604 ιι,
1689 2562 1741 2604 35.
