1898 3178
332 177 416 216 206
754 182 788 212 s.
825 182 1056 212 Aucusnm
1086 184 1269 213 Emscom

326 252 513 298 vivimus
538 251 632 306 hic,
669 250 797 294 datur
818 249 865 293 in
886 248 1111 293 Dominica
1134 249 1357 294 Oratione.
1386 252 1566 309 Propter
1592 250 1714 309 quod

329 323 514 368 dicimus
534 341 543 367 ε
571 341 593 364 «
618 321 795 366 Dimitte
812 320 937 365 nobis
953 319 1099 365 debita
1120 329 1280 365 nostra.
1307 338 1328 362 »

386 395 487 438 VII.
523 394 581 436 Et
600 390 773 435 induxit
798 390 1030 435 nobiscum
1058 393 1174 436 Deus
1200 399 1378 451 pactum
1405 399 1449 435 et
1477 390 1713 450 placitum,

328 465 592 523 firmumque
605 461 965 521 chirographum,
986 470 1038 506 ut
1056 461 1251 507 dicamus
1270 480 1279 506 :
1310 480 1332 504 «
1356 461 1477 507 Sicut
1488 471 1533 506 et
1547 477 1628 507 nos
1649 460 1717 506 di-

332 553 354 577 »
387 534 598 578 mittimus
615 531 889 577 debitoribus
910 532 1108 578 nostris1.
1136 551 1156 574 »
1179 533 1261 586 Qui
1283 532 1381 577 vult
1401 531 1545 577 dicere
1566 534 1717 578 effica-

330 607 436 650 citer
458 624 467 650 :
492 623 513 646 «
537 603 714 648 Dimitte
741 603 867 648 nobis
888 603 1035 648 debita
1057 613 1205 650 nostra
1228 623 1238 649 ε
1271 622 1292 645 »
1324 602 1440 648 dicat
1466 604 1676 649 veraciter
1704 622 1715 649 ε

336 695 356 718 (ι
392 675 513 721 Sicut
521 683 565 719 et
581 689 660 719 nos
667 672 927 719 dimittimus
936 673 1207 719 debitoribus
1221 673 1394 719 nostris.
1412 691 1433 716 »
1451 674 1587 719 Sihoc
1597 674 1720 734 quod

335 755 399 791 est
435 746 668 806 posterius,
705 755 780 791 aut
804 761 895 791 non
930 744 1035 791 dicit
1066 754 1165 801 ,aut
1193 745 1404 790 fallaciter
1435 745 1564 803 dicit,
1607 743 1721 790 illud

334 817 456 878 quod
473 817 592 877 prius
613 826 698 873 est,
717 817 903 862 inaniter
919 815 1040 862 dicit.
1066 816 1252 861 Maxime
1265 815 1388 862 vobis
1406 815 1591 861 dicimus
1615 816 1720 861 :Di-

333 887 495 932 mittite
509 887 655 932 omnia
663 886 717 931 de
725 886 930 932 cordibus
946 886 1100 932 vestris
1111 921 1122 942 ,
1143 887 1218 947 qui
1226 885 1282 931 ad
1298 895 1496 932 sanctum
1505 886 1721 946 baptisma

332 959 548 1004 acceditis.
573 962 631 1004 Et
651 974 726 1004 vos
743 958 915 1014 fideles,
939 959 1014 1019 qui
1031 973 1110 1018 per
1131 959 1246 1003 hanc
1271 959 1542 1003 occasionem
1563 956 1721 1002 auditis

330 1031 444 1075 hanc
465 1030 706 1075 orationem
720 1038 764 1073 et
784 1038 976 1074 nostram
993 1029 1307 1088 expositionem
1318 1064 1334 1084 ,
1355 1028 1560 1073 dimittite
1576 1037 1722 1073 totum

332 1101 550 1162 quidquid
573 1101 777 1145 adversus
804 1099 995 1161 aliquem
1022 1099 1192 1144 habetis
1214 1099 1269 1144 de
1291 1099 1496 1145 cordibus
1521 1099 1672 1145 vestris
1709 1118 1718 1144 ι

332 1173 392 1217 ibi
418 1172 648 1227 dimittite,
674 1172 752 1216 ubi
775 1174 889 1216 Deus
910 1169 1045 1217 videt.
1075 1170 1325 1231 Aliquando
1347 1172 1464 1216 enim
1495 1172 1627 1216 homo
1656 1171 1723 1215 di-

331 1244 466 1288 mittit
486 1259 560 1288 ore
577 1278 588 1299 ,
613 1252 658 1289 et
679 1251 800 1287 tenet
819 1241 949 1287 corde
969 1261 977 1287 :
1003 1240 1183 1286 dimittit
1204 1257 1277 1287 ore
1299 1252 1476 1302 propter
1496 1242 1694 1287 homines
1708 1277 1719 1298 ,

332 1323 375 1358 ct
391 1323 513 1359 tenet
534 1314 681 1369 eorde,
706 1329 795 1358 non
820 1313 976 1357 timens
1002 1313 1152 1358 oculos
1177 1314 1268 1357 Dei.
1288 1317 1467 1358 Prorsus
1490 1313 1719 1369 dimittite,

332 1384 550 1445 quidquid
572 1394 635 1429 est
654 1383 774 1445 quod
789 1398 927 1444 usque
942 1383 998 1428 ad
1014 1384 1116 1429 istos
1134 1384 1225 1428 dies
1242 1385 1440 1429 tenuistis
1451 1420 1463 1440 ,
1485 1384 1640 1428 saltem
1656 1384 1722 1429 his

332 1454 487 1499 diebus
501 1454 721 1499 dimittite.
739 1456 838 1500 Non
851 1453 1006 1498 debuit
1018 1455 1215 1498 occidere
1228 1453 1293 1499 sol
1309 1470 1439 1514 super
1450 1455 1722 1499 iracundiam

333 1528 621 1581 vestram²,et
651 1524 778 1569 multi
811 1524 921 1569 soles
942 1525 1220 1569 transierunt.
1247 1527 1454 1570 Transeat
1485 1525 1723 1586 aliquando

333 1605 376 1640 et
397 1594 620 1640 iracundia
642 1603 804 1649 vestra,
829 1593 920 1639 dies
942 1595 1090 1654 magni
1114 1595 1222 1639 Solis
1247 1594 1383 1640 modo
1405 1595 1675 1641 celebramus
1711 1616 1720 1642 :

333 1665 449 1710 illius
472 1666 580 1711 Solis
599 1665 654 1709 de
670 1680 759 1725 quo
777 1663 882 1708 dicit
896 1665 1116 1724 Scriptura
1139 1684 1148 1709 :
1174 1684 1194 1707 a
1213 1667 1388 1710 Orietur
1409 1666 1532 1711 vobis
1549 1666 1622 1711 Sol
1630 1667 1725 1727 jus-

336 1755 356 1779 »
392 1737 499 1781 titiae
517 1771 530 1792 ,
549 1745 593 1780 et
613 1736 770 1780 sanitas
792 1735 838 1778 in
859 1735 1012 1794 pennis
1034 1736 1167 1794 ejus3.
1197 1754 1218 1777 »
1243 1736 1361 1790 Quid
1379 1745 1469 1791 est,
1504 1737 1550 1780 in
1571 1738 1724 1796 pennis

334 1809 452 1869 ejus?
475 1810 526 1851 In
547 1806 816 1867 protectione
833 1806 940 1866 ejus.
966 1804 1091 1850 Unde
1110 1806 1155 1850 in
1178 1805 1348 1852 Psalmo
1365 1806 1525 1852 dicitur
1544 1827 1554 1852 :
1583 1826 1604 1850 «
1631 1808 1723 1854 Sub

337 1897 359 1920 »
390 1878 546 1923 umbra
567 1878 733 1922 alarum
765 1886 940 1922 tuarum
961 1886 1140 1937 protege
1160 1878 1271 1922 me4.
1301 1895 1321 1919 n
1346 1877 1431 1922 Alii
1449 1887 1616 1934 autem,
1647 1881 1725 1939 qui

336 1951 380 1994 in
404 1949 474 1995 die
489 1949 644 2010 judicii
664 1948 804 1993 futuri
824 1957 927 1993 sunt
947 1963 1042 1994 sero
1064 1949 1327 2008 poenitentes
1341 1983 1353 2004 ,
1386 1958 1430 1993 et
1452 1949 1725 1996 infructuose

336 2021 558 2077 dolentes,
590 2020 787 2080 praedicti
821 2036 844 2064 a
869 2020 1108 2080 Sapientia,
1145 2019 1254 2080 quid
1283 2029 1389 2065 tunc
1423 2021 1582 2067 dicturi
1622 2030 1724 2067 sunt

337 2093 639 2153 poenitentiam
658 2100 833 2151 agentes
848 2126 859 2146 ,
889 2100 932 2135 et
951 2106 1041 2150 prae
1063 2091 1263 2150 angustia
1284 2091 1457 2151 spiritus
1478 2082 1723 2151 gementes?

343 2183 363 2207 «
397 2163 514 2217 Quid
549 2163 676 2209 nobis
707 2160 874 2222 profuit
910 2162 1135 2222 superbia,
1161 2170 1204 2206 et
1240 2161 1488 2208 divitiarum
1515 2165 1724 2224 Jactantia

341 2252 364 2275 »
397 2234 504 2293 quid
537 2232 724 2279 contulit
756 2232 906 2278 nobis?
937 2233 1216 2277 Transierunt
1249 2231 1324 2277 illa
1344 2233 1489 2278 omnia
1513 2243 1723 2294 tanquam

343 2322 362 2345 ))
398 2305 596 2349 umbra.»
611 2307 669 2349 Et
687 2305 801 2348 inter
814 2312 985 2358 caetera,
1002 2321 1022 2345 «
1036 2305 1151 2361 Ergo
1160 2303 1396 2349 erravimus
1405 2303 1720 2361 aviaveritatis,

343 2393 364 2416 >›
399 2383 442 2419 et
462 2376 639 2434 justitiae
662 2375 813 2421 lumen
834 2390 924 2420 non
945 2373 1059 2418 luxit
1078 2374 1226 2430 nobis,
1252 2383 1295 2419 et
1319 2375 1391 2420 Sol
1411 2390 1501 2421 non
1521 2384 1586 2420 est
1601 2384 1723 2422 ortus

404 2479 415 2495 1
444 2472 566 2505 Matth.
592 2483 639 2515 vi,
668 2482 720 2506 12.
751 2489 791 2497 —-
818 2479 831 2496 ²
866 2471 982 2516 Ephes.
1017 2482 1063 2514 iv,
1098 2471 1156 2506 26.
1181 2488 1222 2496 -
1252 2470 1266 2496 3
1285 2472 1397 2506 Malae.
1419 2483 1465 2516 Π,
1483 2481 1515 2506 2.
1545 2489 1588 2497 —
1605 2471 1623 2504 4
1640 2473 1722 2507 Psal.

343 2538 408 2569 xvi,
427 2529 459 2560 8.
