<?xml version="1.0" encoding="UTF-8"?>
<!DOCTYPE html PUBLIC "-//W3C//DTD XHTML 1.0 Transitional//EN"
    "http://www.w3.org/TR/xhtml1/DTD/xhtml1-transitional.dtd">
<html xmlns="http://www.w3.org/1999/xhtml" xml:lang="en" lang="en">
 <head>
  <title>
</title>
<meta http-equiv="Content-Type" content="text/html;charset=utf-8" />
  <meta name='ocr-system' content='tesseract 3.04.00' />
  <meta name='ocr-capabilities' content='ocr_page ocr_carea ocr_par ocr_line ocrx_word'/>
</head>
<body>
  <div class='ocr_page' id='page_1' title='image "./operaomniaaccura18auguuoft_0547.png"; bbox 0 0 1898 3178; ppageno 0'>
   <div class='ocr_carea' id='block_1_1' title="bbox 0 0 66 1588">
    <p class='ocr_par' dir='ltr' id='par_1_1' title="bbox 0 0 66 1588">
     <span class='ocr_line' id='line_1_1' title="bbox 0 0 66 1588; baseline 0 0"><span class='ocrx_word' id='word_1_1' title='bbox 0 0 66 1588; x_wconf 95' lang='lat' dir='ltr'>  </span> 
     </span>
    </p>
   </div>
   <div class='ocr_carea' id='block_1_2' title="bbox 0 898 16 1653">
    <p class='ocr_par' dir='ltr' id='par_1_2' title="bbox 0 898 16 1653">
     <span class='ocr_line' id='line_1_2' title="bbox 0 898 16 1653; textangle 90"><span class='ocrx_word' id='word_1_2' title='bbox 0 1644 2 1653; x_wconf 88' lang='grc'><em>“</em></span> <span class='ocrx_word' id='word_1_3' title='bbox 0 1530 12 1582; x_wconf 53' lang='lat' dir='ltr'>zzz„</span> <span class='ocrx_word' id='word_1_4' title='bbox 0 1462 13 1511; x_wconf 50' lang='grc' dir='ltr'>ει</span> <span class='ocrx_word' id='word_1_5' title='bbox 0 1396 11 1443; x_wconf 35' lang='lat' dir='ltr'>ur</span> <span class='ocrx_word' id='word_1_6' title='bbox 0 1324 10 1369; x_wconf 71' lang='grc' dir='ltr'><strong><em>ε-ι-</em></strong></span> <span class='ocrx_word' id='word_1_7' title='bbox 0 1256 11 1299; x_wconf 46' lang='lat' dir='ltr'>a*</span> <span class='ocrx_word' id='word_1_8' title='bbox 0 898 16 1227; x_wconf 30' lang='lat' dir='ltr'>-‘.-,v-——,›⁴-—</span> 
     </span>
    </p>
   </div>
   <div class='ocr_carea' id='block_1_3' title="bbox 345 238 1445 289">
    <p class='ocr_par' dir='ltr' id='par_1_3' title="bbox 345 238 1445 289">
     <span class='ocr_line' id='line_1_3' title="bbox 345 238 1445 289; baseline -0.003 -8"><span class='ocrx_word' id='word_1_9' title='bbox 345 251 483 281; x_wconf 76' lang='lat' dir='ltr'>SERMO</span> <span class='ocrx_word' id='word_1_10' title='bbox 513 252 672 289; x_wconf 82' lang='lat' dir='ltr'>xcvm,</span> <span class='ocrx_word' id='word_1_11' title='bbox 709 252 762 279; x_wconf 79' lang='lat' dir='ltr'>DE</span> <span class='ocrx_word' id='word_1_12' title='bbox 794 250 940 279; x_wconf 82' lang='lat' dir='ltr'>VERBIS</span> <span class='ocrx_word' id='word_1_13' title='bbox 972 252 1065 279; x_wconf 76' lang='lat' dir='ltr'>Luc.</span> <span class='ocrx_word' id='word_1_14' title='bbox 1101 252 1178 279; x_wconf 90' lang='lat' dir='ltr'>v11.</span> <span class='ocrx_word' id='word_1_15' title='bbox 1362 238 1445 278; x_wconf 86' lang='lat'>535</span> 
     </span>
    </p>
   </div>
   <div class='ocr_carea' id='block_1_4' title="bbox 71 315 1451 727">
    <p class='ocr_par' dir='ltr' id='par_1_4' title="bbox 71 315 1450 504">
     <span class='ocr_line' id='line_1_4' title="bbox 72 315 1443 378; baseline -0.003 -14"><span class='ocrx_word' id='word_1_16' title='bbox 72 328 214 374; x_wconf 86' lang='lat' dir='ltr'>vatur,</span> <span class='ocrx_word' id='word_1_17' title='bbox 239 328 282 363; x_wconf 89' lang='lat' dir='ltr'>et</span> <span class='ocrx_word' id='word_1_18' title='bbox 302 320 363 362; x_wconf 91' lang='lat' dir='ltr'>irc</span> <span class='ocrx_word' id='word_1_19' title='bbox 392 318 681 378; x_wconf 68' lang='lat' dir='ltr'><strong>permittatur.</strong></span> <span class='ocrx_word' id='word_1_20' title='bbox 716 318 807 361; x_wconf 88' lang='lat' dir='ltr'>Hoc</span> <span class='ocrx_word' id='word_1_21' title='bbox 830 315 1023 360; x_wconf 86' lang='lat' dir='ltr'>officium</span> <span class='ocrx_word' id='word_1_22' title='bbox 1045 315 1274 375; x_wconf 86' lang='lat' dir='ltr'>Discipulis</span> <span class='ocrx_word' id='word_1_23' title='bbox 1297 315 1443 372; x_wconf 84' lang='lat' dir='ltr'>dedit,</span> 
     </span>
     <span class='ocr_line' id='line_1_5' title="bbox 71 386 1450 450; baseline -0.003 -17"><span class='ocrx_word' id='word_1_24' title='bbox 71 390 232 450; x_wconf 86' lang='lat' dir='ltr'>quibus</span> <span class='ocrx_word' id='word_1_25' title='bbox 260 390 320 433; x_wconf 87' lang='lat' dir='ltr'>ait</span> <span class='ocrx_word' id='word_1_26' title='bbox 346 408 355 434; x_wconf 90' lang='lat'>:</span> <span class='ocrx_word' id='word_1_27' title='bbox 391 407 410 430; x_wconf 94' lang='lat'>«</span> <span class='ocrx_word' id='word_1_28' title='bbox 437 392 541 440; x_wconf 85' lang='lat' dir='ltr'>Quae</span> <span class='ocrx_word' id='word_1_29' title='bbox 571 386 779 431; x_wconf 87' lang='lat' dir='ltr'>solveritis</span> <span class='ocrx_word' id='word_1_30' title='bbox 801 388 846 430; x_wconf 92' lang='lat' dir='ltr'>in</span> <span class='ocrx_word' id='word_1_31' title='bbox 876 396 988 431; x_wconf 85' lang='lat' dir='ltr'>terra</span> <span class='ocrx_word' id='word_1_32' title='bbox 1005 421 1016 442; x_wconf 87' lang='lat'><strong>‚</strong></span> <span class='ocrx_word' id='word_1_33' title='bbox 1051 386 1191 431; x_wconf 89' lang='lat' dir='ltr'>soluta</span> <span class='ocrx_word' id='word_1_34' title='bbox 1219 395 1320 431; x_wconf 88' lang='lat' dir='ltr'>sunt</span> <span class='ocrx_word' id='word_1_35' title='bbox 1341 387 1450 431; x_wconf 82' lang='lat' dir='ltr'>etin</span> 
     </span>
     <span class='ocr_line' id='line_1_6' title="bbox 75 460 324 504; baseline -0.008 -2"><span class='ocrx_word' id='word_1_36' title='bbox 75 479 96 503; x_wconf 87' lang='lat'>»</span> <span class='ocrx_word' id='word_1_37' title='bbox 121 460 275 504; x_wconf 58' lang='lat' dir='ltr'>COR-10¹.</span> <span class='ocrx_word' id='word_1_38' title='bbox 304 477 324 500; x_wconf 90' lang='lat'>»</span> 
     </span>
    </p>

    <p class='ocr_par' dir='ltr' id='par_1_5' title="bbox 71 528 1451 727">
     <span class='ocr_line' id='line_1_7' title="bbox 130 528 1448 588; baseline -0.002 -14"><span class='ocrx_word' id='word_1_39' title='bbox 130 533 229 574; x_wconf 82' lang='lat' dir='ltr'>VII.</span> <span class='ocrx_word' id='word_1_40' title='bbox 251 532 354 574; x_wconf 81' lang='lat' dir='ltr'>Haec</span> <span class='ocrx_word' id='word_1_41' title='bbox 373 544 496 588; x_wconf 78' lang='lat' dir='ltr'>ergo,</span> <span class='ocrx_word' id='word_1_42' title='bbox 521 528 770 583; x_wconf 85' lang='lat' dir='ltr'>charissimi,</span> <span class='ocrx_word' id='word_1_43' title='bbox 786 529 845 573; x_wconf 93' lang='lat' dir='ltr'>sic</span> <span class='ocrx_word' id='word_1_44' title='bbox 857 528 1098 583; x_wconf 85' lang='lat' dir='ltr'>audiamus,</span> <span class='ocrx_word' id='word_1_45' title='bbox 1123 537 1173 573; x_wconf 93' lang='lat' dir='ltr'>ut</span> <span class='ocrx_word' id='word_1_46' title='bbox 1186 528 1262 588; x_wconf 89' lang='lat' dir='ltr'>qui</span> <span class='ocrx_word' id='word_1_47' title='bbox 1277 528 1448 585; x_wconf 85' lang='lat' dir='ltr'>vivunt,</span> 
     </span>
     <span class='ocr_line' id='line_1_8' title="bbox 71 597 1451 659; baseline -0.001 -14"><span class='ocrx_word' id='word_1_48' title='bbox 71 601 247 656; x_wconf 79' lang='lat' dir='ltr'>vivant3</span> <span class='ocrx_word' id='word_1_49' title='bbox 271 600 348 659; x_wconf 88' lang='lat' dir='ltr'>qui</span> <span class='ocrx_word' id='word_1_50' title='bbox 372 597 533 643; x_wconf 87' lang='lat' dir='ltr'>mortui</span> <span class='ocrx_word' id='word_1_51' title='bbox 554 606 655 642; x_wconf 86' lang='lat' dir='ltr'>sunt</span> <span class='ocrx_word' id='word_1_52' title='bbox 675 631 685 653; x_wconf 89' lang='lat'>,</span> <span class='ocrx_word' id='word_1_53' title='bbox 705 598 974 643; x_wconf 82' lang='lat' dir='ltr'>reviviscant.</span> <span class='ocrx_word' id='word_1_54' title='bbox 1003 599 1100 643; x_wconf 88' lang='lat' dir='ltr'>Sive</span> <span class='ocrx_word' id='word_1_55' title='bbox 1125 599 1269 643; x_wconf 89' lang='lat' dir='ltr'>adhuc</span> <span class='ocrx_word' id='word_1_56' title='bbox 1294 613 1451 658; x_wconf 89' lang='lat' dir='ltr'>pecca-</span> 
     </span>
     <span class='ocr_line' id='line_1_9' title="bbox 75 667 1447 727; baseline -0.001 -12"><span class='ocrx_word' id='word_1_57' title='bbox 75 680 166 715; x_wconf 89' lang='lat' dir='ltr'>tum</span> <span class='ocrx_word' id='word_1_58' title='bbox 184 671 230 713; x_wconf 87' lang='lat' dir='ltr'>in</span> <span class='ocrx_word' id='word_1_59' title='bbox 252 668 382 714; x_wconf 86' lang='lat' dir='ltr'>corde</span> <span class='ocrx_word' id='word_1_60' title='bbox 404 676 665 727; x_wconf 89' lang='lat' dir='ltr'>conceptum</span> <span class='ocrx_word' id='word_1_61' title='bbox 685 677 749 712; x_wconf 86' lang='lat' dir='ltr'>est</span> <span class='ocrx_word' id='word_1_62' title='bbox 763 703 774 723; x_wconf 91' lang='lat'>,</span> <span class='ocrx_word' id='word_1_63' title='bbox 799 677 842 712; x_wconf 91' lang='lat' dir='ltr'>et</span> <span class='ocrx_word' id='word_1_64' title='bbox 860 684 949 713; x_wconf 88' lang='lat' dir='ltr'>non</span> <span class='ocrx_word' id='word_1_65' title='bbox 969 668 1176 727; x_wconf 83' lang='lat' dir='ltr'>processit</span> <span class='ocrx_word' id='word_1_66' title='bbox 1194 669 1240 712; x_wconf 89' lang='lat' dir='ltr'>in</span> <span class='ocrx_word' id='word_1_67' title='bbox 1258 667 1447 714; x_wconf 90' lang='lat' dir='ltr'>factum:</span> 
     </span>
    </p>
   </div>
   <div class='ocr_carea' id='block_1_5' title="bbox 4 738 1452 801">
    <p class='ocr_par' dir='ltr' id='par_1_6' title="bbox 4 738 1452 801">
     <span class='ocr_line' id='line_1_10' title="bbox 4 738 1452 801; baseline -0.001 -16"><span class='ocrx_word' id='word_1_68' title='bbox 4 751 6 755; x_wconf 70' lang='grc'><strong>“</strong></span> <span class='ocrx_word' id='word_1_69' title='bbox 71 741 284 801; x_wconf 86' lang='lat' dir='ltr'>poeniteat</span> <span class='ocrx_word' id='word_1_70' title='bbox 297 775 308 795; x_wconf 84' lang='lat'>‚</span> <span class='ocrx_word' id='word_1_71' title='bbox 335 740 576 798; x_wconf 84' lang='lat' dir='ltr'>corrigatur</span> <span class='ocrx_word' id='word_1_72' title='bbox 594 738 798 798; x_wconf 76' lang='lat' dir='ltr'>cogitatio</span> <span class='ocrx_word' id='word_1_73' title='bbox 815 773 826 794; x_wconf 86' lang='lat'>‚</span> <span class='ocrx_word' id='word_1_74' title='bbox 850 747 996 796; x_wconf 86' lang='lat' dir='ltr'>surgat</span> <span class='ocrx_word' id='word_1_75' title='bbox 1015 747 1213 783; x_wconf 88' lang='lat' dir='ltr'>mortuus</span> <span class='ocrx_word' id='word_1_76' title='bbox 1234 739 1347 783; x_wconf 90' lang='lat' dir='ltr'>intra</span> <span class='ocrx_word' id='word_1_77' title='bbox 1368 738 1452 784; x_wconf 90' lang='lat' dir='ltr'>do-</span> 
     </span>
    </p>
   </div>
   <div class='ocr_carea' id='block_1_6' title="bbox 69 808 1457 1714">
    <p class='ocr_par' dir='ltr' id='par_1_7' title="bbox 69 808 1457 1714">
     <span class='ocr_line' id='line_1_11' title="bbox 71 808 1453 870; baseline -0.001 -14"><span class='ocrx_word' id='word_1_78' title='bbox 71 827 195 856; x_wconf 89' lang='lat' dir='ltr'>mum</span> <span class='ocrx_word' id='word_1_79' title='bbox 216 811 506 856; x_wconf 86' lang='lat' dir='ltr'>conscientiae.</span> <span class='ocrx_word' id='word_1_80' title='bbox 542 811 638 855; x_wconf 85' lang='lat' dir='ltr'>Sive</span> <span class='ocrx_word' id='word_1_81' title='bbox 658 810 749 870; x_wconf 86' lang='lat' dir='ltr'>jam</span> <span class='ocrx_word' id='word_1_82' title='bbox 774 808 895 869; x_wconf 86' lang='lat' dir='ltr'>quod</span> <span class='ocrx_word' id='word_1_83' title='bbox 922 808 1128 868; x_wconf 87' lang='lat' dir='ltr'>cogitavit</span> <span class='ocrx_word' id='word_1_84' title='bbox 1152 809 1345 866; x_wconf 80' lang='lat' dir='ltr'>admisit3</span> <span class='ocrx_word' id='word_1_85' title='bbox 1372 824 1453 855; x_wconf 91' lang='lat' dir='ltr'>nec</span> 
     </span>
     <span class='ocr_line' id='line_1_12' title="bbox 72 879 1450 941; baseline -0.001 -15"><span class='ocrx_word' id='word_1_86' title='bbox 72 882 131 926; x_wconf 90' lang='lat' dir='ltr'>sic</span> <span class='ocrx_word' id='word_1_87' title='bbox 152 882 420 941; x_wconf 81' lang='lat' dir='ltr'>desperetur.</span> <span class='ocrx_word' id='word_1_88' title='bbox 446 883 543 926; x_wconf 81' lang='lat' dir='ltr'>Non</span> <span class='ocrx_word' id='word_1_89' title='bbox 566 880 748 924; x_wconf 86' lang='lat' dir='ltr'>surrexit</span> <span class='ocrx_word' id='word_1_90' title='bbox 768 889 966 924; x_wconf 84' lang='lat' dir='ltr'>mortuus</span> <span class='ocrx_word' id='word_1_91' title='bbox 987 879 1121 935; x_wconf 85' lang='lat' dir='ltr'>intus,</span> <span class='ocrx_word' id='word_1_92' title='bbox 1136 889 1284 938; x_wconf 85' lang='lat' dir='ltr'>surgat</span> <span class='ocrx_word' id='word_1_93' title='bbox 1297 879 1450 924; x_wconf 83' lang='lat' dir='ltr'>elatus.</span> 
     </span>
     <span class='ocr_line' id='line_1_13' title="bbox 72 949 1455 1010; baseline -0.001 -14"><span class='ocrx_word' id='word_1_94' title='bbox 72 953 290 997; x_wconf 85' lang='lat' dir='ltr'>Poeniteat</span> <span class='ocrx_word' id='word_1_95' title='bbox 307 951 410 996; x_wconf 86' lang='lat' dir='ltr'>facti</span> <span class='ocrx_word' id='word_1_96' title='bbox 426 986 436 1005; x_wconf 92' lang='lat'>‚</span> <span class='ocrx_word' id='word_1_97' title='bbox 462 950 516 994; x_wconf 86' lang='lat' dir='ltr'>de</span> <span class='ocrx_word' id='word_1_98' title='bbox 531 951 727 1009; x_wconf 82' lang='lat' dir='ltr'>proximo</span> <span class='ocrx_word' id='word_1_99' title='bbox 748 951 972 995; x_wconf 88' lang='lat' dir='ltr'>reviviscat</span> <span class='ocrx_word' id='word_1_100' title='bbox 987 971 998 1008; x_wconf 82' lang='lat'>3</span> <span class='ocrx_word' id='word_1_101' title='bbox 1015 966 1105 995; x_wconf 93' lang='lat' dir='ltr'>non</span> <span class='ocrx_word' id='word_1_102' title='bbox 1127 959 1196 994; x_wconf 87' lang='lat' dir='ltr'>eat</span> <span class='ocrx_word' id='word_1_103' title='bbox 1211 951 1258 994; x_wconf 91' lang='lat' dir='ltr'>in</span> <span class='ocrx_word' id='word_1_104' title='bbox 1274 949 1455 1010; x_wconf 84' lang='lat' dir='ltr'>profun-</span> 
     </span>
     <span class='ocr_line' id='line_1_14' title="bbox 72 1019 1455 1081; baseline -0.001 -15"><span class='ocrx_word' id='word_1_105' title='bbox 72 1022 180 1066; x_wconf 91' lang='lat' dir='ltr'>dum</span> <span class='ocrx_word' id='word_1_106' title='bbox 201 1021 456 1081; x_wconf 86' lang='lat' dir='ltr'>sepulturae,</span> <span class='ocrx_word' id='word_1_107' title='bbox 483 1036 572 1065; x_wconf 88' lang='lat' dir='ltr'>nou</span> <span class='ocrx_word' id='word_1_108' title='bbox 596 1021 777 1080; x_wconf 88' lang='lat' dir='ltr'>accipiat</span> <span class='ocrx_word' id='word_1_109' title='bbox 798 1020 984 1080; x_wconf 87' lang='lat' dir='ltr'>desuper</span> <span class='ocrx_word' id='word_1_110' title='bbox 1008 1019 1335 1066; x_wconf 87' lang='lat' dir='ltr'>consuetudinis</span> <span class='ocrx_word' id='word_1_111' title='bbox 1356 1036 1455 1065; x_wconf 90' lang='lat' dir='ltr'>mo-</span> 
     </span>
     <span class='ocr_line' id='line_1_15' title="bbox 71 1090 1456 1151; baseline -0.001 -16"><span class='ocrx_word' id='word_1_112' title='bbox 71 1090 172 1135; x_wconf 88' lang='lat' dir='ltr'>lem.</span> <span class='ocrx_word' id='word_1_113' title='bbox 202 1091 285 1136; x_wconf 86' lang='lat' dir='ltr'>Sed</span> <span class='ocrx_word' id='word_1_114' title='bbox 306 1091 419 1136; x_wconf 85' lang='lat' dir='ltr'>forte</span> <span class='ocrx_word' id='word_1_115' title='bbox 437 1092 526 1151; x_wconf 86' lang='lat' dir='ltr'>jam</span> <span class='ocrx_word' id='word_1_116' title='bbox 548 1090 610 1134; x_wconf 84' lang='lat' dir='ltr'>illi</span> <span class='ocrx_word' id='word_1_117' title='bbox 633 1090 806 1151; x_wconf 85' lang='lat' dir='ltr'>loquor,</span> <span class='ocrx_word' id='word_1_118' title='bbox 825 1091 902 1151; x_wconf 87' lang='lat' dir='ltr'>qui</span> <span class='ocrx_word' id='word_1_119' title='bbox 913 1092 1003 1150; x_wconf 86' lang='lat' dir='ltr'>jam</span> <span class='ocrx_word' id='word_1_120' title='bbox 1025 1090 1136 1135; x_wconf 87' lang='lat' dir='ltr'>duro</span> <span class='ocrx_word' id='word_1_121' title='bbox 1159 1091 1225 1134; x_wconf 90' lang='lat' dir='ltr'>sui</span> <span class='ocrx_word' id='word_1_122' title='bbox 1245 1091 1376 1135; x_wconf 87' lang='lat' dir='ltr'>moris</span> <span class='ocrx_word' id='word_1_123' title='bbox 1392 1090 1456 1135; x_wconf 90' lang='lat' dir='ltr'>la-</span> 
     </span>
     <span class='ocr_line' id='line_1_16' title="bbox 71 1160 1452 1221; baseline -0.001 -16"><span class='ocrx_word' id='word_1_124' title='bbox 71 1161 173 1221; x_wconf 88' lang='lat' dir='ltr'>pide</span> <span class='ocrx_word' id='word_1_125' title='bbox 194 1162 421 1221; x_wconf 84' lang='lat' dir='ltr'>premitur‚</span> <span class='ocrx_word' id='word_1_126' title='bbox 453 1162 529 1221; x_wconf 89' lang='lat' dir='ltr'>qui</span> <span class='ocrx_word' id='word_1_127' title='bbox 555 1163 643 1221; x_wconf 82' lang='lat' dir='ltr'>jam</span> <span class='ocrx_word' id='word_1_128' title='bbox 664 1170 846 1220; x_wconf 82' lang='lat' dir='ltr'>urgetur</span> <span class='ocrx_word' id='word_1_129' title='bbox 878 1160 1203 1206; x_wconf 87' lang='lat' dir='ltr'>consuetudinis</span> <span class='ocrx_word' id='word_1_130' title='bbox 1234 1161 1452 1220; x_wconf 88' lang='lat' dir='ltr'>pondere,</span> 
     </span>
     <span class='ocr_line' id='line_1_17' title="bbox 70 1230 1456 1292; baseline 0.001 -18"><span class='ocrx_word' id='word_1_131' title='bbox 70 1231 146 1292; x_wconf 87' lang='lat' dir='ltr'>qui</span> <span class='ocrx_word' id='word_1_132' title='bbox 162 1232 252 1291; x_wconf 87' lang='lat' dir='ltr'>jam</span> <span class='ocrx_word' id='word_1_133' title='bbox 270 1231 585 1290; x_wconf 85' lang='lat' dir='ltr'>quatriduanus</span> <span class='ocrx_word' id='word_1_134' title='bbox 600 1240 739 1290; x_wconf 90' lang='lat' dir='ltr'>putet.</span> <span class='ocrx_word' id='word_1_135' title='bbox 757 1233 846 1281; x_wconf 89' lang='lat' dir='ltr'>Nec</span> <span class='ocrx_word' id='word_1_136' title='bbox 863 1232 953 1290; x_wconf 89' lang='lat' dir='ltr'>ipse</span> <span class='ocrx_word' id='word_1_137' title='bbox 966 1233 1191 1290; x_wconf 89' lang='lat' dir='ltr'>desperet:</span> <span class='ocrx_word' id='word_1_138' title='bbox 1210 1230 1456 1290; x_wconf 88' lang='lat' dir='ltr'>profundus</span> 
     </span>
     <span class='ocr_line' id='line_1_18' title="bbox 70 1301 1454 1356; baseline 0.001 -11"><span class='ocrx_word' id='word_1_139' title='bbox 70 1311 268 1346; x_wconf 86' lang='lat' dir='ltr'>mortuus</span> <span class='ocrx_word' id='word_1_140' title='bbox 284 1311 368 1356; x_wconf 87' lang='lat' dir='ltr'>est,</span> <span class='ocrx_word' id='word_1_141' title='bbox 395 1301 470 1345; x_wconf 90' lang='lat' dir='ltr'>sed</span> <span class='ocrx_word' id='word_1_142' title='bbox 499 1302 611 1345; x_wconf 87' lang='lat' dir='ltr'>altus</span> <span class='ocrx_word' id='word_1_143' title='bbox 638 1311 703 1345; x_wconf 87' lang='lat' dir='ltr'>est</span> <span class='ocrx_word' id='word_1_144' title='bbox 724 1302 936 1347; x_wconf 73' lang='lat' dir='ltr'>Christus.</span> <span class='ocrx_word' id='word_1_145' title='bbox 962 1302 1092 1347; x_wconf 89' lang='lat' dir='ltr'>Novit</span> <span class='ocrx_word' id='word_1_146' title='bbox 1113 1301 1342 1346; x_wconf 89' lang='lat' dir='ltr'>clamando</span> <span class='ocrx_word' id='word_1_147' title='bbox 1364 1311 1454 1346; x_wconf 86' lang='lat' dir='ltr'>ter-</span> 
     </span>
     <span class='ocr_line' id='line_1_19' title="bbox 70 1372 1456 1432; baseline 0 -16"><span class='ocrx_word' id='word_1_148' title='bbox 70 1388 174 1416; x_wconf 91' lang='lat' dir='ltr'>rena</span> <span class='ocrx_word' id='word_1_149' title='bbox 195 1387 327 1417; x_wconf 86' lang='lat' dir='ltr'>onera</span> <span class='ocrx_word' id='word_1_150' title='bbox 348 1387 549 1430; x_wconf 83' lang='lat' dir='ltr'>rumpere</span> <span class='ocrx_word' id='word_1_151' title='bbox 565 1407 575 1427; x_wconf 86' lang='lat'>,</span> <span class='ocrx_word' id='word_1_152' title='bbox 602 1372 723 1416; x_wconf 90' lang='lat' dir='ltr'>novit</span> <span class='ocrx_word' id='word_1_153' title='bbox 744 1373 1000 1416; x_wconf 89' lang='lat' dir='ltr'>intrinsecus</span> <span class='ocrx_word' id='word_1_154' title='bbox 1022 1387 1098 1431; x_wconf 89' lang='lat' dir='ltr'>per</span> <span class='ocrx_word' id='word_1_155' title='bbox 1123 1387 1169 1416; x_wconf 90' lang='lat' dir='ltr'>se</span> <span class='ocrx_word' id='word_1_156' title='bbox 1184 1373 1325 1432; x_wconf 89' lang='lat' dir='ltr'>ipsum</span> <span class='ocrx_word' id='word_1_157' title='bbox 1342 1373 1456 1418; x_wconf 88' lang='lat' dir='ltr'>vivi-</span> 
     </span>
     <span class='ocr_line' id='line_1_20' title="bbox 70 1441 1456 1501; baseline -0.001 -14"><span class='ocrx_word' id='word_1_158' title='bbox 70 1443 222 1497; x_wconf 83' lang='lat' dir='ltr'>ficare,</span> <span class='ocrx_word' id='word_1_159' title='bbox 254 1442 510 1487; x_wconf 88' lang='lat' dir='ltr'>solvendum</span> <span class='ocrx_word' id='word_1_160' title='bbox 542 1441 772 1501; x_wconf 89' lang='lat' dir='ltr'>Discipulis</span> <span class='ocrx_word' id='word_1_161' title='bbox 808 1441 992 1486; x_wconf 89' lang='lat' dir='ltr'>tradere.</span> <span class='ocrx_word' id='word_1_162' title='bbox 1023 1443 1168 1500; x_wconf 84' lang='lat' dir='ltr'>Agant</span> <span class='ocrx_word' id='word_1_163' title='bbox 1194 1443 1323 1486; x_wconf 85' lang='lat' dir='ltr'>etiam</span> <span class='ocrx_word' id='word_1_164' title='bbox 1350 1442 1456 1487; x_wconf 89' lang='lat' dir='ltr'>tales</span> 
     </span>
     <span class='ocr_line' id='line_1_21' title="bbox 69 1512 1457 1573; baseline -0.001 -16"><span class='ocrx_word' id='word_1_165' title='bbox 69 1512 390 1573; x_wconf 84' lang='lat' dir='ltr'>poenitentiam.</span> <span class='ocrx_word' id='word_1_166' title='bbox 415 1515 566 1572; x_wconf 88' lang='lat' dir='ltr'>Neque</span> <span class='ocrx_word' id='word_1_167' title='bbox 585 1513 704 1556; x_wconf 91' lang='lat' dir='ltr'>enim</span> <span class='ocrx_word' id='word_1_168' title='bbox 726 1516 888 1556; x_wconf 88' lang='lat' dir='ltr'>Lazaro</span> <span class='ocrx_word' id='word_1_169' title='bbox 904 1512 1155 1556; x_wconf 87' lang='lat' dir='ltr'>resuscitato</span> <span class='ocrx_word' id='word_1_170' title='bbox 1174 1520 1270 1571; x_wconf 90' lang='lat' dir='ltr'>post</span> <span class='ocrx_word' id='word_1_171' title='bbox 1290 1514 1457 1572; x_wconf 85' lang='lat' dir='ltr'>quatri-</span> 
     </span>
     <span class='ocr_line' id='line_1_22' title="bbox 70 1583 1450 1644; baseline 0.001 -17"><span class='ocrx_word' id='word_1_172' title='bbox 70 1585 209 1628; x_wconf 87' lang='lat' dir='ltr'>duum</span> <span class='ocrx_word' id='word_1_173' title='bbox 231 1583 347 1628; x_wconf 88' lang='lat' dir='ltr'>ullus</span> <span class='ocrx_word' id='word_1_174' title='bbox 365 1593 495 1643; x_wconf 89' lang='lat' dir='ltr'>putor</span> <span class='ocrx_word' id='word_1_175' title='bbox 511 1584 556 1627; x_wconf 84' lang='lat' dir='ltr'>in</span> <span class='ocrx_word' id='word_1_176' title='bbox 573 1584 748 1628; x_wconf 87' lang='lat' dir='ltr'>vivente</span> <span class='ocrx_word' id='word_1_177' title='bbox 764 1592 1041 1628; x_wconf 85' lang='lat' dir='ltr'>remanserat.</span> <span class='ocrx_word' id='word_1_178' title='bbox 1060 1586 1178 1643; x_wconf 86' lang='lat' dir='ltr'>Ergo</span> <span class='ocrx_word' id='word_1_179' title='bbox 1194 1584 1270 1644; x_wconf 88' lang='lat' dir='ltr'>qui</span> <span class='ocrx_word' id='word_1_180' title='bbox 1282 1584 1450 1640; x_wconf 85' lang='lat' dir='ltr'>vivunt,</span> 
     </span>
     <span class='ocr_line' id='line_1_23' title="bbox 70 1652 1455 1714; baseline 0 -16"><span class='ocrx_word' id='word_1_181' title='bbox 70 1654 218 1698; x_wconf 88' lang='lat' dir='ltr'>vivant</span> <span class='ocrx_word' id='word_1_182' title='bbox 243 1673 252 1698; x_wconf 77' lang='grc' dir='ltr'>ε</span> <span class='ocrx_word' id='word_1_183' title='bbox 277 1655 544 1714; x_wconf 80' lang='lat' dir='ltr'>quicumque</span> <span class='ocrx_word' id='word_1_184' title='bbox 577 1663 722 1704; x_wconf 83' lang='lat' dir='ltr'>autem</span> <span class='ocrx_word' id='word_1_185' title='bbox 749 1652 912 1698; x_wconf 89' lang='lat' dir='ltr'>mortui</span> <span class='ocrx_word' id='word_1_186' title='bbox 936 1662 1064 1708; x_wconf 89' lang='lat' dir='ltr'>sunt,</span> <span class='ocrx_word' id='word_1_187' title='bbox 1094 1653 1141 1697; x_wconf 91' lang='lat' dir='ltr'>in</span> <span class='ocrx_word' id='word_1_188' title='bbox 1174 1669 1455 1714; x_wconf 88' lang='lat' dir='ltr'>quacumque</span> 
     </span>
    </p>
   </div>
   <div class='ocr_carea' id='block_1_7' title="bbox 0 1724 1447 1784">
    <p class='ocr_par' dir='ltr' id='par_1_8' title="bbox 0 1724 1447 1784">
     <span class='ocr_line' id='line_1_24' title="bbox 0 1724 1447 1784; baseline 0 -16"><span class='ocrx_word' id='word_1_189' title='bbox 0 1724 10 1758; x_wconf 57' lang='grc' dir='ltr'>ἰ</span> <span class='ocrx_word' id='word_1_190' title='bbox 69 1724 226 1768; x_wconf 88' lang='lat' dir='ltr'>harum</span> <span class='ocrx_word' id='word_1_191' title='bbox 248 1725 380 1769; x_wconf 88' lang='lat' dir='ltr'>trium</span> <span class='ocrx_word' id='word_1_192' title='bbox 398 1733 538 1770; x_wconf 89' lang='lat' dir='ltr'>morte</span> <span class='ocrx_word' id='word_1_193' title='bbox 561 1739 605 1769; x_wconf 92' lang='lat' dir='ltr'>se</span> <span class='ocrx_word' id='word_1_194' title='bbox 626 1724 896 1780; x_wconf 89' lang='lat' dir='ltr'>invenerint,</span> <span class='ocrx_word' id='word_1_195' title='bbox 922 1732 1053 1782; x_wconf 85' lang='lat' dir='ltr'>agant</span> <span class='ocrx_word' id='word_1_196' title='bbox 1077 1732 1126 1768; x_wconf 93' lang='lat' dir='ltr'>ut</span> <span class='ocrx_word' id='word_1_197' title='bbox 1145 1724 1340 1768; x_wconf 86' lang='lat' dir='ltr'>celeriter</span> <span class='ocrx_word' id='word_1_198' title='bbox 1357 1726 1447 1784; x_wconf 85' lang='lat' dir='ltr'>jam</span> 
     </span>
    </p>
   </div>
   <div class='ocr_carea' id='block_1_8' title="bbox 1 1588 68 3178">
    <p class='ocr_par' dir='ltr' id='par_1_9' title="bbox 1 1588 68 3178">
     <span class='ocr_line' id='line_1_25' title="bbox 1 1588 68 3178; baseline 0 0"><span class='ocrx_word' id='word_1_199' title='bbox 1 1588 68 3178; x_wconf 95' lang='lat' dir='ltr'> </span> 
     </span>
    </p>
   </div>
   <div class='ocr_carea' id='block_1_9' title="bbox 70 1804 314 1855">
    <p class='ocr_par' dir='ltr' id='par_1_10' title="bbox 70 1804 314 1855">
     <span class='ocr_line' id='line_1_26' title="bbox 70 1804 314 1855; baseline 0.004 -16"><span class='ocrx_word' id='word_1_200' title='bbox 70 1804 314 1855; x_wconf 87' lang='lat' dir='ltr'>resurgant.</span> 
     </span>
    </p>
   </div>
   <div class='ocr_carea' id='block_1_10' title="bbox 121 1902 440 1944">
    <p class='ocr_par' dir='ltr' id='par_1_11' title="bbox 121 1902 440 1944">
     <span class='ocr_line' id='line_1_27' title="bbox 121 1902 440 1944; baseline -0.003 -10"><span class='ocrx_word' id='word_1_201' title='bbox 121 1908 129 1925; x_wconf 90' lang='lat'>¹</span> <span class='ocrx_word' id='word_1_202' title='bbox 146 1902 259 1935; x_wconf 81' lang='lat' dir='ltr'>Matth.</span> <span class='ocrx_word' id='word_1_203' title='bbox 277 1912 366 1944; x_wconf 82' lang='lat' dir='ltr'>xvm,</span> <span class='ocrx_word' id='word_1_204' title='bbox 389 1902 440 1934; x_wconf 89' lang='lat'>18.</span> 
     </span>
    </p>
   </div>
  </div>
 </body>
</html>
