1898 3178
406 171 486 211 448
833 181 865 208 s.
901 181 1131 209 Accusum
1163 182 1344 209 muscom

403 248 555 291 dixisse
571 282 582 301 ‚
628 245 803 306 quando
846 245 932 289 dixi
958 265 967 290 ;
998 246 1095 291 Noli
1136 256 1311 305 tangere
1351 247 1449 292 hoc.
1493 250 1649 293 Sanarc
1678 263 1778 306 ergo

401 318 598 372 tandem,
624 326 666 361 et
688 316 905 360 revivisce.
929 319 1040 360 Ecce
1056 326 1182 376 porto
1198 317 1495 362 infirmitatem
1509 326 1627 362 tuam
1650 337 1659 362 2
1677 318 1778 362 bibe

401 404 593 432 amarum
616 387 807 432 calicem.
832 389 897 430 Tu
919 387 1034 431 enim
1055 388 1134 432 tibi
1166 386 1304 433 fecisti
1324 397 1538 448 praecepta
1559 388 1631 432 illa
1658 404 1774 445 mea,

399 474 498 517 quae
519 473 620 502 sano
635 456 736 502 data
752 466 853 501 sunt
875 466 964 502 tam
982 457 1126 502 dulcia
1138 493 1149 514 ‚
1168 467 1256 503 tam
1270 457 1497 503 laboriosa.
1517 461 1778 518 Contempta

398 539 526 585 sunt,
552 529 724 589 coepisti
751 529 948 574 laborare
977 549 986 575 ε
1017 530 1156 574 sanari
1178 545 1268 574 non
1293 539 1436 589 potes,
1469 530 1550 574 nisi
1585 546 1778 575 amarum

398 600 577 644 calicem
608 600 788 656 biberis,
824 599 1002 645 calicem
1039 601 1330 645 tentationum
1344 635 1355 654 ,
1391 600 1552 660 quibus
1584 600 1780 644 abundat

397 671 491 715 haec
512 671 622 727 vita,
656 671 834 716 calicem
866 671 1221 726 tribulationum,
1258 671 1581 730 angustiarum,
1616 672 1779 730 passio-⁴

397 757 520 785 num.
545 742 674 798 Bibe,
700 743 866 803 inquit,
890 743 992 787 bibe
1010 778 1021 797 ,
1044 752 1094 786 ut
1116 742 1248 787 vivas.
1280 744 1334 785 Et
1362 756 1418 785 ne
1438 741 1719 801 responderet
1741 742 1779 785 ei

397 812 655 871 languidus:
674 816 772 859 Non
794 829 965 873 possum
980 849 991 868 ,
1012 829 1101 858 non
1122 812 1239 867 fero,
1260 827 1349 857 non
1371 812 1476 856 bibo
1501 831 1509 856 :
1536 812 1651 871 prior
1668 811 1780 856 bibit

398 883 591 928 medicus
615 899 764 939 sanus,
796 893 846 928 ut
878 884 1025 928 bibere
1053 898 1144 927 non
1169 882 1389 927 dubitaret
1423 891 1626 942 aegrotus.
1663 882 1779 936 Quid

397 954 514 998 enim
533 970 730 999 amarum
753 965 817 1000 est
839 955 885 999 in
908 954 982 999 tali
1012 954 1171 1014 poculo
1187 988 1198 1010 ,
1231 954 1351 1014 quod
1372 953 1445 997 ille
1467 969 1557 998 non
1589 953 1780 997 biberit?

397 1024 439 1069 Si
465 1026 728 1069 contumelia
752 1045 760 1069 :
787 1026 904 1084 prior
930 1023 1092 1069 audivit
1123 1040 1224 1069 cum
1259 1025 1478 1069 daemones
1511 1022 1746 1083 expelleret
1768 1042 1776 1067 :

400 1113 419 1135 «
445 1095 718 1139 Daemonium
750 1095 924 1150 habet1,
951 1113 971 1136 »
997 1104 1047 1138 et‘
1069 1095 1190 1154 quod
1210 1096 1256 1138 in
1283 1094 1528 1139 Beelzebub
1555 1095 1668 1154 ejicit
1687 1093 1780 1137 dae-

397 1167 557 1209 monia.
586 1164 711 1209 Unde
724 1174 774 1209 ut
787 1166 877 1224 ipse
900 1165 1196 1210 consolaretur
1212 1182 1365 1226 aegros,
1387 1166 1447 1210 ait
1467 1185 1476 1210 2
1497 1185 1517 1207 «
1537 1167 1580 1211 Si
1597 1174 1779 1224 patrem-

397 1254 417 1277 »
444 1235 627 1280 familias
642 1236 888 1280 Beelzebub
901 1246 1181 1292 vocaverunt,
1197 1246 1363 1297 quanto
1377 1237 1510 1295 magis
1523 1236 1780 1281 domesticos

400 1326 417 1347 »
445 1308 592 1366 ejus‘2?
616 1325 635 1348 »
665 1307 708 1351 Si
730 1305 902 1351 dolores
925 1307 1059 1351 amari
1075 1315 1178 1350 sunt
1199 1325 1208 1351 ε
1234 1306 1393 1365 ligatus
1408 1341 1418 1361 ,
1444 1316 1487 1351 et
1514 1305 1776 1364 flagellatus,

397 1385 439 1420 et
470 1377 699 1420 crucifixus
721 1385 797 1420 est.
829 1376 871 1421 Si
893 1392 1007 1420 mors
1031 1392 1174 1420 amara
1197 1385 1260 1420 est
1286 1395 1294 1419 ι
1325 1376 1454 1419 etiarn
1477 1384 1675 1420 mortuus
1697 1383 1775 1419 est.

399 1446 441 1491 Si
465 1461 599 1505 genus
626 1445 775 1490 mortis
798 1446 1059 1491 exhorrescit
1079 1446 1305 1489 iufirmitas
1330 1460 1338 1486 :
1366 1443 1475 1488 nihil
1491 1444 1566 1489 illo
1586 1454 1780 1504 tempore

395 1515 479 1560 fuit
510 1515 835 1575 ignominiosius
857 1531 989 1575 quam
1009 1531 1124 1559 mors
1154 1514 1332 1558 crucis³.
1365 1517 1463 1560 Non
1484 1515 1599 1558 enim
1622 1514 1780 1559 frustra

395 1585 705 1632 commendans
723 1588 814 1646 ejus
836 1586 1131 1630 obedientiam
1145 1584 1378 1645 Apostolus
1401 1584 1586 1641 addidit,
1605 1584 1774 1630 dicens:

399 1676 418 1699 «
444 1661 602 1701 Factus
621 1656 828 1702 obediens
849 1672 987 1717 usque
1004 1656 1059 1700 ad
1077 1665 1286 1712 mortem,
1307 1665 1492 1701 mortem
1515 1665 1660 1701 autem
1682 1672 1778 1701 cru-

398 1746 417 1769 »
444 1728 543 1772 cist
573 1745 593 1768 »

453 1800 573 1842 VIII.
602 1798 686 1843 Sed
704 1797 805 1858 quia
827 1798 916 1857 ipse
932 1798 1225 1842 honoraturus
1243 1805 1334 1841 erat
1350 1797 1498 1841 fideles
1514 1812 1613 1841 suos
1631 1797 1676 1841 in
1690 1797 1777 1842 fine

393 1869 521 1929 hujus
544 1867 713 1923 saeculi,
745 1868 862 1928 prius
885 1868 1113 1913 honoravit
1146 1883 1320 1913 crucem
1341 1867 1387 1910 in
1409 1867 1493 1912 hoc
1522 1868 1703 1925 saeculo,
1729 1877 1779 1912 ut

396 1948 606 1982 terrarum
624 1939 839 1998 principes
861 1937 1084 1983 credentes
1102 1938 1147 1981 in
1163 1952 1264 1982 eum
1285 1937 1566 1996 prohiberent
1588 1938 1776 1998 aliquem

395 2010 648 2054 nocentium
677 2009 872 2066 crucifigi
904 2024 912 2049 z
951 2017 993 2052 et
1024 2007 1145 2068 quod
1179 2023 1279 2052 cum
1315 2022 1472 2067 magna
1500 2008 1778 2053 insultatione

396 2088 690 2138 persecutores
713 2077 854 2122 Judaei
887 2078 1071 2121 Domino
1101 2086 1409 2136 procurarunt,
1442 2093 1597 2136 magna
1619 2077 1778 2123 fiducia

396 2151 504 2194 servi
525 2151 638 2210 ejus,
665 2149 792 2192 etiam
815 2163 935 2207 reges
964 2148 1011 2191 in
1033 2147 1176 2192 fronte
1200 2164 1318 2192 nunc
1341 2157 1530 2208 portant.
1558 2151 1656 2193 Non
1677 2158 1776 2192 tan-

399 2230 491 2264 tum
518 2229 695 2280 apparet
730 2219 861 2264 modo
891 2219 1064 2279 qualem
1087 2228 1269 2263 mortem
1297 2235 1375 2279 pro
1407 2220 1531 2264 nobis
1568 2221 1777 2264 Dominus

398 2292 540 2335 subire
573 2292 774 2349 dignatus
809 2300 905 2335 est:
932 2290 1041 2334 sicut
1077 2291 1135 2335 ait
1168 2291 1429 2350 Apostolus:
1459 2310 1478 2333 «
1506 2294 1664 2335 Factus
1697 2307 1776 2351 pro

445 2411 452 2426 ¹
474 2407 548 2437 Luc.
569 2416 633 2446 vn,
665 2405 717 2436 33.
739 2421 779 2427 -
803 2411 814 2427 ²
844 2404 957 2436 Matth.
986 2415 1028 2444 x,
1048 2402 1101 2436 25.
1121 2420 1162 2425 —
1183 2402 1195 2426 3
1213 2404 1289 2436 Cod.
1311 2405 1394 2436 Cass.
1420 2415 1436 2431 «
1456 2403 1538 2435 Nihil
1556 2403 1611 2435 illo
1630 2407 1776 2445 tempore

399 2460 454 2491 suit
472 2460 705 2501 ignominiosius
727 2470 822 2502 quani
840 2470 922 2491 mors
945 2458 1070 2491 Christi.
1092 2460 1160 2490 Non
1178 2459 1262 2491 euim
1287 2469 1364 2492 crux
1378 2463 1454 2492 tunc
1475 2458 1666 2492 honorabilis
1688 2465 1774 2500 erat,

398 2517 451 2548 sed
477 2516 691 2556 ignominiosa.
719 2532 760 2539 υ-
781 2514 795 2545 l,
813 2514 925 2558 Philip.
946 2525 980 2556 n,
997 2514 1028 2546 8.
