1898 3178
341 285 480 313 Sanno
513 287 654 323 xcvu,
689 287 742 312 DE
776 284 921 313 VERBIS
953 285 1082 313 MARc.
1119 287 1215 312 xm.
1286 271 1290 274 ’
1387 274 1468 312 527

91 350 203 395 sorte
223 350 354 395 ducet
378 366 583 404 uxorem,
609 350 722 394 forte
744 366 831 394 non
862 350 994 395 ducet
1017 367 1027 394 :
1049 360 1093 395 et
1112 348 1330 410 quidquid
1351 349 1471 393 aliud

28 450 40 465 1
90 420 378 465 nominaveris
394 420 440 463 in
456 419 596 464 bonis.
614 419 795 478 Respice
817 429 859 463 et
881 420 937 464 ad
951 419 1065 464 mala
1088 439 1096 464 :
1116 423 1247 464 Forte
1265 428 1466 477 aegrotat,

89 489 202 535 forte
223 506 313 535 nou
329 499 512 549 aegrotat
539 508 548 534 ε
568 489 681 534 forte
700 506 723 534 a
745 500 944 549 serpente
967 491 1224 549 percutitur,
1247 488 1359 533 forte
1382 505 1471 534 non

90 560 355 619 percutitur:
373 559 485 604 forte
508 575 531 604 a
546 559 682 603 bestia
704 559 954 615 devoratur,
974 559 1086 604 forte
1103 575 1193 604 non
1209 559 1442 604 devoratur
1459 577 1468 604 z

90 632 147 674 Et
169 630 331 689 respice
348 630 494 674 omnia
514 629 627 674 mala
649 648 658 674 :
684 629 849 689 ubique
871 640 957 685 est,
982 633 1113 675 Forte
1134 631 1230 685 erit,
1250 629 1364 675 forte
1382 646 1472 674 non

91 699 187 743 erit.
207 699 432 760 Numquid
449 708 571 758 potes
588 699 731 743 dicere
749 718 757 743 2
779 702 910 744 Forte
924 700 1124 755 moritur,
1148 699 1258 745 forte
1277 715 1366 745 non
1383 715 1474 744 mo-

90 769 229 814 ritur?
250 769 478 824 Quomodo
500 768 656 813 medici
677 768 856 829 quando
873 770 1136 827 inspexerint
1156 770 1468 824 valetudinem,

91 848 134 884 et
154 838 421 884 mortiferam
453 854 541 883 esse
570 839 877 897 cognoverint,
911 840 996 884 hoc
1019 840 1307 898 pronuntiant
1333 859 1342 884 z
1374 843 1473 884 Mo-

89 909 214 964 ritur,
241 909 343 953 inde
361 925 450 953 non
472 909 632 953 evadit.
656 912 721 953 Ex
741 925 829 968 quo
848 910 1040 954 nascitur
1057 911 1212 965 homo,
1238 909 1474 955 dicendum

89 989 152 1024 est
172 995 181 1020 :
220 981 318 1024 Non
354 979 512 1023 evadit.
562 981 745 1032 Quando
781 989 907 1024 natus
947 989 1032 1036 est,
1077 991 1286 1039 aegrotare
1323 980 1470 1039 coepit.

89 1049 275 1102 Quando
299 1057 497 1092 mortuus
519 1049 654 1092 fuerit
670 1083 680 1103 ,
711 1048 808 1092 finit
842 1049 1022 1109 quidem
1045 1049 1375 1108 aegritudinem3
1400 1048 1476 1093 sed

88 1119 227 1164 nescit
246 1127 396 1163 utrum
419 1129 570 1178 pergat
591 1119 637 1162 in
658 1120 868 1178 pejorem.
897 1119 1087 1164 Finierat
1109 1120 1228 1164 dives
1251 1119 1324 1163 ille
1347 1119 1475 1177 aegri-

88 1188 288 1233 tudinem
318 1188 592 1242 deliciosam,
628 1188 748 1233 venit
773 1188 829 1232 ad
859 1198 1099 1234 tortuosam
1115 1191 1149 1232 1.
1181 1193 1350 1248 Pauper
1373 1203 1476 1233 vero

87 1258 161 1302 ille
178 1259 290 1303 finiit
304 1259 626 1318 aegritudinem,
643 1268 686 1302 et
703 1259 901 1317 pervenit
918 1258 972 1303 ad
987 1259 1230 1304 sanitatem.
1255 1258 1340 1304 Sed
1357 1259 1478 1318 quod

88 1338 237 1388 postea
265 1330 447 1374 haberet
466 1329 537 1372 hic
561 1329 712 1387 elegit:
737 1338 781 1372 et
801 1329 923 1388 quod
945 1330 1007 1373 ibi
1029 1330 1227 1385 messuit,
1253 1330 1323 1373 hic
1346 1329 1475 1373 semi-

46 1453 55 1455 >
87 1400 224 1444 navit.
250 1400 356 1444 Ideo
387 1415 486 1443 cum
515 1399 729 1451 vivimus,
760 1398 937 1457 vigilare
964 1399 1197 1454 debemus,
1239 1409 1282 1443 et
1319 1398 1477 1457 eligere

87 1468 297 1514 debemus
319 1470 440 1529 quod
456 1470 502 1513 in
524 1469 674 1513 futuro
697 1479 936 1513 teneamus.

147 1542 224 1584 IV.
246 1540 464 1585 Mundum
489 1555 578 1583 non
601 1554 811 1583 amemus.
833 1539 996 1583 Premit
1011 1548 1223 1584 amatores
1236 1554 1336 1583 suos
1351 1574 1361 1593 ‚
1387 1554 1477 1583 non

88 1625 160 1655 eos
179 1609 235 1654 ad
260 1610 427 1654 bonum
451 1608 645 1652 adducit.
673 1609 981 1652 Laborandum
1006 1619 1070 1653 est
1096 1611 1145 1653 in
1173 1624 1226 1653 eo
1254 1609 1400 1668 potius
1421 1623 1476 1652 ne

60 1693 62 1695 ’
88 1681 257 1740 capiat,
283 1696 415 1740 quarn
449 1679 696 1724 timendum
726 1694 780 1722 ne
808 1678 948 1723 cadat.
972 1682 1085 1724 Ecce
1112 1679 1229 1725 cadit
1247 1679 1437 1723 mundus
1463 1698 1473 1724 :

58 1760 172 1795 fstat
206 1751 505 1807 Christianus,
536 1750 639 1809 quia
671 1765 760 1793 non
796 1750 912 1793 cadit
941 1750 1161 1801 ‚Christus
1200 1752 1308 1794 Nam
1341 1764 1476 1809 quare

91 1821 195 1865 dicit
216 1821 452 1865 Dominus:
476 1839 495 1862 «
512 1818 725 1874 Gaudete,
741 1819 844 1879 quia
862 1834 940 1877 ego
958 1820 1041 1863 vici
1055 1819 1318 1863 mundum‘2?
1331 1837 1351 1859 »
1369 1822 1476 1863 Res-

89 1891 360 1951 pondeamus
382 1890 419 1934 ei
434 1925 446 1945 ,
467 1890 502 1933 si
518 1889 660 1949 placet
687 1909 695 1933 2
717 1888 868 1933 Gaude
887 1924 896 1943 ,
922 1889 998 1932 sed
1019 1898 1084 1932 tu.
1107 1889 1150 1933 Si
1170 1897 1220 1932 tu
1241 1888 1400 1944 vicisti,
1425 1897 1475 1932 tu

91 1961 245 2019 gaude.
272 1966 410 2014 Quare
432 1962 541 2005 nos?
565 1964 704 2013 Quare
725 1959 851 2003 nobis
868 1958 973 2003 dicit
994 1979 1002 2003 z
1029 1958 1248 2013 Gaudete,
1269 1959 1351 2002 nisi
1372 1960 1475 2019 quia

90 2032 216 2076 nobis
236 2031 367 2085 vicit,
408 2030 533 2074 nobis
558 2030 799 2088 pugnavit?
830 2029 913 2073 Ubi
951 2030 1067 2073 enim
1094 2029 1332 2088 pugnavit?
1368 2030 1477 2082 Quia

91 2101 544 2159 hominemsuscepit.
587 2098 707 2143 Tolle
740 2099 861 2159 quod
889 2099 943 2142 de
975 2100 1151 2157 Virgine
1183 2109 1336 2154 natus,
1374 2098 1478 2143 tolle

91 2171 213 2232 quod
240 2190 260 2213 «
288 2171 575 2229 Semetipsum
602 2168 859 2223 exinanivit,
890 2167 1076 2212 formam
1098 2169 1207 2213 servi
1235 2168 1446 2228 accipiens
1463 2204 1473 2224 ‚

95 2259 117 2285 »
144 2242 190 2285 in
214 2240 540 2285 similitudinem
568 2240 798 2284 hominum
829 2237 990 2293 factus,
1026 2249 1069 2283 et
1099 2240 1251 2289 habitu
1277 2240 1478 2284 inventus

95 2330 117 2354 »
143 2321 194 2356 ut
218 2313 377 2356 homo³
399 2330 407 2355 :
439 2329 459 2352 »
484 2308 586 2354 tolle
608 2310 714 2365 hoc,
744 2309 823 2354 ubi
854 2310 1103 2354 luctamen?
1127 2310 1204 2353 ubi
1231 2314 1478 2354 certamen?

94 2383 173 2427 ubi
196 2382 414 2426 tentatio?
437 2380 512 2424 ubi
534 2380 713 2424 victoria
732 2415 742 2435 ,
775 2395 907 2440 quam
938 2395 1026 2424 non
1056 2381 1274 2439 praecessit
1300 2382 1478 2440 pugna?

98 2473 120 2496 «
144 2457 196 2498 In
217 2452 431 2513 principio
454 2460 544 2495 erat
565 2451 775 2506 Verbum,
801 2460 844 2495 et
858 2451 1052 2495 Verbum
1070 2460 1160 2496 erat
1181 2451 1298 2510 apud
1313 2454 1475 2507 Deum,

98 2541 120 2566 »
144 2533 188 2568 et
206 2526 320 2568 Deus
335 2531 426 2566 erat
438 2520 650 2565 Verbum.
677 2523 771 2565 Hoc
793 2529 884 2564 erat
900 2521 945 2564 in
960 2521 1173 2581 principio
1191 2521 1308 2581 apud
1320 2525 1474 2567 Deum.

149 2615 158 2632 ¹
181 2611 259 2643 Luc.
279 2619 345 2650 xvi,
363 2616 417 2641 22.
438 2624 479 2630 -
500 2613 513 2630 ²
533 2608 626 2639 Joan.
645 2614 712 2648 ΠΙ,
731 2605 786 2639 33.
807 2622 848 2629 —-
866 2603 878 2628 3
897 2606 1010 2648 Philip.
1029 2617 1070 2648 11,
1087 2615 1118 2649 7.
