1898 3178
379 181 461 221 140
809 195 842 221 s.
878 191 1108 221 Auens'rnu
1140 191 1320 222 zmscorx

375 259 571 304 videmus
583 259 718 304 oculis
729 295 740 315 ,
761 273 840 303 nec
855 259 998 303 adhuc
1009 258 1139 304 corde
1151 259 1348 319 quandiu
1362 260 1448 304 fide
1463 259 1753 319 mundamur,

374 331 462 388 ipsa
481 339 623 375 tamen
645 330 731 374 fide
753 329 985 374 rectissime
1000 365 1011 386 ,
1033 345 1082 375 ac
1109 331 1403 375 robustissime
1424 331 1659 375 retinemus
1680 335 1757 376 Pa-

374 411 484 445 trem
500 436 510 455 ‚
532 401 690 444 Filium
708 436 718 455 ,
742 400 949 458 Spiritum
964 410 1162 446 sanctum
1174 437 1185 459 ,
1205 400 1536 461 inseparabilem
1558 416 1647 445 esse
1666 402 1757 445 Tri-

370 473 550 516 nitatem
566 506 576 526 ,
614 485 751 514 unum
786 473 924 514 Deum
940 506 951 527 ,
974 486 1063 516 non
1084 481 1168 516 tres
1193 471 1311 516 deos.
1339 475 1403 516 lta
1435 481 1582 516 tamen
1615 487 1755 516 unum

373 545 509 586 Deum
524 577 534 597 ,
571 550 621 584 ut
643 539 777 584 Filius
799 556 889 585 non
910 542 964 586 sit
988 545 1112 586 Pater
1127 578 1137 598 ,
1175 551 1225 586 ut
1247 546 1374 586 Pater
1395 557 1485 586 non
1507 542 1561 586 sit
1590 541 1751 597 Filius,

370 622 418 656 ut
437 612 618 671 Spiritus
638 620 809 656 sanctus
824 627 904 656 nec
923 615 1048 657 Pater
1070 614 1145 668 sit,
1168 628 1248 656 nec
1271 612 1429 666 Filius,
1455 611 1532 656 sed
1555 613 1692 657 Patris
1712 621 1755 656 et

371 682 465 725 Filii
486 682 684 741 Spiritus.
703 685 824 727 Hanc
843 682 1111 727 ineffabilem
1128 683 1403 728 Divinitatem
1422 682 1539 742 apud
1556 698 1599 727 se
1615 684 1753 743 ipsam

366 761 631 808 manentem,
643 754 787 798 omnia
800 753 1097 809 innovantem,
1109 762 1344 809 creantem,
1359 762 1640 809 recreantem,
1656 755 1753 799 mit-

371 832 531 867 tentem
547 859 557 879 ,
583 834 880 881 revocantem,
901 824 1169 885 judicantem
1185 859 1197 880 ,
1221 824 1503 882 liberantem,
1523 826 1635 870 hanc
1648 840 1752 885 ergo

372 895 621 940 Trinitatem
642 895 911 941 ineffabilem
933 896 1061 940 simul
1074 896 1274 941 novimus
1294 905 1337 940 et
1358 895 1707 955 inseparabilem.

427 969 505 1009 ΙΙΙ.
542 967 658 1020 Quid
680 982 782 1026 ergo
811 969 1002 1026 agimus?
1035 970 1146 1012 Ecce
1169 982 1361 1012 seorsum
1393 967 1512 1011 venit
1546 967 1680 1012 Filius
1708 968 1753 1011 in

367 1037 558 1092 homine,
572 1053 764 1083 seorsum
783 1039 964 1098 Spiritus
978 1047 1150 1083 sanctus
1165 1038 1220 1082 de
1234 1038 1348 1082 coelo
1365 1037 1590 1082 descendit
1605 1038 1651 1081 in
1661 1053 1753 1097 spe-

365 1108 429 1151 cie
450 1108 682 1164 columbae,
699 1125 891 1154 seorsum
903 1125 986 1154 vox
1001 1110 1139 1154 Patris
1153 1109 1208 1153 de
1231 1109 1346 1153 coelo
1360 1108 1528 1164 sonuit,
1556 1126 1576 1150 «
1595 1109 1675 1153 Hic
1689 1118 1753 1153 est

369 1196 387 1218 »
416 1178 549 1222 Filius
566 1194 732 1224 meus.»
749 1180 832 1225 Ubi
846 1189 909 1224 est
922 1179 1216 1240 inseparabilis
1231 1179 1442 1224 Trinitas?
1455 1180 1576 1224 Fecit
1588 1195 1662 1225 vos
1676 1195 1753 1239 per

364 1262 433 1291 me
459 1251 569 1293 Deus
591 1251 793 1295 intentos.
820 1251 950 1295 Orate
972 1266 1051 1310 pro
1064 1250 1210 1305 nobis,
1236 1260 1280 1294 et
1303 1251 1424 1310 quasi
1439 1249 1678 1309 aperientes
1697 1251 1754 1295 si-

364 1335 469 1363 num
492 1340 500 1365 :
528 1321 661 1366 donet
686 1323 776 1381 ipse
796 1322 915 1366 unde
936 1323 1057 1382 quod
1079 1321 1303 1380 aperuistis
1331 1321 1578 1380 impleatur.
1605 1321 1753 1366 Colla-

367 1391 515 1435 borate
538 1393 680 1438 nobis.
703 1392 869 1438 Videtis
886 1393 1001 1437 enim
1021 1392 1128 1453 quid
1146 1392 1484 1452 susceperimus,
1501 1407 1590 1436 non
1612 1393 1753 1437 solum

364 1463 472 1521 quid
489 1484 499 1520 3
518 1479 670 1509 verum
693 1466 820 1509 etiam
836 1466 939 1526 qui,
963 1464 1081 1509 unde
1096 1464 1296 1509 volumus
1319 1463 1484 1519 dicere,
1509 1464 1586 1507 ubi
1605 1465 1750 1523 positi,

363 1535 585 1593 quomodo
607 1537 735 1593 positi
756 1538 801 1579 in
823 1552 1004 1595 corpore
1027 1536 1146 1596 quod
1169 1536 1464 1595 corrumpitur
1486 1544 1528 1579 et
1550 1545 1755 1595 aggravat

363 1604 574 1659 animam,
607 1614 650 1649 et
682 1604 887 1664 deprimit
918 1614 1087 1649 terrena
1119 1606 1378 1650 inhabitatio
1411 1621 1585 1650 sensum
1614 1605 1753 1652 multa

363 1675 667 1732 cogitantem1.
687 1674 874 1729 Quando
893 1690 995 1734 ergo
1013 1675 1146 1719 istum
1163 1690 1337 1719 sensum
1355 1691 1378 1719 a
1391 1675 1539 1720 multis
1553 1677 1750 1729 extraho,

363 1754 406 1788 et
427 1745 482 1788 ad
505 1761 642 1790 unum
679 1749 819 1790 Deum
849 1746 1102 1791 Trinitatem
1134 1746 1467 1805 inseparabilem
1497 1746 1680 1805 colligo,
1704 1756 1755 1792 ut

363 1815 528 1875 aliquid
542 1816 713 1861 videam
732 1817 851 1877 quod
870 1816 1032 1871 dicam,
1051 1826 1256 1876 putas-ne
1273 1817 1318 1860 in
1336 1817 1419 1861 hoc
1436 1832 1618 1876 corpore
1633 1818 1753 1877 quod

363 1896 565 1944 aggravat
587 1888 774 1931 animam
793 1923 803 1942 ,
830 1897 880 1932 ut
901 1888 1068 1947 aliquid
1089 1888 1212 1932 vobis
1244 1887 1373 1945 digne
1394 1887 1550 1947 loquar
1564 1922 1575 1943 ,
1601 1898 1753 1947 potero

362 1958 527 2003 dicere:
546 1959 794 2012 «Quoniam
811 1958 866 2002 ad
880 1967 937 2013 te,
956 1959 1156 2014 Domine,
1171 1959 1360 2002 animam
1374 1973 1515 2003 meam
1531 1958 1748 2004 levavi2?>›

365 2030 553 2089 Adjuvet
574 2045 665 2085 me,
690 2030 804 2075 levet
820 2045 914 2074 eam
931 2045 1119 2074 mecum.
1142 2032 1249 2076 Nam
1269 2030 1467 2074 infirmus
1485 2045 1582 2075 sum
1604 2030 1689 2087 illi,
1709 2040 1753 2076 et

364 2102 501 2157 gravis
525 2110 588 2145 est
607 2100 730 2144 mihi.

422 2173 497 2215 IV.
516 2170 633 2216 Solet
643 2171 736 2214 haec
743 2170 926 2231 quaestio
936 2170 989 2214 ab
999 2170 1315 2214 studiosissimis
1330 2170 1536 2215 fratribus
1544 2171 1747 2229 proponi,

363 2241 470 2285 solet
498 2243 543 2285 in
569 2251 811 2286 amatorum
838 2241 961 2285 verbi
990 2241 1068 2284 Dei
1097 2256 1293 2285 sermone
1320 2240 1500 2294 versari,
1534 2239 1642 2284 solet
1670 2256 1749 2300 pro

363 2312 443 2355 bac
457 2313 645 2358 multum
667 2312 827 2372 pulsari
851 2313 905 2356 ad
929 2315 1083 2365 Deum,
1109 2311 1353 2355 dicentibus
1367 2311 1642 2355 hominibus:
1665 2315 1748 2356 Fa-

364 2383 423 2425 cit
440 2382 605 2442 aliquid
627 2388 752 2428 Pater
767 2419 777 2439 ,
803 2384 924 2443 quod
945 2398 1033 2427 non
1057 2381 1161 2426 facit
1177 2382 1338 2440 Filius3
1364 2392 1439 2426 aut
1457 2381 1559 2426 facit
1581 2381 1747 2442 aliquid

363 2450 497 2494 Filius
514 2486 525 2506 ,
549 2454 668 2511 quod
693 2469 781 2499 non
807 2451 906 2498 facit
930 2454 1083 2496 Pater?
1116 2453 1293 2497 Interim
1324 2452 1378 2496 de
1412 2455 1537 2496 Patre
1564 2461 1606 2496 et
1635 2452 1744 2496 Filio

413 2542 420 2557 ¹
461 2546 512 2576 ap.
538 2546 583 2573 Π,
614 2536 661 2568 15.
684 2554 724 2560 —
745 2545 756 2560 ²
777 2538 859 2570 Psal.
878 2547 996 2577 mxxv,
1019 2537 1051 2577 4.
