1898 3178
342 226 481 253 SERMo
513 226 642 263 wa,
677 226 730 251 DE
765 222 909 252 VERBIS
941 222 1105 252 MATTH.
1140 225 1202 251 xi.
1387 215 1464 253 271

89 299 131 334 te
161 288 425 344 laudaveris,
458 290 512 333 ab
540 288 725 332 inimicis
756 289 842 332 tuis
869 289 1012 333 salvus
1032 305 1122 334 non
1144 289 1241 333 eris.
1271 288 1471 335 Laudans

88 361 241 405 invoca
276 360 537 413 Dominum,
573 368 616 402 et
643 359 697 402 ab
726 358 910 403 inimicis
941 360 1028 404 tuis
1061 359 1204 404 salvus
1225 359 1322 403 eris.
1361 361 1472 413 Quia

88 431 196 492 quid
217 432 276 476 ait
302 432 392 490 ipse
416 430 659 474 Dominus?
688 448 708 471 «
741 430 1006 474 Sacrificium
1034 430 1175 475 laudis
1213 430 1474 490 glorificabit

92 520 112 544 »
148 517 245 559 me3
263 511 307 546 et
324 501 386 545 ibi
407 501 475 545 via
498 509 561 544 est
574 535 586 555 ‚
605 500 684 544 ubi
700 499 927 545 ostendam
943 500 1007 544 illi
1030 502 1216 546 salutare
1235 517 1382 546 meum
1398 505 1428 546 ¹.
1449 521 1469 544 »

90 571 174 615 Ubi
195 571 293 615 via?
310 573 362 615 In
383 570 593 615 sacrificio
613 569 769 614 laudis.
790 570 888 615 Noli
911 572 1067 630 pedem
1090 581 1208 616 extra
1224 572 1338 617 hanc
1359 572 1473 616 viam

88 641 275 685 mittere.
304 643 365 684 In-
378 640 447 685 via
469 649 559 685 esto
578 659 587 685 :
611 657 634 684 a
654 641 723 685 via
743 639 833 684 noli
852 640 1079 686 recedere:
1105 658 1128 685 a
1149 642 1278 686 laude
1301 642 1474 686 Domini

89 726 170 755 nec
190 725 382 769 unguem
401 744 412 765 ,
432 709 596 754 nedum
614 709 785 769 pedem,
815 710 857 755 Si
886 711 1002 754 enim
1023 711 1210 755 volneris
1229 713 1283 756 ab
1303 713 1385 757 hac
1407 713 1474 757 via

88 779 277 836 deviare,
297 789 341 824 et
356 795 438 839 pro
456 780 642 824 Domino
663 789 706 824 te
722 779 923 836 laudare,
943 796 1033 825 non
1055 781 1136 824 eris
1155 782 1297 826 salvus
1314 782 1370 827 ab
1391 782 1474 826 illis

86 851 272 895 inimicis
294 869 304 895 :
326 850 429 910 quia
452 850 507 895 de
526 851 626 910 ipsis
649 850 816 895 dictum
839 861 927 897 est:
952 855 1119 897 «Juxta
1133 854 1329 898 semitam
1348 869 1476 899 scan-

89 941 109 964 »
145 921 245 966 dala
266 931 509 981 posuerunt
530 922 679 966 mihi2.
701 922 929 982 Quidquid
946 938 1047 981 ergo
1070 924 1288 983 putaveris
1310 924 1474 969 bonite

86 992 249 1036 habere
270 992 346 1036 abs
369 1002 411 1036 te
429 1027 441 1047 ,
469 992 651 1036 deviasti
667 1007 690 1036 a
707 991 840 1036 laude
861 993 954 1037 Dei.
980 994 1097 1047 Quid
1115 995 1205 1054 jam
1228 994 1421 1050 miraris,
1442 995 1476 1039 si

87 1071 130 1107 te
150 1063 319 1108 seducit
340 1063 541 1108 inimicus
558 1098 570 1117 ,
599 1063 778 1123 quando
799 1064 863 1108 tui
886 1064 1017 1123 ipsius
1035 1064 1238 1110 seductor
1259 1081 1302 1109 es
1320 1068 1338 1108 ‘3
1358 1066 1476 1110 Audi

85 1133 345 1193 Apostolum
372 1153 381 1178 ε
413 1152 433 1176 «
454 1134 539 1187 Qui
567 1134 684 1178 enim
702 1143 830 1193 putat
857 1149 900 1179 se
922 1134 1089 1195 aliquid
1109 1151 1199 1181 esse
1215 1171 1225 1190 ,
1247 1151 1348 1181 cum
1366 1134 1475 1182 nihil

89 1223 111 1246 »
145 1206 199 1249 sit
215 1240 226 1260 ,
251 1221 295 1250 se
316 1206 459 1265 ipsum
481 1204 650 1250 seducit
665 1207 697 1249 3.
729 1226 748 1248 »

150 1278 251 1320 VII.
272 1276 509 1320 Dominum
538 1291 642 1335 ergo
670 1278 846 1320 attende
867 1278 1149 1322 confitentem
1174 1296 1184 1323 :
1213 1279 1476 1324 «Confiteor

90 1363 111 1389 »
147 1345 243 1401 tibi,
255 1349 399 1402 Pater,
417 1346 602 1390 Domine
622 1346 721 1390 coeli
736 1356 779 1391 et
795 1356 937 1390 terrae.
954 1348 1177 1392 Confiteor
1194 1347 1290 1404 tibi,
1312 1348 1475 1394 »laudo

87 1424 145 1460 te.
171 1416 325 1462 Laudo
337 1426 397 1472 te,
415 1433 506 1462 non
529 1432 684 1462 accuso
706 1433 790 1462 me.
806 1420 1029 1471 Quantum
1049 1428 1192 1463 autem
1210 1420 1399 1479 pertinet
1421 1419 1474 1464 ad

87 1486 221 1546 ipsius
237 1486 423 1531 hominis
439 1488 774 1547 susceptionem,
794 1496 886 1532 tota
903 1489 1053 1546 gratia,
1074 1488 1302 1547 singularis
1320 1490 1471 1549 gratia,

84 1556 277 1616 perfecta
291 1558 440 1615 gratia.
465 1557 582 1611 Quid
605 1558 764 1601 meruit
784 1558 918 1602 homo
932 1557 1005 1601 ille
1027 1558 1104 1618 qui
1121 1560 1318 1604 Christus
1337 1569 1415 1615 est,
1441 1560 1475 1603 si

85 1626 212 1672 tollas
230 1629 429 1687 gratiam,
448 1637 493 1672 et
528 1637 695 1673 tantam
727 1629 908 1687 gratiam
927 1663 938 1684 ,
963 1645 1051 1688 qua
1080 1645 1217 1673 unum
1244 1630 1476 1689 oportebat

86 1713 176 1742 esse
187 1700 427 1755 Christum,
449 1708 492 1743 et
506 1700 649 1759 ipsum
662 1715 750 1744 esse
764 1715 894 1759 quem
908 1700 1108 1744 novimus
1123 1702 1141 1744 Ρ
1156 1699 1276 1745 Tolle
1293 1701 1474 1759 gratiam

84 1767 228 1823 istam,
250 1768 359 1828 quid
376 1769 589 1824 Christus,
612 1769 692 1812 nisi
719 1770 882 1814 homo?
899 1768 1017 1822 Quid
1033 1770 1115 1814 nisi
1132 1771 1254 1830 quod
1275 1774 1354 1814 tu?
1379 1773 1474 1816 Sus-

85 1840 201 1899 cepit
221 1841 410 1885 animam
431 1875 442 1895 ,
475 1841 665 1900 suscepit
693 1856 851 1900 corpus
866 1875 876 1895 ,
908 1842 1098 1900 suscepit
1119 1841 1300 1898 plenum
1328 1842 1473 1886 homi-

85 1924 188 1953 nem
209 1928 219 1954 ε
243 1918 417 1969 coaptat
430 1909 514 1952 'sibi
528 1911 545 1934 4
557 1944 572 1964 ,
592 1923 725 1952 unam
743 1907 852 1951 facit
873 1908 1082 1951 Dominus
1111 1922 1212 1951 cum
1235 1923 1357 1952 servo
1374 1924 1474 1968 per—

87 1994 251 2023 sonam.
275 1982 448 2032 Quanta
469 1979 548 2022 ista
573 1978 741 2037 gratia?
764 1977 963 2022 Christus
984 1978 1028 2021 in
1047 1977 1159 2021 coelo
1177 2012 1188 2033 ,
1213 1978 1410 2023 Christus
1432 1980 1478 2024 in

86 2057 202 2094 terra
227 2068 236 2094 2
261 2049 390 2093 simul
411 2049 610 2094 Christus
648 2058 692 2093 et
720 2049 767 2092 in
801 2047 914 2093 coelo
947 2057 991 2092 et
1019 2048 1062 2092 in
1095 2057 1206 2092 terra
1234 2067 1244 2093 2
1273 2064 1355 2093 nec
1387 2049 1477 2094 duo

87 2119 266 2175 Christi,
286 2119 360 2165 sed
385 2119 501 2163 idem
524 2119 722 2164 Christus
744 2128 788 2163 et
809 2120 856 2162 in
878 2118 991 2163 coelo
1007 2128 1051 2162 et
1071 2119 1117 2162 in
1140 2128 1267 2163 terra.
1284 2120 1480 2164 Christus

89 2189 207 2248 apud
236 2193 407 2234 Patrem
424 2224 435 2244 ,
469 2189 667 2234 Christus
703 2190 750 2232 in
784 2198 910 2233 utero
938 2189 1127 2248 Virginis
1160 2208 1169 2234 ι
1200 2190 1397 2234 Christus
1431 2191 1478 2235 in

90 2274 241 2314 cruce,
277 2261 474 2304 Christus
496 2260 615 2319 apud
635 2259 796 2304 inferos
829 2260 1091 2304 subveniens
1113 2259 1403 2320 quibusdam3
1429 2277 1478 2306 ea

90 2339 234 2375 autem
254 2330 347 2389 ipsa
364 2328 434 2372 die
442 2329 639 2373 Christus
654 2331 700 2373 in
713 2330 912 2387 paradiso
926 2346 1026 2375 cum
1040 2330 1209 2375 latrone
1224 2332 1474 2377 confitente.

91 2403 149 2447 Et
170 2402 232 2446 ibi
254 2401 366 2445 latro
383 2399 491 2461 quid
511 2399 694 2455 meruit,
718 2400 799 2443 nisi
820 2401 923 2459 quia
939 2401 1057 2443 illam
1080 2402 1194 2445 viam
1216 2403 1357 2447 tenuit
1373 2438 1383 2458 ,
1399 2405 1477 2448 ubi

138 2499 150 2515 ¹
173 2498 252 2530 Psal.
276 2507 360 2537 uix,
388 2496 443 2528 23.
465 2512 506 2517 —
532 2501 543 2517 ²
564 2493 611 2527 Id.
638 2503 769 2533 cxxnx,
788 2493 821 2526 6.
852 2510 893 2517 —
910 2493 922 2518 3
941 2494 1040 2527 Galat.
1064 2505 1107 2536 vi,
1134 2495 1165 2528 3.
1186 2513 1227 2519 —
1244 2494 1260 2526 4
1278 2498 1355 2531 Cod,
1388 2501 1473 2532 (χιε-ᾖ

93 2565 150 2597 vn,
169 2554 224 2586 sol.
247 2553 313 2596 439
334 2565 340 2584 ι
370 2564 385 2581 (ι
406 2550 576 2595 eoaptavit
592 2550 652 2583 sibi
666 2560 805 2584 carnem.
829 2561 846 2580 »
