1898 3178
337 226 420 262 622
748 232 781 260 S.
817 232 1047 261 Aucus‘rnu
1079 235 1259 262 El’lscol‘l

335 297 524 342 multum
540 297 595 342 de
607 312 650 341 se
664 306 973 355 praesumentes
984 300 1015 352 ¹,
1032 306 1074 342 et
1088 296 1186 342 ideo
1203 297 1528 357 desperatiores,
1547 307 1714 357 quanto

335 368 621 428 superbiores.
650 367 835 412 Veniant
855 366 1072 423 mendici,
1096 367 1196 428 quia
1219 367 1291 412 ille
1309 367 1462 412 invitat
1478 368 1554 428 qui
1577 384 1713 428 prop-

334 449 400 484 ter
421 455 498 484 nos
518 453 682 499 pauper
703 437 843 483 factus
871 447 959 493 est,
984 454 1086 483 cum
1107 437 1225 484 dives
1247 448 1377 494 esset,
1403 448 1452 483 ut
1472 437 1586 483 illius
1606 455 1715 499 pau-

333 519 498 570 pertate
531 509 719 554 mendici
748 508 1001 554 ditaremur.
1024 510 1210 554 Veniant
1230 509 1393 554 debiles
1413 529 1421 554 :
1442 510 1544 570 quia
1569 529 1590 552 «
1615 513 1714 555 Non

335 600 355 623 »
391 591 454 625 est
483 596 590 640 opus
610 580 722 625 sanis
754 581 969 635 medicus,
994 581 1070 626 sed
1097 581 1209 625 male
1238 580 1500 625 habentibus
1514 585 1546 625 2.
1576 600 1596 622 n
1628 583 1714 625 Ve-

333 652 454 696 niant
476 650 621 696 claudi
650 651 727 711 qui
755 652 793 695 ei
825 650 972 696 dicant
998 671 1007 697 :
1037 672 1056 694 «
1081 653 1308 711 Compone
1337 666 1502 709 gressus
1529 667 1648 696 meos
1668 652 1714 696 in

334 740 354 762 »
389 722 548 766 semitis
580 721 704 766 tuisss.
735 740 754 763 »
788 722 976 766 Veniant
1011 723 1113 767 caeci
1143 722 1219 782 qui
1247 722 1426 766 dicant:
1455 740 1475 764 «
1510 721 1714 766 Illumina

333 810 353 832 η
389 791 537 837 oculos
553 807 670 836 meos
684 827 696 846 ,
716 807 771 836 ne
791 807 986 852 unquam
1011 792 1285 837 obdormiam
1304 791 1349 835 in
1368 800 1507 836 morte
1521 793 1552 835 4.
1581 809 1601 833 »
1631 794 1713 836 Ta-

331 862 391 906 les
408 871 622 907 venerunt
643 862 699 906 ad
725 862 905 920 horam,
929 861 1010 906 illis
1041 862 1160 920 prius
1188 861 1399 917 invitatis,
1424 877 1500 906 sua
1534 877 1713 906 excusa-

331 933 449 977 tione
483 932 722 992 reprobatis
762 948 771 973 t
807 941 1022 976 venerunt
1055 931 1110 976 ad
1137 932 1312 987 horam,
1351 934 1623 977 intraverunt
1659 931 1713 976 de

331 1002 482 1062 plateis
493 1011 535 1046 et
552 1002 656 1046 vicis
673 1002 856 1046 civitatis
882 1021 890 1046 :
916 1021 936 1044 «
960 1004 1018 1045 Et
1039 1001 1262 1061 respondit
1276 1017 1445 1056 servus,
1470 1002 1546 1062 qui
1560 1002 1712 1047 missus

334 1093 353 1114 »
387 1082 501 1128 erat,
520 1071 719 1127 Domine,
738 1071 903 1116 factum
920 1082 984 1117 est
1005 1082 1054 1117 ut
1068 1073 1251 1133 jussisti,
1268 1082 1310 1116 et
1327 1072 1471 1117 adhuc
1492 1072 1613 1118 locus
1630 1082 1708 1118 est.

332 1162 351 1185 »
390 1143 489 1197 Exi,
529 1143 695 1202 inquit,
730 1142 775 1186 in
797 1142 884 1186 vias
907 1152 950 1186 et
972 1158 1114 1201 sepes,
1151 1152 1193 1186 et
1225 1158 1334 1202 quos
1363 1143 1576 1187 inveneris
1608 1157 1713 1201 coge

333 1233 352 1255 »
388 1215 589 1258 intrare-⁵.
606 1216 751 1267 »Quos
773 1213 984 1258 inveneris
997 1248 1008 1268 ,
1024 1222 1074 1257 ut
1091 1213 1345 1271 dignentur,
1363 1213 1451 1258 noli
1467 1223 1710 1273 expectare,

330 1301 434 1344 coge
456 1286 631 1328 intrare.
664 1287 867 1342 Magnam
891 1299 1087 1338 coenam,
1111 1298 1312 1341 magnam
1345 1284 1525 1328 domum
1546 1284 1707 1343 paravi,

330 1372 419 1400 non
439 1356 501 1399 ibi
521 1356 660 1414 patior
686 1354 833 1399 locum
856 1368 1022 1399 vacare.
1049 1356 1275 1398 Venerunt
1296 1353 1350 1397 de
1371 1354 1523 1413 plateis
1551 1364 1594 1398 et
1609 1354 1712 1399 vicis

329 1428 488 1470 Gentes
514 1442 522 1467 ι
548 1426 725 1470 veniant
747 1425 801 1468 de
821 1425 994 1483 sepibus
1009 1426 1042 1479 ⁶,
1067 1424 1137 1468 hic
1158 1424 1386 1468 inveniunt
1411 1439 1577 1482 pacem.
1602 1427 1711 1470 Nam

328 1497 404 1555 qui
425 1504 684 1541 construunt
717 1509 861 1553 sepes,
895 1494 1127 1539 divisiones
1157 1503 1377 1553 quaerunt.
1416 1496 1659 1538 Trahantur
1688 1510 1712 1538 a

328 1567 527 1626 sepibus,
560 1564 801 1610 evellantur
823 1565 877 1608 ab
900 1564 1044 1622 spinis.
1068 1567 1117 1607 In
1146 1565 1321 1623 sepibus
1349 1565 1589 1621 haeserunt,
1615 1565 1711 1624 cogi

329 1636 501 1681 nolunt.
529 1635 792 1689 Voluntate,
829 1634 1057 1694 inquiunt,
1084 1644 1229 1679 nostra
1249 1636 1475 1680 intremus.
1505 1638 1602 1682 Non
1626 1637 1710 1681 hoc

328 1708 537 1751 Dominus
552 1706 781 1766 imperavit
803 1725 811 1749 ;
831 1724 850 1746 «
874 1706 1013 1763 Coge,
1038 1705 1196 1765 inquit,
1221 1705 1434 1761 intrare.»
1451 1707 1709 1752 Forisinve-

328 1779 473 1822 niatur
494 1777 747 1831 necessitas,
772 1776 964 1822 nascitur
985 1775 1101 1821 intus
1120 1776 1321 1821 voluntas
1339 1778 1371 1821 ⁷.

388 1883 395 1898 ¹
426 1884 445 1907 2
461 1875 534 1908 Cor.
555 1886 620 1916 vni,
640 1886 674 1917 9.
697 1891 735 1897 --
756 1880 768 1896 ²
783 1874 898 1906 Matth.
921 1882 1039 1915 lx,12.
1063 1890 1104 1896 —
1121 1872 1134 1896 3
1157 1873 1238 1907 Psal.
1253 1885 1322 1914 xw,
1339 1874 1370 1906 5.
1388 1872 1517 1906 —Alct
1538 1872 1596 1915 xn',
1617 1874 1648 1906 5.
1667 1891 1709 1897 —

329 1931 343 1954 5
362 1934 437 1964 Luc.
459 1942 525 1971 mv,
546 1939 601 1971 22,
621 1931 674 1961 23.
696 1947 736 1952 -
753 1927 768 1951 6
791 1930 867 1962 cod.
888 1931 971 1962 Cass.
999 1940 1035 1970 11,
1052 1929 1107 1962 fol.
1127 1940 1186 1972 ¹90
1207 1942 1214 1961 :
1238 1932 1278 1962 Et
1296 1929 1504 1963 schismatici.
1534 1947 1575 1955 -—
1600 1937 1614 1964 7
1631 1930 1710 1963 Vide

325 1988 384 2020 lib.
409 1989 449 2020 de
468 1987 675 2020 Correctione
693 1986 849 2019 Donatist.
869 1997 925 2019 seu
940 1987 1039 2029 Epist.
1061 1997 1195 2020 LLxxxv.
