1898 3178
342 234 424 272 300
786 243 817 272 3.
855 244 1083 272 auovs'nm
1117 246 1295 273 nrlscom

397 311 540 354 XVII.
571 309 685 354 Illud
708 309 838 352 ctiam
866 310 986 369 quod
1003 309 1087 354 ait:
1114 328 1133 351 «
1162 310 1246 363 Qui
1274 309 1507 354 manducat
1544 325 1715 355 carnem

341 401 360 422 »
398 397 536 426 meam
549 417 559 436 ,
585 390 626 424 ct
647 381 756 424 bibit
771 381 1020 439 sanguinem
1040 396 1200 436 meum,
1217 382 1261 425 in
1281 397 1349 425 me
1365 389 1566 425 manetet
1580 396 1660 440 ego
1673 383 1718 426 in

340 471 359 494 >›
395 453 470 497 illo
481 456 492 478 ¹
508 472 515 496 :
533 450 778 511 »quomodo
790 451 1051 496 intellecturi
1062 447 1466 512 sumusPNumquid
1478 452 1608 496 etiam
1622 451 1717 497 illos

336 524 406 567 hic
428 522 664 582 poterimus
686 522 878 580 accipere
892 557 903 577 ,
924 522 979 566 de
1001 523 1159 583 quibus
1181 522 1284 567 dicit
1308 522 1560 581 ApostoluS,
1597 521 1717 582 quod

328 593 540 652 judicium
563 592 644 635 sibi
665 591 951 648 manducent,
976 602 1020 637 et
1040 593 1220 650 bibant,
1245 607 1346 637 cum
1380 593 1513 651 ipsam
1542 607 1715 637 carnem

334 662 618 718 manducent,
638 671 680 706 et
696 663 837 722 ipsum
855 664 1106 721 sanguinem
1122 664 1298 707 bibant‘z
1310 665 1328 708 P
1341 663 1568 722 Numquid
1581 672 1624 707 et
1637 665 1661 706 J
1666 679 1717 706 u-

334 733 408 778 das
421 733 612 790 Magistri
633 732 832 778 venditor
846 743 888 777 et
909 733 1091 778 traditor
1114 735 1284 792 impius,
1303 734 1500 793 quamvis
1523 733 1713 792 primum

332 804 473 862 ipsum
507 803 708 847 manibus
730 805 822 863 ejus
857 804 1107 847 confectum
1142 813 1459 848 sacramentum
1496 803 1636 847 carnis
1670 812 1713 847 et

331 875 546 932 sanguinis
577 876 669 934 ejus
690 889 788 918 cum
812 874 976 919 caeteris
998 872 1248 933 Discipulis,
1272 873 1384 918 sicut
1413 874 1601 933 apertius
1623 876 1712 917 Lu—

332 960 400 988 cas
423 944 681 1003 evangelista
721 944 937 999 declarat,
964 944 1246 988 manducaret
1268 953 1311 988 et
1333 944 1527 1000 biberet,
1554 944 1716 988 mansit

331 1016 373 1058 in
397 1016 590 1068 Christo,
617 1025 692 1059 aut
711 1015 906 1059 Christus
929 1016 973 1058 in
995 1016 1072 1059 eo3
1089 1017 1106 1057 ⁶?
1123 1018 1226 1059 Tam
1250 1015 1376 1059 multi
1399 1014 1611 1074 denique,
1636 1015 1713 1074 qui

329 1084 397 1127 vel
414 1084 544 1128 corde
566 1086 668 1128 ficto
682 1100 855 1128 carnem
876 1083 997 1127 illam
1020 1084 1287 1129 manducant
1304 1094 1346 1129 et
1368 1085 1623 1143 sanguinem
1642 1084 1712 1128 bi-

330 1155 467 1209 bunt,
485 1153 553 1198 vel
575 1169 675 1198 cum
693 1154 1056 1198 manducaverint
1073 1164 1116 1198 et
1132 1155 1340 1209 biberint,
1359 1163 1565 1213 apostatae
1582 1155 1711 1208 fiunt,

331 1224 547 1284 numquid
579 1233 758 1268 manent
778 1224 824 1266 in
862 1224 1062 1278 Christo,
1096 1233 1171 1267 aut
1205 1225 1400 1268 Christus
1428 1224 1470 1266 in
1498 1224 1556 1267 eis
1581 1226 1600 1265 ⁶?
1629 1224 1713 1268 Sed

330 1293 530 1353 profecto
548 1303 611 1337 est
628 1292 806 1352 quidam
821 1292 977 1336 modus
999 1292 1292 1336 manducandi
1309 1292 1427 1336 illam
1445 1307 1619 1336 carnem
1634 1327 1645 1346 ,
1671 1302 1714 1337 et

332 1364 509 1407 bibendi
541 1363 665 1407 illum
688 1364 942 1422 sanguinem
960 1398 970 1417 ,
997 1378 1085 1422 quo
1108 1363 1240 1406 modo
1271 1363 1346 1422 qui
1385 1363 1714 1407 manducaverit

330 1444 372 1478 et
394 1435 568 1489 biberit,
587 1436 633 1478 in
655 1435 825 1479 Christo
843 1442 1005 1487 manet,
1031 1443 1074 1477 et
1095 1434 1291 1477 Christus
1311 1435 1355 1476 in
1379 1434 1471 1477 eo4.
1493 1436 1588 1478 Non
1614 1449 1714 1491 ergo

329 1520 609 1565 quocumque
622 1504 753 1548 modo
768 1505 997 1564 quisquam
1013 1503 1339 1547 manducaverit
1351 1518 1524 1547 carnem
1534 1504 1711 1559 Christi,

330 1585 372 1619 et
392 1575 548 1619 biberit
573 1575 826 1634 sanguinem
850 1574 1029 1628 Christi,
1050 1583 1198 1617 manet
1218 1574 1263 1616 in
1286 1574 1458 1618 Christo
1474 1608 1486 1627 ,
1507 1582 1549 1617 et
1576 1573 1622 1616 in
1638 1573 1714 1618 illo

329 1645 524 1689 Christus
543 1666 554 1701 3
579 1644 654 1688 sed
676 1654 793 1688 certo
815 1643 1004 1703 quodam
1024 1642 1154 1687 modo
1170 1678 1180 1697 ,
1207 1658 1337 1703 quem
1355 1642 1538 1693 modum
1560 1645 1714 1704 utique

330 1718 417 1775 ipsc
435 1714 608 1759 videbat
626 1749 636 1765 ‚
662 1713 837 1774 quando
859 1714 939 1756 ista
957 1712 1145 1757 dicebat.
1170 1714 1237 1757 Sic
1255 1713 1388 1772 igitur
1404 1714 1505 1757 etin
1523 1728 1574 1757 eo
1592 1713 1714 1773 quod

331 1787 388 1830 ait
415 1806 423 1830 ;
451 1805 469 1827 «
490 1786 575 1838 Qui
597 1784 960 1844 blasphemaverit
981 1784 1027 1826 in
1051 1784 1260 1843 Spiritum
1281 1792 1479 1828 sanctum
1493 1819 1503 1838 ,
1524 1799 1614 1828 non
1633 1785 1714 1828 ha-

333 1876 350 1896 »
388 1857 460 1900 bet
482 1856 774 1899 remissionem
797 1856 841 1898 in
860 1864 1071 1898 aeternum
1089 1889 1100 1907 ‚
1124 1872 1142 1894 »
1166 1870 1253 1898 non
1277 1870 1557 1913 quocumque
1579 1854 1712 1898 modo

330 1926 717 1985 blasphemaverit,
755 1939 853 1968 reus
876 1933 939 1968 est
960 1925 1088 1983 hujus
1111 1923 1411 1967 irremissibilis
1439 1924 1611 1980 delicti,
1637 1924 1713 1968 sed

328 1996 457 2040 modo
480 1995 672 2056 quodam
688 2030 698 2050 ‚
724 2010 855 2054 quem
875 2010 952 2038 nos
981 2009 1175 2053 quaerere
1206 2003 1336 2053 atque
1360 1993 1601 2051 intelligere
1632 2010 1710 2038 vo-

332 2067 425 2120 luit,
441 2067 515 2124 qui
528 2066 641 2109 hanc
655 2064 912 2108 sententiam
925 2079 1071 2107 veram
1086 2062 1410 2123 terribilemque
1425 2064 1705 2123 deprompsit.

386 2139 552 2181 XVIII.
582 2137 791 2189 Quisnam
813 2136 865 2179 sit
899 2143 1043 2178 autem
1073 2135 1152 2178 iste
1176 2132 1507 2193 blasphemandi
1528 2135 1705 2191 modus,

328 2206 395 2249 vcl
418 2207 562 2265 potius
594 2205 920 2259 immoderatio,
946 2219 1147 2264 quaenam
1175 2204 1228 2247 sit
1249 2205 1327 2249 ista
1350 2204 1640 2264 blasphemia,
1665 2214 1710 2251 et

328 2277 446 2335 quod
469 2278 522 2320 sit
543 2277 723 2319 verbum
746 2285 896 2320 contra
921 2274 1127 2333 Spiritum
1147 2284 1365 2329 sanctum,
1385 2276 1474 2333 jam
1492 2283 1704 2334 quantum

329 2347 524 2389 existimo
542 2381 551 2401 ,
573 2347 662 2405 ipse
685 2344 792 2389 ordo
814 2343 1005 2404 postulat
1026 2353 1074 2387 ut
1092 2343 1286 2387 dicamus
1304 2380 1314 2399 ,
1339 2354 1612 2403 vestramque
1629 2359 1706 2387 ex-

328 2417 614 2473 pectationem
631 2414 797 2469 tandiu,
817 2413 890 2458 sed
913 2414 1147 2458 necessario
1165 2413 1401 2468 detentam,
1417 2430 1502 2457 non
1522 2413 1703 2457 ulterius

385 2517 392 2532 :
418 2511 530 2542 Jacob.
551 2523 595 2549 vr,
615 2512 667 2553 ἧς.
698 2529 737 2533 —-
769 2519 781 2534 ²
801 2512 908 2542 Florus
937 2511 974 2542 an]
999 2521 1007 2540 ι
1031 2512 1103 2541 Cor.
1138 2521 1180 2547 ῑι,
1201 2519 1243 2550 29
1282 2508 1354 2532 -—-3
1380 2512 1443 2542 Luc
1482 2521 1553 2542 x‘xn,
1589 2519 1641 2542 21.
1662 2526 1701 2531 —-

329 2563 342 2592 4
365 2564 483 2606 lgScnt.
509 2566 580 2596 diu>
605 2578 648 2598 rx.
671 2578 740 2607 cop.
767 2578 793 2598 ῐ.
