1898 3178
371 210 454 250 414
793 219 826 247 s.
862 218 1091 246 AUGUSTINI
1122 217 1302 245 Emscom

368 286 484 332 Audi
505 285 612 347 quid
637 305 645 330 :
677 304 695 326 «
721 282 881 329 Divites
902 283 1050 327 sintin
1068 283 1267 342 operibus
1302 281 1471 326 bonis¹.
1501 298 1519 322 »
1547 282 1664 335 Quid
1685 290 1748 325 est

367 359 449 402 hoc
463 358 482 401 Ξ)
498 358 701 416 Expone,
727 353 948 414 Apostole.
968 352 1097 398 Multi
1119 353 1234 397 enim
1258 351 1376 414 quod
1399 350 1557 396 nolunt
1576 351 1716 396 facere
1733 387 1744 406 ,

366 427 522 472 nolunt
545 424 800 482 intelligere.
821 427 1018 483 Expone,
1049 423 1256 483 Apostole
1278 442 1288 467 ι
1314 422 1404 466 noli
1426 421 1530 466 dare
1559 422 1750 466 occasio-

367 513 468 542 nem
504 495 607 540 mali
647 495 787 554 operis
806 509 884 555 per
921 494 1232 539 obscuritatem
1269 493 1492 537 sermonis.
1530 492 1608 536 Dic
1641 490 1750 552 quid

369 566 523 611 dixeris
548 584 556 610 :
587 583 607 608 «
632 565 793 610 Divites
819 564 971 609 sintin
1003 564 1205 625 operibus
1226 562 1366 607 bonis.
1393 581 1413 604 »
1439 563 1654 617 Audiant,
1683 561 1751 606 in-

371 637 593 696 telligant:
618 651 709 682 non
743 635 1051 696 permittantur
1079 652 1123 680 se
1149 648 1379 689 excusare,
1418 633 1492 678 sed
1529 649 1574 678 se
1609 633 1752 693 potius

367 708 576 768 incipiant
611 722 834 764 accusare,
865 717 908 752 et
939 708 1082 752 dicere
1115 705 1237 767 quod
1271 705 1516 751 audivimus
1547 704 1679 749 modo
1707 704 1754 748 in

368 777 559 823 Psalmo:
575 780 823 832 «Quoniam
836 787 1062 838 peccatum
1075 792 1223 821 meum
1238 791 1316 835 ego
1329 790 1515 835 agnosco
1524 778 1542 802 ²
1558 793 1600 821 z»
1615 775 1692 820 Dic
1704 783 1754 819 tu

365 848 472 909 quid
485 858 548 894 est
566 869 575 894 :
598 869 618 894 «
632 850 792 895 Divites
809 850 896 894 sint
909 850 954 893 in
971 848 1174 908 operibus
1192 848 1332 892 bonis.
1345 847 1490 892 Facile
1505 846 1745 891 tribuant.»

365 919 480 973 Quid
506 928 595 965 est:
626 919 771 965 Facile
799 920 1024 964 tribuant?
1041 917 1265 979 Numquid
1285 927 1329 962 et
1356 918 1440 962 hoc
1467 932 1556 962 non
1588 915 1754 960 intelli-

367 991 511 1049 gitur?
530 1010 551 1032 «
576 989 719 1035 Facile
744 990 960 1045 tribuant,
986 989 1326 1034 communicent.
1352 1006 1372 1030 >›
1396 989 1541 1033 Habes
1566 995 1636 1043 tu,
1665 1002 1756 1031 non

365 1060 498 1105 habet
521 1059 630 1105 alius
656 1080 665 1105 :
686 1061 976 1113 communica,
993 1069 1043 1104 ut
1064 1059 1414 1104 communicetur
1429 1057 1526 1103 tibi.
1549 1059 1756 1103 Commu-

367 1130 462 1175 nica
475 1131 546 1176 hic
564 1167 574 1187 ,
598 1141 641 1176 et
658 1131 1000 1176 communicabis
1021 1131 1097 1175 ibi.
1119 1130 1405 1176 Communica
1425 1129 1495 1174 hic
1516 1143 1692 1189 panem,
1714 1137 1758 1172 et

368 1202 548 1262 accipies
571 1203 632 1247 ibi
652 1217 824 1262 panem.
846 1204 988 1255 Quem
1008 1203 1078 1245 hic
1102 1203 1291 1260 panem?
1308 1204 1446 1254 Quem
1467 1198 1634 1258 colligis
1654 1213 1756 1243 cum

368 1273 526 1318 sudore
545 1282 588 1317 et
608 1273 756 1318 labore
777 1308 787 1329 ,
814 1288 866 1316 ex
892 1271 1125 1317 maledicto
1147 1272 1275 1331 primi
1302 1271 1504 1315 hominis.
1534 1273 1675 1323 Quem
1696 1269 1759 1312 ibi

370 1347 556 1405 panem?
579 1345 660 1398 Qui
678 1344 783 1388 dixit
804 1363 812 1389 ;
837 1363 856 1386 «
882 1347 974 1402 Ego
997 1359 1090 1388 sum
1116 1343 1238 1403 panis
1279 1343 1427 1398 vivus,
1453 1342 1529 1402 qui
1558 1341 1614 1385 de
1647 1341 1758 1385 coelo

376 1436 393 1457 »
406 1416 682 1460 descendi3.»
694 1415 821 1459 Dives
839 1429 882 1458 es
897 1415 984 1470 hic,
1001 1414 1076 1459 sed
1093 1429 1257 1473 pauper
1272 1428 1314 1457 es
1335 1412 1412 1457 ibi.
1430 1412 1572 1457 Habes
1585 1427 1756 1467 aurum,

370 1487 446 1532 sed
460 1487 659 1531 nondum
673 1495 791 1530 tenes
804 1486 1305 1545 praesentemChristum.
1318 1487 1460 1543 Eroga
1475 1483 1595 1544 quod
1606 1483 1757 1538 habes,

371 1566 421 1602 ut
457 1557 637 1616 accipias
669 1555 790 1616 quod
817 1571 906 1600 non
937 1555 1086 1599 habes.
1118 1574 1138 1597 «
1173 1554 1335 1599 Divites
1363 1555 1448 1599 sint
1474 1554 1518 1598 in
1557 1552 1760 1614 operibus

374 1647 395 1669 n
430 1629 556 1673 bonis
573 1663 583 1682 ,
623 1626 748 1671 facile
771 1626 989 1681 tribuant,
1010 1626 1351 1671 communicent.
1381 1643 1402 1666 »

449 1702 503 1743 V.
549 1701 666 1757 Ergo
713 1696 925 1757 perdituri
973 1707 1075 1741 sunt
1119 1712 1186 1742 res
1229 1697 1355 1741 suas?
1396 1694 1758 1749 Communicent,

374 1771 483 1815 dixit
509 1790 519 1816 ι
556 1787 673 1826 non,
700 1772 858 1814 Totum
890 1768 1009 1813 dent.
1048 1769 1242 1812 Teneant
1270 1767 1352 1812 sibi
1382 1774 1598 1827 quantum
1634 1766 1761 1811 suffi-

375 1842 458 1897 cit,
487 1851 663 1886 teneant
687 1839 784 1901 plus
816 1855 947 1900 quam
977 1839 1152 1884 sufficit.
1190 1842 1350 1883 Demus
1389 1837 1492 1881 inde
1526 1836 1761 1896 quamdam

376 1922 559 1972 partem.
584 1915 722 1966 Quam
762 1913 962 1971 partem?
996 1911 1217 1954 Decimam
1240 1918 1422 1968 partem.
1457 1908 1652 1952 Decimas
1682 1907 1762 1952 da-

377 1984 483 2028 bant
503 1983 663 2029 Scribae
685 1993 727 2028 et
750 1982 955 2027 Pharisaei
973 1983 1005 2025 ⁴.
1035 1999 1054 2022 »
1080 1980 1414 2035 Erubescamus,
1440 1978 1610 2035 fratres,
1636 1979 1764 2023 Deci-

377 2070 467 2099 mas
502 2054 691 2109 dabant,
727 2068 806 2113 pro
839 2052 999 2112 quibus
1035 2052 1229 2096 Christus
1271 2050 1468 2094 nondum
1506 2047 1763 2108 sanguinem

379 2125 567 2170 fuderat.
598 2125 794 2170 Decimas
824 2123 987 2168 dabant
1023 2122 1184 2168 Seribae
1215 2130 1258 2166 et
1290 2119 1494 2165 Pharisaei
1533 2137 1542 2165 ε
1567 2135 1622 2164 ne
1649 2117 1763 2164 forte

380 2197 545 2258 aliquid
565 2211 772 2257 magnum
785 2197 927 2242 facere
942 2205 984 2240 te
998 2203 1124 2255 putes
1137 2229 1147 2249 ,
1168 2193 1270 2254 quia
1291 2191 1454 2252 frangis
1471 2204 1629 2251 panem
1650 2205 1762 2250 pau-

382 2270 494 2328 peri3
515 2278 557 2313 et
587 2269 656 2312 vix
677 2276 741 2312 est
761 2266 988 2311 millesima
1008 2265 1088 2309 ista
1111 2262 1368 2309 facultatum
1406 2271 1596 2308 tuarum.
1616 2263 1675 2307 Et
1694 2270 1763 2306 ta-

382 2354 483 2382 men
504 2355 593 2384 non
610 2337 882 2399 reprehendo
909 2334 1006 2381 :vel
1018 2336 1102 2380 hoc
1125 2334 1206 2379 fac.
1235 2335 1303 2381 Sic
1317 2334 1429 2389 sitio,
1447 2334 1505 2378 sic
1522 2333 1662 2377 esurio
1678 2367 1690 2387 ,
1715 2341 1765 2376 ut

383 2418 426 2453 et
440 2409 494 2454 ad
510 2410 608 2455 istas
629 2410 761 2454 micas
785 2408 1011 2468 gaudeam.
1037 2405 1122 2452 Sed
1142 2415 1288 2451 tamen
1310 2406 1418 2466 quid
1447 2404 1600 2449 dixerit
1621 2403 1759 2458 vivus,

431 2513 440 2530 ¹
463 2515 482 2539 2
506 2510 579 2541 Cor.
598 2518 644 2549 vr,
667 2507 718 2540 18.
745 2523 787 2530 —
806 2513 820 2530 ²
838 2505 917 2539 Psal.
937 2516 969 2547 ι,
993 2504 1023 2537 5.
1045 2521 1086 2528 -
1106 2502 1119 2528 3
1137 2506 1228 2537 Joan.
1252 2515 1294 2546 vr,
1314 2503 1368 2537 51.
1388 2519 1429 2526 —
1448 2498 1465 2528 4
1481 2504 1559 2536 Luc.
1574 2511 1667 2542 xvm,
1687 2509 1737 2533 12.
