1898 3178
390 237 474 275 412
826 249 858 274 s.
895 245 1126 275 AUGUSTINI
1158 247 1338 275 EPISCOPI

389 329 468 357 nec
505 314 679 372 perdes,
716 311 831 355 sed«
861 311 1050 356 Habebis
1083 312 1334 357 thesaurum
1357 313 1402 357 in
1424 314 1570 372 coe103
1600 324 1643 359 et
1673 318 1772 360 veni

390 403 410 425 n
446 399 625 445 sequere
641 398 711 426 me
728 385 757 426 ¹.
777 401 797 423 η
822 384 931 428 Nam
949 381 1056 443 quid
1079 383 1156 427 tibi
1171 384 1362 443 prodest,
1379 385 1411 428 si
1428 384 1602 440 feceris,
1623 395 1666 430 et
1682 402 1770 432 non

386 456 574 515 sequaris
596 456 696 497 me?
717 453 931 498 Abscessit
953 463 1098 498 autem
1121 455 1251 500 tristis
1274 471 1321 500 ac
1342 466 1541 510 moestus,
1560 457 1670 502 sicut
1691 473 1772 503 au-

387 525 535 570 distis:
560 524 752 568 habebat
780 524 894 568 enirn
933 523 1089 569 multas
1111 525 1296 570 divitias.
1317 526 1446 579 Quod
1481 527 1648 573 audivit
1668 527 1767 585 ille,

387 596 630 640 audivimus
664 604 708 639 ct
744 610 837 639 nos.
869 596 927 639 Os
949 596 1135 651 Christi,
1160 596 1448 655 Evangelium
1465 606 1543 641 est.
1568 600 1620 642 In
1657 598 1771 643 coelo

385 666 504 710 sedet
525 685 534 710 z
555 664 630 710 sed
647 665 692 709 in
714 674 826 710 terra
843 665 966 726 loqui
981 682 1070 711 non
1089 675 1238 711 cessat.
1258 669 1344 711 Nos
1362 682 1450 710 non
1469 668 1600 712 simus
1622 668 1740 713 surdi
1759 688 1768 715 z

384 752 485 781 nam
507 736 581 780 ille
603 736 774 781 elamat.
801 740 887 783 Nos
909 752 998 781 non
1023 738 1153 780 simus
1183 737 1345 782 mortui
1372 756 1380 781 ;
1406 753 1506 781 nam
1534 736 1608 781 ille
1631 747 1768 783 tonat.

387 808 428 852 Si
446 808 607 868 majora
628 822 717 852 non
748 807 810 852 vis
832 806 998 863 facere,
1025 807 1191 851 minora
1209 806 1292 852 fac.
1318 808 1441 851 Onus
1472 810 1688 869 majorum
1718 809 1773 853 ad

385 889 426 923 te
448 879 637 923 multum
660 889 744 934 est,
770 878 839 923 vel
862 879 1027 923 minora
1056 877 1236 937 prende.
1263 877 1379 932 Quid
1402 877 1457 923 ad
1488 888 1675 941 utraque
1702 880 1772 940 pi-

384 965 457 1008 ger
479 952 557 994 es?
578 950 685 1010 quid
707 951 902 1011 utrisque
925 950 1192 994 adversaris?
1215 951 1377 1010 Majora
1406 959 1508 995 sunt
1532 969 1541 995 ε
1576 969 1597 993 «
1621 951 1772 996 Vende

385 1039 407 1062 »
443 1021 588 1065 omnia
611 1037 710 1081 quae
732 1021 866 1065 habes
882 1056 892 1076 ‚
919 1030 960 1064 et
983 1020 1038 1065 da
1060 1021 1347 1080 pauperibus,
1374 1029 1417 1064 et
1433 1035 1614 1081 sequere
1632 1036 1717 1066 me.
1747 1040 1768 1063 »

382 1093 551 1137 Minora
570 1102 672 1136 sunt
699 1113 707 1137 :
737 1111 757 1134 «
781 1095 879 1138 Non
910 1090 1193 1137 homicidium
1212 1092 1370 1136 facias:
1396 1094 1494 1138 Non
1526 1092 1741 1137 adulteres
1757 1127 1769 1149 ,

384 1182 404 1205 »
439 1165 536 1209 Non
559 1163 715 1207 falsum
737 1163 1032 1207 testimonium
1055 1179 1247 1223 quaeras:
1272 1165 1371 1208 Non
1396 1161 1574 1207 fureris:
1595 1166 1771 1208 Honora

385 1253 404 1276 »
439 1243 604 1293 patrem
630 1242 673 1277 et
692 1242 904 1277 matrem:
935 1232 1094 1290 Diliges
1131 1233 1378 1292 proximum
1400 1242 1525 1276 tuum
1558 1242 1764 1293 tanquam

384 1323 403 1347 »
439 1314 482 1349 te
504 1306 643 1365 ipsum
660 1308 692 1348 2.
724 1323 742 1345 »
767 1307 852 1347 Ista
874 1303 959 1358 fac,
986 1302 1101 1356 Quid
1125 1303 1178 1347 ad
1199 1312 1240 1347 te
1262 1303 1419 1358 clamo,
1445 1312 1494 1347 ut
1516 1302 1676 1347 vendas
1704 1320 1768 1347 res

380 1384 504 1431 tuas,
530 1375 600 1419 cui
623 1383 880 1434 extorquere
898 1389 987 1417 non
1010 1388 1182 1432 possum
1207 1389 1261 1416 ne
1279 1373 1419 1432 rapias
1448 1373 1637 1417 alienas?
1674 1378 1768 1418 Au·-

381 1446 481 1491 disti
506 1465 514 1491 :
537 1448 635 1491 Non
659 1444 887 1500 furaberis,
906 1453 955 1488 tu
973 1444 1100 1504 rapis.
1124 1447 1236 1488 Ante
1258 1453 1537 1502 conspectum
1562 1445 1671 1487 tanti
1692 1447 1715 1488 J
1722 1461 1771 1488 u-

380 1518 512 1572 dicis,
531 1518 620 1577 jam
638 1525 681 1560 te
711 1532 801 1560 non
823 1514 964 1559 furem
991 1524 1139 1569 teneo,
1167 1514 1239 1558 sed
1264 1523 1498 1573 raptorem.
1521 1518 1653 1559 Parce
1671 1515 1767 1570 tihi,

380 1589 580 1632 miserere
614 1587 692 1631 tui.
740 1585 894 1630 Adhuc
923 1586 1009 1629 vita
1037 1586 1117 1628 ista
1150 1583 1224 1628 dat
1262 1584 1337 1628 tibi
1370 1583 1650 1639 dilationem,
1680 1586 1769 1629 noli

380 1659 564 1718 abjicere
586 1657 919 1715 correptionem.
940 1655 1079 1699 Fuisti
1103 1656 1195 1699 heri
1214 1653 1310 1711 surg
1335 1655 1425 1699 noli
1444 1664 1486 1699 et
1504 1655 1649 1700 hodie.
1671 1659 1767 1700 Jam

380 1729 490 1774 forte
511 1737 553 1771 et
574 1726 704 1771 hodie
728 1725 868 1782 fuisti3
893 1740 984 1769 cras
1006 1725 1110 1770 noli.
1141 1725 1389 1785 Aliquando
1412 1726 1488 1769 fini
1509 1725 1670 1770 malum
1690 1761 1700 1781 ‚
1726 1735 1769 1770 et

380 1815 457 1859 pro
479 1798 678 1842 mercede
700 1798 821 1856 exige
844 1797 1026 1840 bonum.
1047 1798 1165 1840 Bona
1182 1797 1342 1840 habere
1357 1798 1436 1851 vis,
1458 1806 1500 1840 et
1522 1798 1663 1841 bonus
1680 1813 1769 1841 esse

380 1885 468 1914 non
490 1870 552 1913 vis
579 1889 587 1914 :
613 1868 828 1913 contraria
851 1877 913 1911 est
935 1867 1019 1911 vita
1044 1876 1118 1911 tua
1144 1868 1252 1911 votis
1272 1868 1370 1911 tuis.
1395 1868 1437 1911 Si
1456 1882 1662 1925 magnum
1687 1869 1768 1913 bo-

380 1956 486 1985 num
505 1948 568 1984 est
590 1940 751 1983 habere
786 1937 932 1982 villam
958 1938 1134 1993 bonam,
1160 1946 1373 1997 quantum
1407 1937 1568 1981 malum
1600 1947 1663 1982 est
1685 1939 1765 1982 ha-

382 2012 486 2055 bere
505 2010 692 2054 animam
717 2008 904 2052 malam?

440 2085 498 2126 ΙΙ.
517 2080 718 2125 Discessit
739 2079 858 2123 dives
871 2078 1164 2131 contristatuS‚
1186 2086 1229 2120 et
1249 2077 1307 2121 ait
1330 2078 1544 2122 Dominus
1562 2098 1571 2122 ε
1594 2097 1613 2120 «
1632 2083 1770 2131 Quam

383 2170 403 2193 >›
441 2150 616 2196 difficile
650 2159 738 2205 cst,
771 2158 819 2193 ut
851 2148 929 2209 qui
964 2147 1133 2192 divitias
1155 2148 1314 2203 habet,
1346 2148 1479 2192 intret
1502 2149 1548 2191 in
1585 2164 1767 2208 regnum

383 2242 403 2264 n
439 2223 695 2268 coelorumss.
724 2239 744 2262 »
772 2224 828 2265 Et
849 2235 980 2279 quam
999 2228 1109 2263 esset
1131 2219 1307 2263 difficile
1324 2255 1334 2274 ‚
1361 2219 1643 2264 similitudine
1664 2237 1767 2280 pro-

382 2295 516 2354 posita
534 2329 544 2348 ,
566 2292 755 2337 ostendit
778 2301 863 2335 tam
888 2306 976 2334 esse
999 2290 1202 2345 difficile,
1226 2300 1275 2335 ut
1296 2291 1473 2335 omnino
1495 2292 1548 2335 sit
1567 2292 1767 2350 impossi-

382 2364 485 2407 bile.
507 2365 647 2407 Omne
670 2363 784 2407 enim
806 2360 1069 2421 impossibile
1098 2360 1275 2405 difficile
1307 2371 1396 2420 est3
1420 2362 1495 2405 sed
1524 2378 1612 2406 non
1640 2377 1767 2406 omne

384 2433 558 2478 difficile
579 2432 842 2493 impossibile
859 2441 935 2475 est.
959 2430 1096 2484 Quale
1115 2430 1289 2476 difficile
1317 2442 1401 2486 est,
1441 2431 1765 2476 similitudinem

385 2503 558 2548 attende
579 2523 587 2547 ι
613 2523 632 2545 «
653 2507 791 2548 Amen
814 2502 910 2546 dico
926 2501 1075 2555 vobis,
1097 2501 1262 2545 facilius
1285 2511 1347 2545 est
1369 2501 1580 2545 camelum
1600 2517 1674 2560 per
1698 2501 1762 2545 fo·

434 2594 441 2608 ¹
465 2587 577 2619 Manli.
598 2598 660 2627 xix,
681 2597 735 2618 Ἦ.
756 2605 795 2609 -
812 2587 1071 2627 211»i‹l.18,19.
1089 2602 1126 2607 -—
1148 2584 1256 2616 3Ibi11.
1275 2585 1328 2616 23.
