<?xml version="1.0" encoding="UTF-8"?>
<!DOCTYPE html PUBLIC "-//W3C//DTD XHTML 1.0 Transitional//EN"
    "http://www.w3.org/TR/xhtml1/DTD/xhtml1-transitional.dtd">
<html xmlns="http://www.w3.org/1999/xhtml" xml:lang="en" lang="en">
 <head>
  <title>
</title>
<meta http-equiv="Content-Type" content="text/html;charset=utf-8" />
  <meta name='ocr-system' content='tesseract 3.04.00' />
  <meta name='ocr-capabilities' content='ocr_page ocr_carea ocr_par ocr_line ocrx_word'/>
</head>
<body>
  <div class='ocr_page' id='page_1' title='image "./operaomniaaccura18auguuoft_0369.png"; bbox 0 0 1898 3178; ppageno 0'>
   <div class='ocr_carea' id='block_1_1' title="bbox 279 277 1413 324">
    <p class='ocr_par' dir='ltr' id='par_1_1' title="bbox 279 277 1413 324">
     <span class='ocr_line' id='line_1_1' title="bbox 279 277 1413 324; baseline -0.001 -9"><span class='ocrx_word' id='word_1_1' title='bbox 279 286 418 315; x_wconf 72' lang='lat' dir='ltr'>SERMO</span> <span class='ocrx_word' id='word_1_2' title='bbox 449 287 620 324; x_wconf 76' lang='lat' dir='ltr'>Lxxvn,</span> <span class='ocrx_word' id='word_1_3' title='bbox 656 289 709 313; x_wconf 85' lang='lat' dir='ltr'>DE</span> <span class='ocrx_word' id='word_1_4' title='bbox 745 289 887 315; x_wconf 74' lang='lat' dir='ltr'>VERBls</span> <span class='ocrx_word' id='word_1_5' title='bbox 920 289 1083 315; x_wconf 77' lang='lat' dir='ltr'>MATTH.</span> <span class='ocrx_word' id='word_1_6' title='bbox 1120 286 1187 315; x_wconf 77' lang='lat' dir='ltr'>xv.</span> <span class='ocrx_word' id='word_1_7' title='bbox 1333 277 1413 315; x_wconf 80' lang='lat'>357</span> 
     </span>
    </p>
   </div>
   <div class='ocr_carea' id='block_1_2' title="bbox 0 352 1424 2668">
    <p class='ocr_par' dir='ltr' id='par_1_2' title="bbox 0 352 1424 2668">
     <span class='ocr_line' id='line_1_2' title="bbox 41 352 1415 413; baseline 0 -15"><span class='ocrx_word' id='word_1_8' title='bbox 41 362 133 398; x_wconf 85' lang='lat' dir='ltr'>tum</span> <span class='ocrx_word' id='word_1_9' title='bbox 155 362 234 398; x_wconf 87' lang='lat' dir='ltr'>est.</span> <span class='ocrx_word' id='word_1_10' title='bbox 258 356 367 399; x_wconf 91' lang='lat' dir='ltr'>Nam</span> <span class='ocrx_word' id='word_1_11' title='bbox 396 352 457 396; x_wconf 89' lang='lat' dir='ltr'>illi</span> <span class='ocrx_word' id='word_1_12' title='bbox 486 352 654 396; x_wconf 87' lang='lat' dir='ltr'>mulieri</span> <span class='ocrx_word' id='word_1_13' title='bbox 680 353 854 396; x_wconf 80' lang='lat' dir='ltr'>instanti</span> <span class='ocrx_word' id='word_1_14' title='bbox 884 354 1105 413; x_wconf 82' lang='lat' dir='ltr'>respondit</span> <span class='ocrx_word' id='word_1_15' title='bbox 1128 354 1210 398; x_wconf 92' lang='lat' dir='ltr'>hoc</span> <span class='ocrx_word' id='word_1_16' title='bbox 1236 368 1244 394; x_wconf 92' lang='lat'>:</span> <span class='ocrx_word' id='word_1_17' title='bbox 1275 371 1294 395; x_wconf 87' lang='lat'>«</span> <span class='ocrx_word' id='word_1_18' title='bbox 1320 356 1415 398; x_wconf 86' lang='lat' dir='ltr'>Non</span> 
     </span>
     <span class='ocr_line' id='line_1_3' title="bbox 41 423 1413 482; baseline 0.001 -17"><span class='ocrx_word' id='word_1_19' title='bbox 41 442 63 466; x_wconf 87' lang='lat'>»</span> <span class='ocrx_word' id='word_1_20' title='bbox 90 433 153 468; x_wconf 90' lang='lat' dir='ltr'>est</span> <span class='ocrx_word' id='word_1_21' title='bbox 167 424 331 468; x_wconf 88' lang='lat' dir='ltr'>bonum</span> <span class='ocrx_word' id='word_1_22' title='bbox 345 423 496 467; x_wconf 86' lang='lat' dir='ltr'>tollere</span> <span class='ocrx_word' id='word_1_23' title='bbox 513 438 669 482; x_wconf 90' lang='lat' dir='ltr'>panem</span> <span class='ocrx_word' id='word_1_24' title='bbox 688 423 894 477; x_wconf 87' lang='lat' dir='ltr'>filiorum,</span> <span class='ocrx_word' id='word_1_25' title='bbox 911 434 953 468; x_wconf 91' lang='lat' dir='ltr'>et</span> <span class='ocrx_word' id='word_1_26' title='bbox 969 425 1140 469; x_wconf 85' lang='lat' dir='ltr'>mittere</span> <span class='ocrx_word' id='word_1_27' title='bbox 1158 424 1339 469; x_wconf 88' lang='lat' dir='ltr'>canibus</span> <span class='ocrx_word' id='word_1_28' title='bbox 1353 428 1413 468; x_wconf 87' lang='lat'>¹.»</span> 
     </span>
     <span class='ocr_line' id='line_1_4' title="bbox 38 493 1418 552; baseline 0.001 -14"><span class='ocrx_word' id='word_1_29' title='bbox 38 494 165 539; x_wconf 90' lang='lat' dir='ltr'>Canis</span> <span class='ocrx_word' id='word_1_30' title='bbox 184 509 248 549; x_wconf 90' lang='lat' dir='ltr'>es,</span> <span class='ocrx_word' id='word_1_31' title='bbox 281 509 367 538; x_wconf 89' lang='lat' dir='ltr'>una</span> <span class='ocrx_word' id='word_1_32' title='bbox 394 508 437 537; x_wconf 93' lang='lat' dir='ltr'>es</span> <span class='ocrx_word' id='word_1_33' title='bbox 464 509 514 537; x_wconf 84' lang='lat' dir='ltr'>ex</span> <span class='ocrx_word' id='word_1_34' title='bbox 536 493 759 552; x_wconf 82' lang='lat' dir='ltr'>gentibus,</span> <span class='ocrx_word' id='word_1_35' title='bbox 795 493 909 538; x_wconf 89' lang='lat' dir='ltr'>idola</span> <span class='ocrx_word' id='word_1_36' title='bbox 932 496 1098 539; x_wconf 85' lang='lat' dir='ltr'>adoras.</span> <span class='ocrx_word' id='word_1_37' title='bbox 1135 495 1251 549; x_wconf 90' lang='lat' dir='ltr'>Quid</span> <span class='ocrx_word' id='word_1_38' title='bbox 1273 504 1418 540; x_wconf 88' lang='lat' dir='ltr'>autem</span> 
     </span>
     <span class='ocr_line' id='line_1_5' title="bbox 40 563 1421 624; baseline 0.001 -15"><span class='ocrx_word' id='word_1_39' title='bbox 40 574 127 610; x_wconf 89' lang='lat' dir='ltr'>tam</span> <span class='ocrx_word' id='word_1_40' title='bbox 150 563 362 608; x_wconf 84' lang='lat' dir='ltr'><strong>familiare</strong></span> <span class='ocrx_word' id='word_1_41' title='bbox 388 564 587 619; x_wconf 87' lang='lat' dir='ltr'>canibus,</span> <span class='ocrx_word' id='word_1_42' title='bbox 613 579 744 624; x_wconf 86' lang='lat' dir='ltr'>quam</span> <span class='ocrx_word' id='word_1_43' title='bbox 770 564 933 623; x_wconf 86' lang='lat' dir='ltr'>lapides</span> <span class='ocrx_word' id='word_1_44' title='bbox 955 565 1176 624; x_wconf 77' lang='lat' dir='ltr'>linguereP</span> <span class='ocrx_word' id='word_1_45' title='bbox 1200 569 1336 611; x_wconf 89' lang='lat' dir='ltr'>«Non</span> <span class='ocrx_word' id='word_1_46' title='bbox 1358 575 1421 611; x_wconf 85' lang='lat' dir='ltr'>est</span> 
     </span>
     <span class='ocr_line' id='line_1_6' title="bbox 42 633 1417 694; baseline 0.001 -18"><span class='ocrx_word' id='word_1_47' title='bbox 42 652 63 677; x_wconf 90' lang='lat'>»</span> <span class='ocrx_word' id='word_1_48' title='bbox 88 649 189 693; x_wconf 84' lang='lat' dir='ltr'>ergo</span> <span class='ocrx_word' id='word_1_49' title='bbox 208 634 373 679; x_wconf 87' lang='lat' dir='ltr'>bonum</span> <span class='ocrx_word' id='word_1_50' title='bbox 389 650 544 694; x_wconf 88' lang='lat' dir='ltr'>panem</span> <span class='ocrx_word' id='word_1_51' title='bbox 560 634 749 679; x_wconf 90' lang='lat' dir='ltr'>filiorum</span> <span class='ocrx_word' id='word_1_52' title='bbox 767 633 935 689; x_wconf 86' lang='lat' dir='ltr'>tollere,</span> <span class='ocrx_word' id='word_1_53' title='bbox 953 645 996 680; x_wconf 86' lang='lat' dir='ltr'>et</span> <span class='ocrx_word' id='word_1_54' title='bbox 1011 636 1183 680; x_wconf 89' lang='lat' dir='ltr'>mittere</span> <span class='ocrx_word' id='word_1_55' title='bbox 1195 636 1417 681; x_wconf 85' lang='lat' dir='ltr'>canibus.»</span> 
     </span>
     <span class='ocr_line' id='line_1_7' title="bbox 40 705 1422 766; baseline 0.001 -16"><span class='ocrx_word' id='word_1_56' title='bbox 40 705 118 750; x_wconf 86' lang='lat' dir='ltr'>llla</span> <span class='ocrx_word' id='word_1_57' title='bbox 138 707 172 750; x_wconf 93' lang='lat' dir='ltr'>si</span> <span class='ocrx_word' id='word_1_58' title='bbox 194 706 414 750; x_wconf 84' lang='lat' dir='ltr'>recederet</span> <span class='ocrx_word' id='word_1_59' title='bbox 436 715 533 766; x_wconf 88' lang='lat' dir='ltr'>post</span> <span class='ocrx_word' id='word_1_60' title='bbox 554 707 647 750; x_wconf 86' lang='lat' dir='ltr'>haec</span> <span class='ocrx_word' id='word_1_61' title='bbox 667 706 799 750; x_wconf 85' lang='lat' dir='ltr'>verba</span> <span class='ocrx_word' id='word_1_62' title='bbox 819 741 829 760; x_wconf 87' lang='lat'>,</span> <span class='ocrx_word' id='word_1_63' title='bbox 864 707 981 751; x_wconf 89' lang='lat' dir='ltr'>canis</span> <span class='ocrx_word' id='word_1_64' title='bbox 1011 717 1271 761; x_wconf 87' lang='lat' dir='ltr'>accesserat,</span> <span class='ocrx_word' id='word_1_65' title='bbox 1304 708 1422 753; x_wconf 88' lang='lat' dir='ltr'>canis</span> 
     </span>
     <span class='ocr_line' id='line_1_8' title="bbox 40 776 1424 836; baseline 0.001 -15"><span class='ocrx_word' id='word_1_66' title='bbox 40 777 319 821; x_wconf 80' lang='lat' dir='ltr'>abscesserat:</span> <span class='ocrx_word' id='word_1_67' title='bbox 341 776 416 821; x_wconf 91' lang='lat' dir='ltr'>sed</span> <span class='ocrx_word' id='word_1_68' title='bbox 438 776 667 836; x_wconf 91' lang='lat' dir='ltr'>pulsando,</span> <span class='ocrx_word' id='word_1_69' title='bbox 688 778 820 822; x_wconf 90' lang='lat' dir='ltr'>homo</span> <span class='ocrx_word' id='word_1_70' title='bbox 839 776 953 822; x_wconf 83' lang='lat' dir='ltr'>facta</span> <span class='ocrx_word' id='word_1_71' title='bbox 971 788 1034 822; x_wconf 87' lang='lat' dir='ltr'>est</span> <span class='ocrx_word' id='word_1_72' title='bbox 1048 794 1100 822; x_wconf 87' lang='lat' dir='ltr'>ex</span> <span class='ocrx_word' id='word_1_73' title='bbox 1117 794 1238 823; x_wconf 75' lang='lat' dir='ltr'>cane,</span> <span class='ocrx_word' id='word_1_74' title='bbox 1261 779 1424 824; x_wconf 88' lang='lat' dir='ltr'>Institit</span> 
     </span>
     <span class='ocr_line' id='line_1_9' title="bbox 40 847 1423 907; baseline 0.002 -16"><span class='ocrx_word' id='word_1_75' title='bbox 40 848 155 891; x_wconf 90' lang='lat' dir='ltr'>enim</span> <span class='ocrx_word' id='word_1_76' title='bbox 179 847 366 907; x_wconf 82' lang='lat' dir='ltr'>petendo</span> <span class='ocrx_word' id='word_1_77' title='bbox 383 883 393 902; x_wconf 93' lang='lat'>,</span> <span class='ocrx_word' id='word_1_78' title='bbox 418 857 461 891; x_wconf 92' lang='lat' dir='ltr'>et</span> <span class='ocrx_word' id='word_1_79' title='bbox 484 863 533 891; x_wconf 84' lang='lat' dir='ltr'>ex</span> <span class='ocrx_word' id='word_1_80' title='bbox 555 847 648 907; x_wconf 90' lang='lat' dir='ltr'>ipso</span> <span class='ocrx_word' id='word_1_81' title='bbox 671 847 807 892; x_wconf 92' lang='lat' dir='ltr'>veluti</span> <span class='ocrx_word' id='word_1_82' title='bbox 830 849 1026 893; x_wconf 89' lang='lat' dir='ltr'>convicio</span> <span class='ocrx_word' id='word_1_83' title='bbox 1048 848 1340 893; x_wconf 85' lang='lat' dir='ltr'>humilitatem</span> <span class='ocrx_word' id='word_1_84' title='bbox 1362 865 1423 894; x_wconf 91' lang='lat' dir='ltr'>os-</span> 
     </span>
     <span class='ocr_line' id='line_1_10' title="bbox 39 917 1423 980; baseline 0.002 -19"><span class='ocrx_word' id='word_1_85' title='bbox 39 917 200 972; x_wconf 81' lang='lat' dir='ltr'>tendit,</span> <span class='ocrx_word' id='word_1_86' title='bbox 235 918 572 962; x_wconf 85' lang='lat' dir='ltr'>misericordiam</span> <span class='ocrx_word' id='word_1_87' title='bbox 607 919 868 977; x_wconf 89' lang='lat' dir='ltr'>impetravit.</span> <span class='ocrx_word' id='word_1_88' title='bbox 893 922 1046 980; x_wconf 85' lang='lat' dir='ltr'>Neque</span> <span class='ocrx_word' id='word_1_89' title='bbox 1070 920 1183 963; x_wconf 89' lang='lat' dir='ltr'>enim</span> <span class='ocrx_word' id='word_1_90' title='bbox 1208 929 1423 964; x_wconf 83' lang='lat' dir='ltr'>commota</span> 
     </span>
     <span class='ocr_line' id='line_1_11' title="bbox 40 989 1424 1050; baseline 0.002 -18"><span class='ocrx_word' id='word_1_91' title='bbox 40 998 129 1043; x_wconf 88' lang='lat' dir='ltr'>est,</span> <span class='ocrx_word' id='word_1_92' title='bbox 161 999 236 1033; x_wconf 89' lang='lat' dir='ltr'>aut</span> <span class='ocrx_word' id='word_1_93' title='bbox 269 990 540 1044; x_wconf 84' lang='lat' dir='ltr'>succensuit,</span> <span class='ocrx_word' id='word_1_94' title='bbox 568 989 689 1050; x_wconf 88' lang='lat' dir='ltr'>quod</span> <span class='ocrx_word' id='word_1_95' title='bbox 718 991 834 1034; x_wconf 87' lang='lat' dir='ltr'>canis</span> <span class='ocrx_word' id='word_1_96' title='bbox 864 990 1078 1050; x_wconf 81' lang='lat' dir='ltr'>appellata</span> <span class='ocrx_word' id='word_1_97' title='bbox 1111 990 1244 1035; x_wconf 87' lang='lat' dir='ltr'>fuerit</span> <span class='ocrx_word' id='word_1_98' title='bbox 1272 1000 1424 1050; x_wconf 85' lang='lat' dir='ltr'>petens</span> 
     </span>
     <span class='ocr_line' id='line_1_12' title="bbox 41 1059 1423 1119; baseline 0.001 -16"><span class='ocrx_word' id='word_1_99' title='bbox 41 1059 317 1115; x_wconf 81' lang='lat' dir='ltr'>beneficium,</span> <span class='ocrx_word' id='word_1_100' title='bbox 340 1076 494 1119; x_wconf 83' lang='lat' dir='ltr'>rogans</span> <span class='ocrx_word' id='word_1_101' title='bbox 518 1059 854 1104; x_wconf 89' lang='lat' dir='ltr'>misericordiam</span> <span class='ocrx_word' id='word_1_102' title='bbox 876 1077 884 1101; x_wconf 91' lang='lat'>:</span> <span class='ocrx_word' id='word_1_103' title='bbox 905 1061 979 1105; x_wconf 91' lang='lat' dir='ltr'>sed</span> <span class='ocrx_word' id='word_1_104' title='bbox 1002 1062 1059 1105; x_wconf 89' lang='lat' dir='ltr'>ait</span> <span class='ocrx_word' id='word_1_105' title='bbox 1080 1081 1088 1106; x_wconf 88' lang='lat'><strong>:</strong></span> <span class='ocrx_word' id='word_1_106' title='bbox 1118 1081 1137 1103; x_wconf 88' lang='lat'>«</span> <span class='ocrx_word' id='word_1_107' title='bbox 1164 1064 1246 1115; x_wconf 86' lang='lat' dir='ltr'>Ita,</span> <span class='ocrx_word' id='word_1_108' title='bbox 1272 1062 1423 1106; x_wconf 91' lang='lat' dir='ltr'>Domi-</span> 
     </span>
     <span class='ocr_line' id='line_1_13' title="bbox 41 1131 1424 1191; baseline 0.004 -20"><span class='ocrx_word' id='word_1_109' title='bbox 41 1149 62 1172; x_wconf 87' lang='lat'>»</span> <span class='ocrx_word' id='word_1_110' title='bbox 88 1146 142 1174; x_wconf 87' lang='lat' dir='ltr'>ne</span> <span class='ocrx_word' id='word_1_111' title='bbox 168 1150 175 1175; x_wconf 88' lang='lat'>:</span> <span class='ocrx_word' id='word_1_112' title='bbox 208 1150 226 1172; x_wconf 89' lang='lat'>»</span> <span class='ocrx_word' id='word_1_113' title='bbox 249 1131 390 1176; x_wconf 84' lang='lat' dir='ltr'>dixisti</span> <span class='ocrx_word' id='word_1_114' title='bbox 411 1146 480 1175; x_wconf 89' lang='lat' dir='ltr'>me</span> <span class='ocrx_word' id='word_1_115' title='bbox 503 1147 653 1176; x_wconf 91' lang='lat' dir='ltr'>canem</span> <span class='ocrx_word' id='word_1_116' title='bbox 670 1167 680 1185; x_wconf 92' lang='lat'>,</span> <span class='ocrx_word' id='word_1_117' title='bbox 701 1131 829 1191; x_wconf 90' lang='lat' dir='ltr'>plane</span> <span class='ocrx_word' id='word_1_118' title='bbox 847 1132 964 1176; x_wconf 90' lang='lat' dir='ltr'>canis</span> <span class='ocrx_word' id='word_1_119' title='bbox 986 1148 1079 1177; x_wconf 91' lang='lat' dir='ltr'>sum</span> <span class='ocrx_word' id='word_1_120' title='bbox 1095 1167 1106 1187; x_wconf 89' lang='lat'>‚</span> <span class='ocrx_word' id='word_1_121' title='bbox 1140 1148 1326 1191; x_wconf 85' lang='lat' dir='ltr'>agnosco</span> <span class='ocrx_word' id='word_1_122' title='bbox 1343 1149 1424 1177; x_wconf 92' lang='lat' dir='ltr'>no-</span> 
     </span>
     <span class='ocr_line' id='line_1_14' title="bbox 38 1201 1423 1261; baseline 0.001 -16"><span class='ocrx_word' id='word_1_123' title='bbox 38 1216 139 1245; x_wconf 89' lang='lat' dir='ltr'>men</span> <span class='ocrx_word' id='word_1_124' title='bbox 161 1217 322 1246; x_wconf 91' lang='lat' dir='ltr'>meum.</span> <span class='ocrx_word' id='word_1_125' title='bbox 359 1202 525 1245; x_wconf 88' lang='lat' dir='ltr'>Veritas</span> <span class='ocrx_word' id='word_1_126' title='bbox 555 1201 774 1261; x_wconf 68' lang='lat' dir='ltr'>loquitur,</span> <span class='ocrx_word' id='word_1_127' title='bbox 812 1201 895 1247; x_wconf 90' lang='lat' dir='ltr'>Sed</span> <span class='ocrx_word' id='word_1_128' title='bbox 917 1218 1007 1247; x_wconf 92' lang='lat' dir='ltr'>non</span> <span class='ocrx_word' id='word_1_129' title='bbox 1027 1203 1125 1248; x_wconf 92' lang='lat' dir='ltr'>ideo</span> <span class='ocrx_word' id='word_1_130' title='bbox 1159 1219 1182 1247; x_wconf 91' lang='lat' dir='ltr'>a</span> <span class='ocrx_word' id='word_1_131' title='bbox 1211 1203 1423 1247; x_wconf 83' lang='lat' dir='ltr'>beneficio</span> 
     </span>
     <span class='ocr_line' id='line_1_15' title="bbox 39 1272 1424 1331; baseline 0.002 -16"><span class='ocrx_word' id='word_1_132' title='bbox 39 1272 287 1331; x_wconf 86' lang='lat' dir='ltr'>repellenda</span> <span class='ocrx_word' id='word_1_133' title='bbox 309 1288 420 1316; x_wconf 85' lang='lat' dir='ltr'>sum.</span> <span class='ocrx_word' id='word_1_134' title='bbox 447 1275 625 1316; x_wconf 86' lang='lat' dir='ltr'>Prorsus</span> <span class='ocrx_word' id='word_1_135' title='bbox 649 1273 767 1316; x_wconf 89' lang='lat' dir='ltr'>canis</span> <span class='ocrx_word' id='word_1_136' title='bbox 784 1308 798 1327; x_wconf 85' lang='lat'><em>‚</em></span> <span class='ocrx_word' id='word_1_137' title='bbox 828 1292 848 1314; x_wconf 93' lang='lat'>«</span> <span class='ocrx_word' id='word_1_138' title='bbox 878 1273 962 1318; x_wconf 90' lang='lat' dir='ltr'>Sed</span> <span class='ocrx_word' id='word_1_139' title='bbox 987 1282 1029 1317; x_wconf 89' lang='lat' dir='ltr'>et</span> <span class='ocrx_word' id='word_1_140' title='bbox 1052 1289 1178 1318; x_wconf 90' lang='lat' dir='ltr'>canes</span> <span class='ocrx_word' id='word_1_141' title='bbox 1210 1274 1348 1318; x_wconf 91' lang='lat' dir='ltr'>edunt</span> <span class='ocrx_word' id='word_1_142' title='bbox 1369 1273 1424 1318; x_wconf 89' lang='lat' dir='ltr'>de</span> 
     </span>
     <span class='ocr_line' id='line_1_16' title="bbox 41 1342 1422 1403; baseline 0.004 -18"><span class='ocrx_word' id='word_1_143' title='bbox 41 1360 61 1384; x_wconf 88' lang='lat'>»</span> <span class='ocrx_word' id='word_1_144' title='bbox 86 1343 207 1387; x_wconf 87' lang='lat' dir='ltr'>micis</span> <span class='ocrx_word' id='word_1_145' title='bbox 223 1359 322 1403; x_wconf 87' lang='lat' dir='ltr'>quae</span> <span class='ocrx_word' id='word_1_146' title='bbox 340 1342 503 1387; x_wconf 90' lang='lat' dir='ltr'>cadunt</span> <span class='ocrx_word' id='word_1_147' title='bbox 520 1344 574 1387; x_wconf 90' lang='lat' dir='ltr'>de</span> <span class='ocrx_word' id='word_1_148' title='bbox 592 1358 739 1387; x_wconf 89' lang='lat' dir='ltr'>mensa</span> <span class='ocrx_word' id='word_1_149' title='bbox 757 1343 1036 1388; x_wconf 91' lang='lat' dir='ltr'>dominorum</span> <span class='ocrx_word' id='word_1_150' title='bbox 1051 1348 1267 1389; x_wconf 69' lang='lat' dir='ltr'>suorum2.</span> <span class='ocrx_word' id='word_1_151' title='bbox 1288 1363 1307 1385; x_wconf 88' lang='lat'>»</span> <span class='ocrx_word' id='word_1_152' title='bbox 1323 1348 1422 1389; x_wconf 87' lang='lat' dir='ltr'>Mo-</span> 
     </span>
     <span class='ocr_line' id='line_1_17' title="bbox 39 1413 1421 1474; baseline 0.002 -17"><span class='ocrx_word' id='word_1_153' title='bbox 39 1413 183 1458; x_wconf 91' lang='lat' dir='ltr'>dicum</span> <span class='ocrx_word' id='word_1_154' title='bbox 214 1414 437 1474; x_wconf 87' lang='lat' dir='ltr'>quoddam</span> <span class='ocrx_word' id='word_1_155' title='bbox 470 1423 513 1458; x_wconf 90' lang='lat' dir='ltr'>et</span> <span class='ocrx_word' id='word_1_156' title='bbox 544 1414 753 1472; x_wconf 88' lang='lat' dir='ltr'>exiguum</span> <span class='ocrx_word' id='word_1_157' title='bbox 776 1413 1038 1459; x_wconf 87' lang='lat' dir='ltr'>beneficium</span> <span class='ocrx_word' id='word_1_158' title='bbox 1069 1414 1268 1460; x_wconf 89' lang='lat' dir='ltr'>desidero</span> <span class='ocrx_word' id='word_1_159' title='bbox 1295 1432 1305 1458; x_wconf 83' lang='grc'>.-</span> <span class='ocrx_word' id='word_1_160' title='bbox 1333 1431 1421 1460; x_wconf 90' lang='lat' dir='ltr'>non</span> 
     </span>
     <span class='ocr_line' id='line_1_18' title="bbox 37 1483 864 1544; baseline -0.001 -16"><span class='ocrx_word' id='word_1_161' title='bbox 37 1498 230 1528; x_wconf 89' lang='lat' dir='ltr'>mensam</span> <span class='ocrx_word' id='word_1_162' title='bbox 247 1483 428 1539; x_wconf 87' lang='lat' dir='ltr'>invado,</span> <span class='ocrx_word' id='word_1_163' title='bbox 451 1485 527 1528; x_wconf 90' lang='lat' dir='ltr'>sed</span> <span class='ocrx_word' id='word_1_164' title='bbox 548 1484 680 1528; x_wconf 88' lang='lat' dir='ltr'>micas</span> <span class='ocrx_word' id='word_1_165' title='bbox 698 1499 864 1544; x_wconf 79' lang='lat' dir='ltr'>quaero.</span> 
     </span>
     <span class='ocr_line' id='line_1_19' title="bbox 0 1551 1418 1613; baseline 0.002 -16"><span class='ocrx_word' id='word_1_166' title='bbox 0 1604 1 1611; x_wconf 10' lang='grc' dir='ltr'>ἵ</span> <span class='ocrx_word' id='word_1_167' title='bbox 93 1556 172 1598; x_wconf 82' lang='grc' dir='ltr'>ΧΙ.</span> <span class='ocrx_word' id='word_1_168' title='bbox 200 1553 355 1598; x_wconf 89' lang='lat' dir='ltr'>Videte</span> <span class='ocrx_word' id='word_1_169' title='bbox 377 1553 750 1613; x_wconf 88' lang='lat' dir='ltr'>quemadmodum</span> <span class='ocrx_word' id='word_1_170' title='bbox 769 1551 991 1598; x_wconf 88' lang='lat' dir='ltr'>humilitas</span> <span class='ocrx_word' id='word_1_171' title='bbox 1013 1555 1317 1599; x_wconf 87' lang='lat' dir='ltr'>commendata</span> <span class='ocrx_word' id='word_1_172' title='bbox 1340 1565 1418 1600; x_wconf 86' lang='lat' dir='ltr'>est.</span> 
     </span>
     <span class='ocr_line' id='line_1_20' title="bbox 37 1624 1423 1683; baseline 0.001 -13.974"><span class='ocrx_word' id='word_1_173' title='bbox 37 1627 199 1670; x_wconf 87' lang='lat' dir='ltr'>Canem</span> <span class='ocrx_word' id='word_1_174' title='bbox 222 1624 340 1669; x_wconf 84' lang='lat' dir='ltr'>illam</span> <span class='ocrx_word' id='word_1_175' title='bbox 369 1625 579 1669; x_wconf 89' lang='lat' dir='ltr'>Dominus</span> <span class='ocrx_word' id='word_1_176' title='bbox 604 1624 784 1669; x_wconf 82' lang='lat' dir='ltr'>dixerat.</span> <span class='ocrx_word' id='word_1_177' title='bbox 805 1627 903 1670; x_wconf 90' lang='lat' dir='ltr'>Non</span> <span class='ocrx_word' id='word_1_178' title='bbox 925 1624 1032 1669; x_wconf 82' lang='lat' dir='ltr'>dixit</span> <span class='ocrx_word' id='word_1_179' title='bbox 1057 1644 1066 1669; x_wconf 70' lang='grc' dir='ltr'>ι</span> <span class='ocrx_word' id='word_1_180' title='bbox 1089 1628 1186 1670; x_wconf 91' lang='lat' dir='ltr'>Non</span> <span class='ocrx_word' id='word_1_181' title='bbox 1204 1641 1322 1683; x_wconf 81' lang='lat' dir='ltr'>sum3</span> <span class='ocrx_word' id='word_1_182' title='bbox 1347 1627 1423 1670; x_wconf 91' lang='lat' dir='ltr'>sed</span> 
     </span>
     <span class='ocr_line' id='line_1_21' title="bbox 1 1692 1418 1754; baseline 0.001 -15"><span class='ocrx_word' id='word_1_183' title='bbox 1 1695 5 1749; x_wconf 60' lang='grc' dir='ltr'><strong>ᾗ</strong></span> <span class='ocrx_word' id='word_1_184' title='bbox 37 1694 167 1740; x_wconf 88' lang='lat' dir='ltr'>dixit:</span> <span class='ocrx_word' id='word_1_185' title='bbox 186 1697 305 1740; x_wconf 86' lang='lat' dir='ltr'>Sum.</span> <span class='ocrx_word' id='word_1_186' title='bbox 327 1698 383 1739; x_wconf 93' lang='lat' dir='ltr'>Et</span> <span class='ocrx_word' id='word_1_187' title='bbox 395 1692 604 1739; x_wconf 81' lang='lat' dir='ltr'>Dominus</span> <span class='ocrx_word' id='word_1_188' title='bbox 619 1696 845 1746; x_wconf 90' lang='lat' dir='ltr'>continuo,</span> <span class='ocrx_word' id='word_1_189' title='bbox 863 1695 964 1754; x_wconf 87' lang='lat' dir='ltr'>quia</span> <span class='ocrx_word' id='word_1_190' title='bbox 982 1710 1026 1739; x_wconf 91' lang='lat' dir='ltr'>se</span> <span class='ocrx_word' id='word_1_191' title='bbox 1042 1695 1217 1753; x_wconf 83' lang='lat' dir='ltr'>agnovit</span> <span class='ocrx_word' id='word_1_192' title='bbox 1238 1711 1389 1740; x_wconf 88' lang='lat' dir='ltr'>canem</span> <span class='ocrx_word' id='word_1_193' title='bbox 1410 1715 1418 1741; x_wconf 95' lang='lat'><strong>:</strong></span> 
     </span>
     <span class='ocr_line' id='line_1_22' title="bbox 4 1765 1418 1825; baseline 0 -16"><span class='ocrx_word' id='word_1_194' title='bbox 4 1784 7 1824; x_wconf 43' lang='grc' dir='ltr'><strong>ᾗ</strong></span> <span class='ocrx_word' id='word_1_195' title='bbox 40 1783 60 1808; x_wconf 73' lang='grc' dir='ltr'>(ι</span> <span class='ocrx_word' id='word_1_196' title='bbox 84 1767 121 1809; x_wconf 93' lang='lat' dir='ltr'>O</span> <span class='ocrx_word' id='word_1_197' title='bbox 143 1765 315 1820; x_wconf 88' lang='lat' dir='ltr'>mulier,</span> <span class='ocrx_word' id='word_1_198' title='bbox 337 1780 495 1824; x_wconf 83' lang='lat' dir='ltr'>magna</span> <span class='ocrx_word' id='word_1_199' title='bbox 516 1775 579 1810; x_wconf 90' lang='lat' dir='ltr'>est</span> <span class='ocrx_word' id='word_1_200' title='bbox 600 1766 707 1809; x_wconf 88' lang='lat' dir='ltr'>fides</span> <span class='ocrx_word' id='word_1_201' title='bbox 729 1775 803 1810; x_wconf 87' lang='lat' dir='ltr'>tua</span> <span class='ocrx_word' id='word_1_202' title='bbox 819 1800 830 1819; x_wconf 96' lang='lat'>,</span> <span class='ocrx_word' id='word_1_203' title='bbox 859 1766 933 1809; x_wconf 89' lang='lat' dir='ltr'>fiat</span> <span class='ocrx_word' id='word_1_204' title='bbox 956 1765 1036 1809; x_wconf 91' lang='lat' dir='ltr'>tibi</span> <span class='ocrx_word' id='word_1_205' title='bbox 1054 1766 1164 1810; x_wconf 90' lang='lat' dir='ltr'>sicut</span> <span class='ocrx_word' id='word_1_206' title='bbox 1186 1767 1372 1825; x_wconf 63' lang='lat' dir='ltr'>petistiss.</span> <span class='ocrx_word' id='word_1_207' title='bbox 1399 1787 1418 1809; x_wconf 87' lang='lat'>»</span> 
     </span>
     <span class='ocr_line' id='line_1_23' title="bbox 6 1825 1421 1905; baseline 0.001 -25"><span class='ocrx_word' id='word_1_208' title='bbox 6 1825 10 1905; x_wconf 61' lang='lat' dir='ltr'>l</span> <span class='ocrx_word' id='word_1_209' title='bbox 38 1838 102 1880; x_wconf 86' lang='lat' dir='ltr'>Tu</span> <span class='ocrx_word' id='word_1_210' title='bbox 123 1845 166 1880; x_wconf 88' lang='lat' dir='ltr'>te</span> <span class='ocrx_word' id='word_1_211' title='bbox 186 1837 401 1894; x_wconf 80' lang='lat' dir='ltr'>agnovisti</span> <span class='ocrx_word' id='word_1_212' title='bbox 423 1851 573 1897; x_wconf 84' lang='lat' dir='ltr'>canem</span> <span class='ocrx_word' id='word_1_213' title='bbox 589 1871 599 1889; x_wconf 91' lang='lat'>,</span> <span class='ocrx_word' id='word_1_214' title='bbox 620 1851 699 1893; x_wconf 87' lang='lat' dir='ltr'>ego</span> <span class='ocrx_word' id='word_1_215' title='bbox 712 1838 801 1896; x_wconf 90' lang='lat' dir='ltr'>jam</span> <span class='ocrx_word' id='word_1_216' title='bbox 819 1846 862 1880; x_wconf 89' lang='lat' dir='ltr'>te</span> <span class='ocrx_word' id='word_1_217' title='bbox 880 1852 1063 1893; x_wconf 79' lang='lat' dir='ltr'>agnosco</span> <span class='ocrx_word' id='word_1_218' title='bbox 1087 1837 1323 1881; x_wconf 85' lang='lat' dir='ltr'>hominem.</span> <span class='ocrx_word' id='word_1_219' title='bbox 1347 1857 1366 1879; x_wconf 92' lang='lat'>«</span> <span class='ocrx_word' id='word_1_220' title='bbox 1383 1840 1421 1882; x_wconf 94' lang='grc' dir='ltr'><strong>Ο</strong></span> 
     </span>
     <span class='ocr_line' id='line_1_24' title="bbox 8 1904 1417 1966; baseline 0.001 -16"><span class='ocrx_word' id='word_1_221' title='bbox 8 1910 11 1936; x_wconf 82' lang='lat'>&#39;¹</span> <span class='ocrx_word' id='word_1_222' title='bbox 39 1923 60 1949; x_wconf 86' lang='lat'>»</span> <span class='ocrx_word' id='word_1_223' title='bbox 84 1905 255 1960; x_wconf 89' lang='lat' dir='ltr'>mulier,</span> <span class='ocrx_word' id='word_1_224' title='bbox 278 1920 432 1963; x_wconf 87' lang='lat' dir='ltr'>magna</span> <span class='ocrx_word' id='word_1_225' title='bbox 454 1914 517 1949; x_wconf 90' lang='lat' dir='ltr'>est</span> <span class='ocrx_word' id='word_1_226' title='bbox 534 1904 639 1949; x_wconf 87' lang='lat' dir='ltr'>fides</span> <span class='ocrx_word' id='word_1_227' title='bbox 662 1914 758 1960; x_wconf 88' lang='lat' dir='ltr'>tua,</span> <span class='ocrx_word' id='word_1_228' title='bbox 775 1924 793 1946; x_wconf 76' lang='lat' dir='ltr'>n</span> <span class='ocrx_word' id='word_1_229' title='bbox 816 1906 976 1964; x_wconf 84' lang='lat' dir='ltr'>petisti,</span> <span class='ocrx_word' id='word_1_230' title='bbox 993 1906 1196 1965; x_wconf 86' lang='lat' dir='ltr'>quaesisti,</span> <span class='ocrx_word' id='word_1_231' title='bbox 1214 1906 1417 1966; x_wconf 89' lang='lat' dir='ltr'>pulsasti:</span> 
     </span>
     <span class='ocr_line' id='line_1_25' title="bbox 9 1941 1422 2039; baseline 0 -18"><span class='ocrx_word' id='word_1_232' title='bbox 9 1941 14 2039; x_wconf 70' lang='lat' dir='ltr'>l</span> <span class='ocrx_word' id='word_1_233' title='bbox 39 1976 207 2036; x_wconf 81' lang='lat' dir='ltr'>accipe,</span> <span class='ocrx_word' id='word_1_234' title='bbox 231 1975 378 2020; x_wconf 91' lang='lat' dir='ltr'>inveni</span> <span class='ocrx_word' id='word_1_235' title='bbox 394 2010 405 2030; x_wconf 88' lang='lat'>,</span> <span class='ocrx_word' id='word_1_236' title='bbox 430 1976 646 2034; x_wconf 86' lang='lat' dir='ltr'>aperiatur</span> <span class='ocrx_word' id='word_1_237' title='bbox 676 1975 771 2019; x_wconf 87' lang='lat' dir='ltr'>tibi.</span> <span class='ocrx_word' id='word_1_238' title='bbox 799 1974 976 2030; x_wconf 87' lang='lat' dir='ltr'>Videte,</span> <span class='ocrx_word' id='word_1_239' title='bbox 1002 1975 1177 2031; x_wconf 85' lang='lat' dir='ltr'>fratres,</span> <span class='ocrx_word' id='word_1_240' title='bbox 1208 1977 1422 2036; x_wconf 88' lang='lat' dir='ltr'>quemad-</span> 
     </span>
     <span class='ocr_line' id='line_1_26' title="bbox 12 2041 1421 2108; baseline 0 -17"><span class='ocrx_word' id='word_1_241' title='bbox 12 2041 16 2102; x_wconf 70' lang='grc' dir='ltr'><strong>ἱ</strong></span> <span class='ocrx_word' id='word_1_242' title='bbox 38 2047 216 2091; x_wconf 91' lang='lat' dir='ltr'>modum</span> <span class='ocrx_word' id='word_1_243' title='bbox 238 2047 284 2090; x_wconf 89' lang='lat' dir='ltr'>in</span> <span class='ocrx_word' id='word_1_244' title='bbox 305 2046 387 2090; x_wconf 90' lang='lat' dir='ltr'>hac</span> <span class='ocrx_word' id='word_1_245' title='bbox 403 2044 585 2089; x_wconf 90' lang='lat' dir='ltr'>muliere</span> <span class='ocrx_word' id='word_1_246' title='bbox 606 2061 705 2105; x_wconf 84' lang='lat' dir='ltr'>quae</span> <span class='ocrx_word' id='word_1_247' title='bbox 726 2046 973 2090; x_wconf 85' lang='lat' dir='ltr'>Chananaea</span> <span class='ocrx_word' id='word_1_248' title='bbox 1002 2055 1115 2100; x_wconf 87' lang='lat' dir='ltr'>erat,</span> <span class='ocrx_word' id='word_1_249' title='bbox 1139 2045 1184 2090; x_wconf 92' lang='lat' dir='ltr'>id</span> <span class='ocrx_word' id='word_1_250' title='bbox 1206 2056 1295 2102; x_wconf 85' lang='lat' dir='ltr'>est,</span> <span class='ocrx_word' id='word_1_251' title='bbox 1320 2063 1421 2108; x_wconf 83' lang='lat' dir='ltr'>quae</span> 
     </span>
     <span class='ocr_line' id='line_1_27' title="bbox 13 2103 1422 2192; baseline 0 -30"><span class='ocrx_word' id='word_1_252' title='bbox 13 2103 19 2192; x_wconf 49' lang='lat' dir='ltr'>l</span> <span class='ocrx_word' id='word_1_253' title='bbox 38 2118 92 2162; x_wconf 92' lang='lat' dir='ltr'>de</span> <span class='ocrx_word' id='word_1_254' title='bbox 116 2118 318 2177; x_wconf 87' lang='lat' dir='ltr'>gentibus</span> <span class='ocrx_word' id='word_1_255' title='bbox 335 2117 537 2161; x_wconf 89' lang='lat' dir='ltr'>veniebat</span> <span class='ocrx_word' id='word_1_256' title='bbox 553 2152 563 2171; x_wconf 89' lang='lat'>,</span> <span class='ocrx_word' id='word_1_257' title='bbox 586 2125 628 2160; x_wconf 91' lang='lat' dir='ltr'>et</span> <span class='ocrx_word' id='word_1_258' title='bbox 652 2125 825 2176; x_wconf 89' lang='lat' dir='ltr'>typum,</span> <span class='ocrx_word' id='word_1_259' title='bbox 852 2118 935 2161; x_wconf 92' lang='lat' dir='ltr'>hoc</span> <span class='ocrx_word' id='word_1_260' title='bbox 952 2126 1041 2171; x_wconf 91' lang='lat' dir='ltr'>est,</span> <span class='ocrx_word' id='word_1_261' title='bbox 1067 2117 1252 2176; x_wconf 82' lang='lat' dir='ltr'>figuram</span> <span class='ocrx_word' id='word_1_262' title='bbox 1275 2119 1422 2163; x_wconf 90' lang='lat' dir='ltr'>Eccle-</span> 
     </span>
     <span class='ocr_line' id='line_1_28' title="bbox 39 2187 1419 2247; baseline 0.001 -15"><span class='ocrx_word' id='word_1_263' title='bbox 39 2188 109 2232; x_wconf 83' lang='lat' dir='ltr'>siae</span> <span class='ocrx_word' id='word_1_264' title='bbox 132 2189 335 2247; x_wconf 84' lang='lat' dir='ltr'>gerebat,</span> <span class='ocrx_word' id='word_1_265' title='bbox 366 2188 550 2232; x_wconf 80' lang='lat' dir='ltr'>maxime</span> <span class='ocrx_word' id='word_1_266' title='bbox 571 2187 794 2232; x_wconf 88' lang='lat' dir='ltr'>humilitas</span> <span class='ocrx_word' id='word_1_267' title='bbox 819 2187 1124 2232; x_wconf 88' lang='lat' dir='ltr'>commendata</span> <span class='ocrx_word' id='word_1_268' title='bbox 1144 2198 1222 2233; x_wconf 91' lang='lat' dir='ltr'>est.</span> <span class='ocrx_word' id='word_1_269' title='bbox 1246 2190 1419 2234; x_wconf 88' lang='lat' dir='ltr'>Etenim</span> 
     </span>
     <span class='ocr_line' id='line_1_29' title="bbox 41 2257 1421 2318; baseline 0.001 -15"><span class='ocrx_word' id='word_1_270' title='bbox 41 2273 139 2317; x_wconf 85' lang='lat' dir='ltr'>gens</span> <span class='ocrx_word' id='word_1_271' title='bbox 161 2262 185 2304; x_wconf 88' lang='lat' dir='ltr'>J</span> <span class='ocrx_word' id='word_1_272' title='bbox 190 2258 332 2313; x_wconf 90' lang='lat' dir='ltr'>udaea,</span> <span class='ocrx_word' id='word_1_273' title='bbox 353 2268 402 2302; x_wconf 89' lang='lat' dir='ltr'>ut</span> <span class='ocrx_word' id='word_1_274' title='bbox 419 2258 473 2302; x_wconf 89' lang='lat' dir='ltr'>ab</span> <span class='ocrx_word' id='word_1_275' title='bbox 489 2257 723 2317; x_wconf 85' lang='lat' dir='ltr'>Evangelio</span> <span class='ocrx_word' id='word_1_276' title='bbox 737 2258 1034 2318; x_wconf 87' lang='lat' dir='ltr'>repelleretur,</span> <span class='ocrx_word' id='word_1_277' title='bbox 1051 2259 1251 2318; x_wconf 90' lang='lat' dir='ltr'>superbia</span> <span class='ocrx_word' id='word_1_278' title='bbox 1271 2260 1421 2305; x_wconf 88' lang='lat' dir='ltr'>inflata</span> 
     </span>
     <span class='ocr_line' id='line_1_30' title="bbox 42 2329 1422 2390; baseline 0.001 -16"><span class='ocrx_word' id='word_1_279' title='bbox 42 2339 103 2374; x_wconf 88' lang='lat' dir='ltr'>est</span> <span class='ocrx_word' id='word_1_280' title='bbox 119 2365 130 2385; x_wconf 83' lang='lat'>,</span> <span class='ocrx_word' id='word_1_281' title='bbox 154 2329 275 2390; x_wconf 92' lang='lat' dir='ltr'>quod</span> <span class='ocrx_word' id='word_1_282' title='bbox 299 2329 439 2388; x_wconf 83' lang='lat' dir='ltr'>legem</span> <span class='ocrx_word' id='word_1_283' title='bbox 463 2329 655 2388; x_wconf 87' lang='lat' dir='ltr'>accipere</span> <span class='ocrx_word' id='word_1_284' title='bbox 676 2330 901 2374; x_wconf 91' lang='lat' dir='ltr'>meruisset</span> <span class='ocrx_word' id='word_1_285' title='bbox 916 2365 926 2384; x_wconf 99' lang='lat'>,</span> <span class='ocrx_word' id='word_1_286' title='bbox 953 2331 1073 2390; x_wconf 86' lang='lat' dir='ltr'>quod</span> <span class='ocrx_word' id='word_1_287' title='bbox 1101 2329 1156 2374; x_wconf 91' lang='lat' dir='ltr'>de</span> <span class='ocrx_word' id='word_1_288' title='bbox 1182 2331 1272 2390; x_wconf 88' lang='lat' dir='ltr'>ipsa</span> <span class='ocrx_word' id='word_1_289' title='bbox 1293 2341 1422 2390; x_wconf 85' lang='lat' dir='ltr'>gente</span> 
     </span>
     <span class='ocr_line' id='line_1_31' title="bbox 44 2400 1424 2460; baseline 0.001 -16"><span class='ocrx_word' id='word_1_290' title='bbox 44 2400 299 2445; x_wconf 85' lang='lat' dir='ltr'>Patriarchae</span> <span class='ocrx_word' id='word_1_291' title='bbox 311 2400 618 2460; x_wconf 85' lang='lat' dir='ltr'>processerint,</span> <span class='ocrx_word' id='word_1_292' title='bbox 642 2401 872 2460; x_wconf 85' lang='lat' dir='ltr'>Prophetae</span> <span class='ocrx_word' id='word_1_293' title='bbox 892 2402 1134 2456; x_wconf 86' lang='lat' dir='ltr'>extiterint,</span> <span class='ocrx_word' id='word_1_294' title='bbox 1154 2404 1324 2459; x_wconf 84' lang='lat' dir='ltr'>Moyses</span> <span class='ocrx_word' id='word_1_295' title='bbox 1347 2404 1424 2447; x_wconf 91' lang='lat' dir='ltr'>Dei</span> 
     </span>
     <span class='ocr_line' id='line_1_32' title="bbox 24 2462 1422 2550; baseline 0.003 -37"><span class='ocrx_word' id='word_1_296' title='bbox 24 2462 185 2550; x_wconf 46' lang='lat' dir='ltr'>‘kservus</span> <span class='ocrx_word' id='word_1_297' title='bbox 213 2470 422 2515; x_wconf 87' lang='lat' dir='ltr'>miracula</span> <span class='ocrx_word' id='word_1_298' title='bbox 456 2485 633 2528; x_wconf 82' lang='lat' dir='ltr'>magna,</span> <span class='ocrx_word' id='word_1_299' title='bbox 670 2487 770 2531; x_wconf 85' lang='lat' dir='ltr'>quae</span> <span class='ocrx_word' id='word_1_300' title='bbox 800 2471 1043 2516; x_wconf 90' lang='lat' dir='ltr'>audivimus</span> <span class='ocrx_word' id='word_1_301' title='bbox 1077 2472 1121 2515; x_wconf 94' lang='lat' dir='ltr'>in</span> <span class='ocrx_word' id='word_1_302' title='bbox 1153 2472 1343 2527; x_wconf 87' lang='lat' dir='ltr'>Psalmo,</span> <span class='ocrx_word' id='word_1_303' title='bbox 1377 2475 1422 2518; x_wconf 90' lang='lat' dir='ltr'>in</span> 
     </span>
     <span class='ocr_line' id='line_1_33' title="bbox 26 2541 1421 2607; baseline 0.002 -23"><span class='ocrx_word' id='word_1_304' title='bbox 26 2543 232 2607; x_wconf 44' lang='lat' dir='ltr'>QAEgypto</span> <span class='ocrx_word' id='word_1_305' title='bbox 255 2541 420 2595; x_wconf 84' lang='lat' dir='ltr'>fecerit,</span> <span class='ocrx_word' id='word_1_306' title='bbox 438 2556 514 2600; x_wconf 87' lang='lat' dir='ltr'>per</span> <span class='ocrx_word' id='word_1_307' title='bbox 534 2557 650 2585; x_wconf 89' lang='lat' dir='ltr'>mare</span> <span class='ocrx_word' id='word_1_308' title='bbox 668 2543 867 2585; x_wconf 89' lang='lat' dir='ltr'>Rubrum</span> <span class='ocrx_word' id='word_1_309' title='bbox 890 2543 1011 2602; x_wconf 83' lang='lat' dir='ltr'>aquis</span> <span class='ocrx_word' id='word_1_310' title='bbox 1029 2542 1330 2587; x_wconf 80' lang='lat' dir='ltr'>recedentibus</span> <span class='ocrx_word' id='word_1_311' title='bbox 1346 2560 1421 2602; x_wconf 68' lang='grc' dir='ltr'>ρο-</span> 
     </span>
     <span class='ocr_line' id='line_1_34' title="bbox 29 2610 915 2668; baseline 0.002 -12"><span class='ocrx_word' id='word_1_312' title='bbox 29 2610 33 2663; x_wconf 75' lang='grc' dir='ltr'>ὶ</span> <span class='ocrx_word' id='word_1_313' title='bbox 90 2633 98 2648; x_wconf 81' lang='grc' dir='ltr'>ι</span> <span class='ocrx_word' id='word_1_314' title='bbox 120 2627 237 2659; x_wconf 49' lang='lat' dir='ltr'>Matri„</span> <span class='ocrx_word' id='word_1_315' title='bbox 258 2638 311 2667; x_wconf 76' lang='lat' dir='ltr'>xv,</span> <span class='ocrx_word' id='word_1_316' title='bbox 327 2627 381 2659; x_wconf 76' lang='lat'>26.</span> <span class='ocrx_word' id='word_1_317' title='bbox 403 2644 442 2649; x_wconf 87' lang='lat'>-</span> <span class='ocrx_word' id='word_1_318' title='bbox 465 2633 476 2648; x_wconf 78' lang='lat'><strong>2</strong></span> <span class='ocrx_word' id='word_1_319' title='bbox 498 2626 577 2658; x_wconf 60' lang='lat' dir='ltr'>nna.</span> <span class='ocrx_word' id='word_1_320' title='bbox 598 2635 651 2668; x_wconf 78' lang='lat'>27.</span> <span class='ocrx_word' id='word_1_321' title='bbox 669 2644 709 2649; x_wconf 84' lang='lat'>—</span> <span class='ocrx_word' id='word_1_322' title='bbox 730 2625 742 2649; x_wconf 73' lang='lat'>³</span> <span class='ocrx_word' id='word_1_323' title='bbox 766 2626 843 2658; x_wconf 77' lang='lat' dir='ltr'>ibid.</span> <span class='ocrx_word' id='word_1_324' title='bbox 863 2629 915 2658; x_wconf 75' lang='lat'>¹28.</span> 
     </span>
    </p>
   </div>
   <div class='ocr_carea' id='block_1_3' title="bbox 31 2672 44 3040">
    <p class='ocr_par' dir='ltr' id='par_1_3' title="bbox 31 2672 44 3040">
     <span class='ocr_line' id='line_1_35' title="bbox 31 2672 34 2723; baseline 0 0"><span class='ocrx_word' id='word_1_325' title='bbox 31 2672 34 2723; x_wconf 73' lang='grc' dir='ltr'>ἰ</span> 
     </span>
     <span class='ocr_line' id='line_1_36' title="bbox 33 2731 35 2765; baseline 0 0"><span class='ocrx_word' id='word_1_326' title='bbox 33 2731 35 2765; x_wconf 69' lang='grc' dir='ltr'>ἰ</span> 
     </span>
     <span class='ocr_line' id='line_1_37' title="bbox 33 2767 37 2819; baseline 0 0"><span class='ocrx_word' id='word_1_327' title='bbox 33 2767 37 2819; x_wconf 71' lang='lat' dir='ltr'>l</span> 
     </span>
     <span class='ocr_line' id='line_1_38' title="bbox 36 2824 40 2916; baseline 0 -80"><span class='ocrx_word' id='word_1_328' title='bbox 36 2824 40 2916; x_wconf 44' lang='grc' dir='ltr'>ἰ</span> 
     </span>
     <span class='ocr_line' id='line_1_39' title="bbox 38 2944 42 2984; baseline 0 0"><span class='ocrx_word' id='word_1_329' title='bbox 38 2944 42 2984; x_wconf 82' lang='lat'>¹.</span> 
     </span>
     <span class='ocr_line' id='line_1_40' title="bbox 40 2986 44 3040; baseline 0 0"><span class='ocrx_word' id='word_1_330' title='bbox 40 2986 44 3040; x_wconf 81' lang='grc' dir='ltr'><strong>ἴ</strong></span> 
     </span>
    </p>
   </div>
  </div>
 </body>
</html>
