1898 3178
438 174 518 211 518
867 183 900 208 s.
936 180 1166 209 Aucusnm
1197 181 1377 208 Emscom

438 245 623 290 amando
647 255 774 302 negat
793 260 836 287 se
850 258 1019 302 ipsum
1006 245 1024 271 ‘²
1048 244 1091 288 Si
1109 243 1222 287 enim
1244 244 1356 303 perit
1376 244 1508 288 homo
1539 243 1725 288 amando
1747 258 1836 314 se,
1876 256 1898 286 π

438 316 634 376 profecto
652 314 872 358 invenitur
893 311 1093 371 negando
1113 328 1172 356 se.

497 388 557 429 ΙΙ
581 384 723 428 Piima
750 382 938 427 hominis
969 382 1182 441 perditio,
1207 381 1291 426 fuit
1313 397 1433 427 amor
1463 383 1542 426 sui.
1571 382 1614 426 Si
1635 382 1750 425 enim
1772 397 1816 426 se
1843 383 1846 385 ’

436 470 525 499 non
554 461 740 507 amaret,
765 461 809 496 et
830 455 967 496 Deum
990 451 1071 495 sibi
1101 461 1396 512 praeponeret,
1424 455 1513 496 Deo
1536 467 1626 495 esse
1648 467 1817 511 semper
1843 487 1846 490 .

437 526 637 571 subditus
658 523 790 569 vellet
807 539 921 568 :non
939 533 1084 568 autem
1098 532 1424 568 converteretur
1437 521 1492 566 ad
1511 520 1817 580 negligendam

435 594 706 639 voluntatem
740 593 855 637 illius
872 628 883 648 ,
909 602 953 637 et
977 592 1220 637 faciendam
1245 592 1516 636 voluntatem
1548 606 1686 635 suam.
1724 593 1817 636 Hoc

436 674 499 709 est
520 666 636 708 enim
668 679 810 707 amare
837 678 882 707 se
897 698 907 715 ‚
931 662 1042 708 velle
1063 663 1204 708 facere
1225 662 1498 707 voluntatem
1535 677 1672 706 suam.
1698 665 1816 706 Prae-

436 750 550 794 pone
571 735 636 778 his
664 733 934 778 voluntatem
954 733 1031 777 Dei
1057 752 1066 778 :
1093 733 1209 777 disce
1243 747 1388 776 amare
1414 740 1480 786 te,
1513 746 1603 775 non
1630 731 1816 776 amando

436 814 493 848 te.
517 806 627 849 Nam
649 813 699 847 ut
723 804 862 848 sciatis
897 803 1052 847 vitium
1083 818 1173 846 esse
1213 818 1258 846 se
1281 817 1454 856 amare,
1494 801 1554 845 sic
1586 800 1818 860 Apostolus

437 874 542 918 dicit
565 894 572 918 :
595 893 616 915 «
631 876 772 918 Erunt
789 874 904 917 enim
926 873 1123 917 homines
1143 887 1186 916 se
1203 873 1316 931 ipsos
1330 874 1562 916 amantes¹.
1584 873 1674 914 »Et
1690 886 1818 914 num-

436 942 543 1003 quid
564 944 640 1002 qui
662 953 776 987 amat
808 958 874 997 se,
909 941 1006 986 fidit
1041 943 1086 985 in
1107 944 1181 986 se?
1205 942 1363 1000 Incipit
1393 941 1509 985 enim
1537 940 1707 984 deserto
1729 943 1819 985 Deo

436 1028 580 1057 amare
601 1028 644 1057 se
658 1048 669 1068 ‚
687 1023 731 1057 et
748 1012 802 1056 ad
820 1028 868 1056 ea
884 1011 1103 1070 diligenda
1123 1028 1223 1071 quae
1242 1021 1344 1058 sunt
1364 1020 1483 1058 extra
1505 1026 1576 1065 se,
1596 1009 1773 1069 pellitur
1795 1025 1833 1055 a¹

435 1097 480 1126 se
506 1101 515 1126 :
535 1097 674 1141 usque
697 1081 805 1126 adeo
835 1091 885 1125 ut
907 1096 1009 1128 cum
1031 1080 1204 1127 dixisset
1220 1080 1335 1128 idem
1358 1079 1592 1140 Apostolus
1611 1098 1619 1124 :
1650 1080 1820 1124 «Erunt

439 1171 460 1194 »
480 1154 678 1197 homines
689 1168 732 1197 se
746 1153 859 1212 ipsos
871 1162 1081 1207 amantes,
1090 1170 1109 1193 »
1125 1153 1335 1200 continuo
1347 1152 1600 1211 subjiceret:
1616 1153 1819 1196 «Amato-

438 1241 459 1264 »
484 1238 550 1267 res
561 1224 774 1282 pecuniae.
800 1241 819 1264 »
838 1225 862 1266 J
866 1238 931 1266 am
943 1222 1062 1267 vides
1074 1223 1175 1282 quia
1192 1221 1295 1268 soris
1310 1237 1368 1266 es.
1382 1224 1540 1265 Amare
1562 1230 1604 1264 te
1618 1220 1788 1279 coepisti
1807 1239 1816 1264 :

435 1301 498 1336 sta
519 1293 565 1336 in
589 1302 654 1347 te,
674 1294 708 1341 si
730 1301 868 1352 potes.
894 1291 1013 1347 Quid
1030 1293 1063 1335 is
1080 1291 1227 1335 foras?
1247 1290 1473 1350 Numquid
1493 1290 1678 1348 pecunia
1702 1288 1820 1333 dives

434 1360 574 1406 factus
596 1377 640 1405 es
658 1371 823 1407 amator
840 1361 1038 1420 pecuniae
1053 1362 1070 1401 ?
1086 1360 1268 1419 Coepisti
1289 1359 1468 1417 diligere
1484 1358 1604 1419 quod
1618 1367 1682 1402 est
1702 1367 1819 1403 extra

436 1440 480 1476 te
495 1465 506 1485 ‚
532 1430 755 1489 perdidisti
776 1439 832 1474 te.
865 1432 975 1477 Cum
999 1444 1099 1487 ergo
1128 1430 1270 1489 pergit
1293 1444 1413 1473 amor
1438 1429 1626 1473 hominis
1648 1429 1778 1473 etiam
1795 1444 1818 1480 a

432 1515 476 1544 se
497 1501 589 1559 ipso
611 1499 667 1544 ad
688 1516 736 1543 ea
762 1515 861 1560 quae
894 1499 997 1543 foris
1019 1508 1143 1551 sunt,
1183 1500 1334 1558 incipit
1356 1514 1457 1543 cum
1484 1500 1606 1543 vanis
1638 1514 1817 1544 evanes-

431 1584 554 1624 cere,
579 1578 622 1613 et
641 1569 751 1613 vires
775 1585 871 1619 suas
891 1567 1082 1628 quodam
1103 1567 1235 1616 modo
1269 1569 1476 1627 prodigus
1500 1583 1691 1627 erogare.
1718 1569 1817 1613 Exi-

430 1639 606 1682 nanitur
622 1673 633 1693 ‚
669 1638 933 1691 effunditur,
967 1638 1092 1696 inops
1130 1636 1328 1681 redditur
1347 1672 1358 1692 ,
1394 1652 1548 1696 porcos
1573 1637 1712 1696 pascit
1739 1656 1749 1684 :
1774 1646 1816 1682 et

429 1707 630 1752 laborans
651 1708 696 1752 in
717 1707 913 1766 pastione
946 1721 1179 1767 porcorum
1197 1741 1207 1761 ‚
1233 1706 1470 1767 aliquando
1501 1706 1754 1753 recordatur
1774 1716 1817 1755 et

429 1777 534 1821 dicit
560 1796 569 1821 :
599 1796 618 1818 «
639 1777 799 1830 Quanti
820 1775 1075 1826 mercenarii
1096 1776 1228 1834 patris
1249 1776 1335 1821 mei
1353 1791 1512 1834 panem
1529 1775 1811 1837 manducant,

431 1864 451 1887 »
487 1856 528 1891 et
551 1862 630 1906 ego
655 1847 770 1894 fame
795 1846 866 1898 hic
889 1847 1082 1905 pere02?
1118 1844 1202 1890 Sed
1229 1845 1313 1891 hoc
1341 1844 1518 1905 quando
1546 1845 1684 1901 dicit,
1707 1845 1814 1906 quid

426 1927 650 1964 narratum
672 1926 736 1960 est
757 1916 812 1960 de
829 1917 922 1976 ipso
944 1915 1035 1962 filio
1059 1915 1135 1979 qui
1156 1915 1304 1967 omnia
1321 1915 1480 1959 effudit
1510 1916 1555 1960 in
1574 1915 1812 1960 meretrici-

425 1987 506 2030 bus
527 2021 539 2041 ,
575 1987 651 2046 qui
673 1986 836 2039 habere
857 1985 998 2031 voluit
1015 1985 1060 2037 in
1093 1993 1306 2047 potestate
1343 2000 1442 2044 quae
1468 1984 1580 2028 bene
1612 1983 1674 2030 illi
1696 1983 1813 2045 apud
1840 1991 1844 2011 ²

424 2066 590 2116 patrem
623 2057 933 2106 servabantur3
965 2054 1128 2102 hahere
1158 2053 1231 2101 illa
1266 2053 1435 2101 voluit
1424 2069 1470 2103 in
1497 2052 1676 2101 arbitrio
1707 2069 1808 2117 suo,
1874 2072 1898 2116 [it

424 2126 582 2170 effudit
603 2141 677 2180 ea,
705 2125 848 2172 factus
863 2133 927 2168 est
947 2125 1105 2189 inops:
1127 2121 1235 2188 quid
1251 2122 1306 2167 de
1318 2122 1394 2169 illo
1411 2123 1596 2169 dicitur.
1583 2125 1601 2152 ‘²
1616 2142 1637 2166 «
1662 2126 1720 2171 Et
1740 2139 1809 2172 re·-

1856 2156 1897 2196 ΕΗ

425 2215 444 2238 »
465 2212 613 2240 versus
630 2195 685 2242 ad
699 2196 995 2254 semetipsum
1010 2194 1082 2243 »Si
1100 2208 1293 2241 reversus
1309 2203 1373 2237 est
1385 2193 1436 2240 ad
1452 2209 1511 2248 se,
1530 2194 1692 2239 exierat
1708 2210 1732 2239 a
1745 2208 1805 2246 se,
1841 2177 1862 2243 {i
1855 2213 1898 2256 ,ΒΕ

420 2268 531 2320 Quia
562 2266 777 2316 ceciderat
799 2282 821 2310 a
853 2281 924 2320 se,
955 2274 998 2311 et
1030 2273 1191 2319 eruerat
1212 2281 1233 2309 a
1261 2280 1328 2319 se,
1368 2263 1480 2308 redit
1502 2264 1619 2327 prius
1649 2263 1705 2308 ad
1739 2279 1805 2325 se,
1841 2250 1862 2319 Ι·
1858 2295 1898 2326 ,Ἤ

418 2344 467 2379 ut
489 2336 668 2380 redeat
658 2351 705 2381 ln
726 2334 802 2379 illo
823 2333 940 2385 unde
967 2333 1179 2386 ceciderat
1201 2349 1225 2382 a
1245 2348 1303 2380 se.
1333 2333 1451 2385 Sicut
1473 2333 1589 2378 enim
1610 2330 1845 2384 cadendo

416 2419 438 2446 a
455 2420 520 2459 se,
547 2405 750 2453 remansit
765 2404 811 2451 in
825 2419 868 2451 se
886 2423 895 2448 :
917 2404 975 2453 sic
998 2402 1224 2451 redeundo
1247 2402 1302 2448 ad
1319 2418 1380 2458 se,
1401 2417 1492 2448 non
1507 2402 1642 2449 debet
1661 2417 1803 2453 rema÷

482 2489 600 2520 12Tll'ss-
626 2501 670 2528 iu,
693 2498 725 2520 2.
746 2505 787 2511 —
809 2495 821 2511 ²
838 2490 916 2520 Luc.
938 2497 997 2527 xv,
1026 2497 1077 2527 17.

1842 2362 1898 2396 {oe

1842 2452 1846 2514 Ι
1876 2422 1898 2467 ssa
