1898 3178
12 179 17 310 ι
344 226 483 254 sEfiMo
515 222 643 263 inv‚
680 225 732 251 DE
768 222 910 252 vannis
943 222 1106 251 ΜΑΉἨ.
1147 223 1187 249 x.
1374 211 1455 248 2523

0 375 19 447 >l
81 399 468 416 mmmmmm
471 395 1460 415 WWWWWWWWMNWUMWWWWWVVVWWMW

0 454 21 540 *l
609 475 612 477 ’

0 524 3 587 ζ
531 524 761 572 SERMO
806 525 959 572 LXIV
980 524 1009 570 ¹.

0 602 3 662 ἰ

1 687 5 733 i
79 687 141 728 De
162 684 304 729 verbis
320 683 548 744 Evangelii
564 685 722 729 Matth.
742 699 797 728 x:
823 682 956 729 Ecce
978 698 1066 745 ego
1088 684 1223 728 rr‘ic'tto
1245 698 1328 728 vos
1344 684 1463 728 sicat

371 770 479 801 oves
502 757 551 800 in
573 754 731 801 medio
752 754 1001 815 luporum,
1026 764 1115 800 etc.

382 915 556 956 Habitus
575 916 615 955 in
637 914 887 957 solemnitate
903 916 1141 968 Martyrum.

4 1103 7 1109 .
25 1101 29 1133 1
138 1069 170 1109 1.
197 1069 398 1112 Aumsrrs
415 1103 426 1122 ,
446 1068 601 1112 fratres
616 1103 626 1123 ‚
652 1083 755 1112 eum
775 1077 975 1113 sanctum
996 1066 1285 1126 Evangelium
1309 1066 1465 1125 legere-

78 1146 148 1182 tur
165 1173 176 1192 ‚
208 1138 584 1198 quemadmodum
610 1141 821 1185 Dominus
842 1148 988 1185 noster
1009 1141 1133 1184 Jesus
1157 1139 1353 1183 Christus
1376 1137 1465 1182 dis-

76 1207 236 1268 ciplina
257 1224 333 1252 sua
362 1212 574 1267 Martyres
597 1225 696 1254 suos
723 1209 1070 1254 corroboraverit
1103 1209 1251 1254 dicens
1275 1228 1283 1254 z
1314 1228 1334 1251 «
1353 1211 1467 1253 Ecce

79 1297 99 1319 »
134 1294 215 1337 ego
245 1280 372 1323 mitto
389 1295 464 1324 vos
487 1280 599 1324 sicut
626 1296 725 1324 oves
746 1281 792 1324 in
813 1281 958 1325 medio
980 1280 1186 1339 luporum
1203 1284 1235 1323 ².
1269 1298 1287 1321 »
1313 1280 1467 1324 Consi-

6 1376 8 1381 *
29 1365 33 1398 ι
78 1350 241 1404 dae-rate,
262 1349 415 1395 fratres
436 1351 548 1406 mei,
573 1351 682 1411 quid
703 1350 847 1396 faciat.
877 1352 920 1397 Si
942 1367 1056 1395 unus
1072 1351 1202 1411 lupus
1220 1351 1332 1395 inter
1353 1351 1469 1395 mul-

8 1441 10 1465 ι
76 1430 139 1465 tas
154 1437 254 1466 oves
267 1422 427 1477 veniat,
448 1432 806 1483 quantacumque
820 1424 906 1468 sint
920 1424 1068 1468 ovium
1087 1422 1238 1478 millia,
1258 1439 1348 1468 uno
1363 1421 1467 1482 lupo

9 1513 10 1528 2
75 1492 121 1535 in
142 1491 285 1537 medio
308 1493 631 1538 turbabuntur:
650 1503 695 1539 et
715 1494 747 1538 si
771 1509 861 1538 non
883 1509 1032 1539 omnes
1054 1493 1292 1549 laniantur,
1317 1509 1468 1538 omnes

77 1570 222 1606 tamen
242 1571 476 1608 terrentur.
498 1562 648 1617 Qualis
670 1579 774 1623 ergo
797 1573 889 1608 erat
910 1565 991 1609 ista
1015 1565 1126 1608 ratio
1146 1599 1156 1619 ,
1182 1564 1312 1624 quale
1331 1564 1470 1608 consi-

76 1630 185 1675 lium
202 1667 212 1687 ‚
238 1632 378 1693 qualis
399 1642 589 1692 potestas
610 1669 621 1688 ‚
647 1649 728 1678 nec
751 1633 908 1692 lupum
928 1633 982 1677 ad
1005 1649 1104 1678 oves
1127 1632 1372 1687 admittere,
1393 1633 1469 1677 sed

76 1701 121 1745 in
142 1702 268 1761 lupos
291 1718 391 1748 oves
413 1704 611 1748 mittere?
637 1723 657 1745 «
682 1703 811 1748 Mitto
829 1739 839 1759 ,
860 1704 1006 1764 inquit
1027 1739 1037 1759 ,
1070 1719 1144 1748 vos
1166 1703 1279 1748 sicut
1301 1718 1400 1748 oves
1422 1703 1468 1747 in

0 1780 3 1796 l
35 1783 39 1808 ὸ
79 1789 99 1813 »
134 1772 277 1817 medio
308 1773 513 1832 luporum
538 1793 546 1818 :
582 1793 599 1814 »
626 1788 718 1818 non
739 1773 796 1817 ad
823 1772 982 1818 limites
1010 1773 1216 1834 luporum
1233 1809 1244 1829 ,
1270 1773 1347 1818 sed
1370 1793 1390 1816 «
1416 1777 1468 1817 In

0 1832 16 1888 ¹,
79 1860 99 1883 »
134 1842 279 1887 medio
310 1843 533 1902 luporum.
562 1862 582 1885 »
619 1846 725 1887 Erat
761 1859 864 1901 ergo
902 1843 1110 1902 luporum
1145 1859 1300 1900 agmen
1315 1879 1330 1899 ,
1366 1859 1467 1888 oves

77 1926 241 1971 paucae.
258 1914 373 1957 Cum
389 1913 506 1957 enim
527 1912 655 1956 multi
668 1911 762 1971 lupi
776 1912 1027 1956 occiderent
1048 1927 1207 1972 paucas
1229 1928 1346 1968 oves,
1366 1928 1469 1959 con-

77 1984 188 2028 versi
205 1993 307 2029 sunt
323 1982 446 2043 lupi,
471 1992 515 2028 et
529 1981 632 2027 faeti
655 1992 756 2027 sunt
779 1998 893 2029 oveS.

138 2057 197 2098 ΙΙ.
231 2055 469 2099 Audiamus
497 2069 598 2113 ergo
628 2054 738 2114 quid
759 2055 931 2100 monuit
952 2057 1037 2112 (3),
1063 2055 1139 2115 qui
1161 2071 1342 2101 coronas
1364 2071 1470 2115 pro-

81 2125 219 2179 misit,
251 2134 294 2169 et
319 2140 501 2183 agonem
530 2125 766 2184 praemisit,
800 2135 844 2169 et
874 2126 949 2186 qui
972 2128 1196 2185 expectat³
1223 2135 1437 2172 certantes
1457 2163 1468 2183 ,

83 2195 257 2255 adjuvat
275 2194 537 2240 laborantes.
552 2196 808 2255 Cujusmodi
824 2206 1046 2241 certamen
1068 2196 1224 2241 indixit
1241 2199 1290 2240 ‘?«
1302 2199 1469 2253 Estote,

87 2283 108 2307 »
142 2266 286 2326 inquit
303 2301 314 2320 ,
346 2267 476 2310 astuti
504 2275 554 2310 ut
574 2277 796 2325 serpentes
813 2302 824 2321 ‚
861 2276 903 2311 et
925 2267 1137 2326 simplices
1159 2268 1270 2311 sieut
1303 2267 1472 2312 colum-

87 2352 109 2376 »
144 2336 212 2379 bae
228 2337 259 2378 4.
284 2354 304 2376 »
332 2339 425 2380 Hoc
446 2335 523 2395 qui
551 2335 812 2380 intellexerit
834 2346 877 2381 et
904 2338 1116 2392 tenuerit,
1137 2353 1311 2382 securus
1334 2339 1470 2383 mori-

86 2415 157 2451 tur
173 2442 185 2463 ,
206 2406 307 2466 quia
327 2422 418 2451 non
439 2406 662 2450 morietur.
684 2409 821 2453 Nemo
845 2408 960 2452 enirn
984 2407 1112 2452 debet
1129 2424 1305 2453 securus
1328 2410 1439 2454 mori
1457 2445 1468 2464 ,

6 1158 10 1181 ι

5 1224 9 1252 ¹
18 1256 20 1260 .

135 2510 144 2527 ¹
170 2505 252 2536 Alias
270 2505 310 2536 de
324 2503 458 2537 Diversis
482 2515 554 2547 ¹19·
576 2521 617 2528 —
639 2511 651 2527 ²
673 2505 788 2537 Matth.
805 2516 837 2546 x,
862 2506 911 2537 16.
934 2523 974 2528 —
997 2503 1176 2547 ³Expeetat
1192 2519 1256 2549 pro
1272 2512 1407 2549 spectat.
1430 2524 1470 2530 -

90 2558 106 2589 4
126 2560 246 2592 Matth.
266 2572 299 2601 x,
319 2563 368 2593 ¹6.
