1898 3178
373 247 513 277 sEnMo
546 249 674 287 xcm,
710 251 764 277 m:
796 249 942 278 vEnms
974 252 1138 278 MATTH.
1173 251 1270 278 xxv.
1425 241 1507 280 503

127 331 148 355 »
171 314 451 358 Dormierunt
469 329 572 372 ergo
596 329 764 359 omncs:
790 334 809 356 »
828 325 869 359 et
885 315 940 359 dc
956 316 1038 360 illis
1056 317 1344 376 prudentibus
1359 351 1369 371 ,
1395 316 1509 361 etde

123 383 205 428 illis
227 384 358 428 fatuis
383 399 531 429 omnes
553 384 839 429 dormierunt.

182 457 302 499 VIII.
333 473 349 494 «
368 457 480 499 Ecce
495 454 638 498 media
657 465 786 499 uocte
809 455 973 501 clamor
992 456 1134 502 factus
1157 465 1234 501 est.
1256 475 1276 499 »
1294 456 1410 510 Quid
1428 467 1507 513 est,

126 543 147 567 «
169 523 311 568 media
331 526 490 569 nocte?
515 543 534 565 »
556 525 745 578 Quando
767 541 857 570 non
880 535 1094 585 speratur,
1119 527 1297 587 quando
1329 528 1510 572 omnino

121 612 211 641 non
227 595 434 641 creditur.
456 598 638 641 Noctem
655 597 801 656 posuit
814 612 893 656 pro
905 598 1165 657 ignorantia.
1196 599 1366 659 Aliquis
1387 600 1510 659 quasi

120 675 347 726 computat
374 666 455 710 sibi
479 680 489 707 τ
514 669 627 710 Ecce
657 666 712 710 ab
733 665 872 710 Adam
907 676 974 712 tot
1003 668 1105 712 anni
1140 668 1432 724 transierunt,
1465 678 1510 713 et

121 751 222 782 ecce
242 736 520 796 complentur
548 751 620 781 sex
641 735 775 781 millia
799 752 1038 793 annorum,
1071 747 1114 782 et
1136 738 1347 784 continuo
1362 774 1374 794 ,
1398 755 1512 799 quo-

119 807 252 852 modo
271 807 450 867 quidam
466 816 717 852 tractatores
733 817 1117 868 computaverunt,
1135 810 1348 854 continuo
1365 811 1512 855 veniet

119 878 210 922 dies
227 878 407 938 judicii:
435 887 478 922 et
508 879 711 933 veniunt,
743 888 787 923 et
814 888 1040 925 transeunt
1065 881 1436 939 computationes,
1468 890 1511 925 et

118 949 262 993 adhuc
284 958 527 993 remoratur
555 949 701 1008 sponsi
735 949 970 1005 adventus,
1001 959 1044 994 et
1073 949 1299 994 dormiunt
1324 951 1511 1009 virgines

117 1034 217 1079 quae
242 1019 414 1064 obviam
432 1020 586 1063 ierant.
615 1022 671 1063 Et
689 1035 788 1064 ecce
805 1019 912 1063 dum
934 1035 1024 1064 non
1040 1029 1252 1079 speratur,
1278 1019 1385 1064 dum
1407 1020 1511 1065 dici-

117 1097 190 1133 tur
221 1109 230 1132 2
263 1094 344 1133 Sex
374 1089 510 1133 millia
538 1105 754 1134 annorum
784 1090 1149 1150 expectabantur,
1187 1099 1230 1134 et
1259 1105 1358 1134 ecce
1393 1100 1510 1135 tran-

117 1160 305 1215 sierunt,
343 1160 458 1204 uude
486 1161 643 1205 scimus
675 1162 766 1221 jam
797 1161 976 1221 quando
1003 1161 1179 1206 veniet?
1206 1161 1351 1207 Media
1379 1171 1509 1206 nocte

116 1232 276 1275 veniet.
318 1231 435 1284 Quid
471 1241 555 1287 est,
580 1231 725 1276 Media
754 1242 883 1277 nocte
904 1233 1080 1277 veniet?
1105 1235 1218 1276 Dum
1241 1232 1378 1276 nescis
1394 1267 1405 1288 ‚
1430 1248 1509 1277 ve-

115 1301 220 1344 niet.
249 1303 392 1352 Quare
422 1300 529 1343 dum
552 1302 711 1355 nescis,
740 1303 913 1346 veniet?
940 1305 1089 1362 Ipsum
1113 1303 1348 1347 Dominum
1379 1302 1505 1348 audi:

121 1389 141 1413 «
165 1373 263 1416 Non
281 1380 344 1415 est
362 1379 557 1414 vestrum
579 1372 686 1414 scire
704 1380 917 1430 tempora,
945 1389 1044 1432 quae
1062 1377 1187 1416 Pater
1204 1374 1349 1431 posuit
1370 1373 1416 1416 in
1432 1388 1510 1417 sua

120 1459 141 1483 »
167 1443 422 1500 potestate1.
444 1441 540 1485 Dies
562 1441 759 1496 Domini,
783 1442 841 1485 ait
858 1441 1092 1500 Apostolus
1108 1477 1120 1497 ,
1142 1452 1353 1502 tanquam
1372 1441 1444 1486 fur
1462 1444 1508 1488 in

119 1529 140 1553 »
167 1521 322 1566 nocte,
353 1511 413 1555 ita
443 1511 630 1555 veniet2.
660 1529 680 1551 »
707 1513 823 1570 Ergo
845 1511 975 1570 vigila
997 1521 1152 1567 nocte,
1183 1527 1240 1556 ne
1261 1511 1403 1556 furem
1430 1528 1509 1572 pa-

116 1583 250 1628 tiaris.
276 1584 384 1627 Nam
402 1596 581 1626 somnus
598 1582 748 1625 mortis
761 1616 772 1636 ‚
792 1581 898 1627 velis
920 1582 1031 1627 nolis
1044 1618 1056 1638 ‚
1080 1583 1239 1628 veniet.

174 1655 253 1697 IX.
283 1651 368 1697 Sed
396 1667 498 1696 curn
527 1650 667 1695 factus
699 1650 830 1695 fuerit
863 1651 1027 1696 clamor
1055 1651 1199 1696 media
1225 1662 1370 1697 nocte.
1403 1654 1508 1706 Quis

115 1724 195 1768 iste
216 1723 394 1777 clamor,
421 1722 502 1765 nisi
529 1721 583 1765 de
605 1737 693 1781 quo
712 1720 946 1780 Apostolus
967 1721 1073 1765 dicit
1094 1737 1102 1762 ε
1129 1740 1149 1763 «
1176 1724 1228 1765 In
1250 1722 1341 1766 ictu
1363 1722 1504 1779 oculi,

118 1802 140 1836 5)
165 1794 211 1837 in
232 1793 461 1838 novissima
479 1793 636 1836 tuba3?
658 1810 675 1833 »
694 1794 832 1837 canet
851 1791 967 1835 enim
981 1792 1087 1837 tuba
1100 1827 1110 1847 ‚
1132 1801 1175 1836 et
1191 1793 1353 1837 mortui
1368 1808 1507 1838 resur-

117 1873 221 1924 gent
241 1864 508 1923 incorrupti,
547 1872 591 1907 et
613 1878 691 1908 nos
713 1862 1064 1908 immutabimur.
1092 1863 1289 1923 Denique
1318 1862 1506 1910 clamore

115 1935 233 1979 facto
255 1933 398 1978 media
433 1943 561 1978 nocte
577 1969 587 1989 ‚
616 1949 704 1993 quo
733 1933 995 1978 clamabitur
1017 1949 1026 1975 t
1055 1952 1076 1976 «
1098 1936 1210 1978 Ecce
1231 1949 1413 1993 sponsus
1431 1951 1508 1980 ve-

119 2022 140 2046 »
164 2005 230 2048 nit
246 2038 257 2058 ,
287 2023 305 2045 »
331 2004 438 2063 quid
459 2004 685 2062 sequitur?
710 2023 730 2045 «
751 2008 1040 2048 Surrexerunt
1055 2019 1221 2048 omnes.
1237 2021 1257 2045 »
1283 2004 1401 2057 Quid
1413 2015 1502 2051 est:

120 2094 142 2117 «
169 2077 459 2120 Surrexerunt
483 2089 632 2119 omnes
648 2077 665 2118 Ρ
684 2076 838 2119 Veniet
862 2076 968 2120 hora
985 2111 996 2131 ,
1020 2075 1127 2120 dixit
1147 2077 1237 2135 ipse
1265 2076 1474 2122 Dominus
1491 2113 1502 2134 ‚

119 2165 141 2188 n
172 2146 352 2206 quando
374 2160 523 2189 omnes
546 2146 622 2205 qui
642 2154 745 2190 sunt
766 2143 811 2190 in
827 2147 1138 2202 monumentis,
1157 2146 1335 2191 audient
1356 2162 1506 2193 vocem

118 2235 140 2259 »
165 2219 256 2277 ejus
275 2252 286 2272 ‚
311 2226 353 2262 et
374 2215 656 2275 pmcedenffl.
685 2235 704 2258 »
731 2219 847 2276 Ergo
871 2217 926 2262 ad
947 2218 1224 2262 novissimam
1243 2218 1393 2262 tubam
1412 2234 1503 2263 sur-

116 2297 323 2332 rexerunt
350 2302 514 2332 omnes.
545 2306 566 2329 «
588 2287 828 2332 Prudentes
857 2298 1002 2332 autem
1024 2287 1111 2332 illae
1138 2287 1334 2333 tulerunt
1357 2289 1504 2335 oleum

118 2377 139 2400 »
164 2374 313 2403 secum
328 2359 373 2402 in
391 2359 500 2403 vasis
521 2359 608 2402 suis
628 2359 796 2404 :stultae
814 2374 916 2404 vero
932 2357 1020 2403 illae
1039 2374 1128 2404 non
1145 2358 1341 2404 tulerunt
1357 2359 1504 2405 oleum

120 2447 141 2471 »
167 2432 356 2474 secum5.
387 2447 406 2470 »
444 2427 559 2482 Quid
583 2438 673 2484 est,
706 2449 726 2472 «
750 2433 848 2476 Non
877 2429 1075 2475 tulerunt
1106 2429 1252 2474 oleum
1277 2446 1426 2475 secum
1456 2431 1502 2475 in

167 2531 175 2547 ¹
196 2527 268 2557 Act.
293 2537 318 2565 1,
341 2535 390 2565 17.
411 2542 451 2546 —
472 2531 484 2546 ²
510 2535 521 2556 1
540 2524 647 2556 Thess.
666 2536 696 2558 v,
722 2534 754 2557 ¹2.
781 2543 817 2548 —
840 2525 877 2557 31
899 2527 971 2559 Cor.
993 2536 1047 2566 xv,
1067 2525 1121 2560 52¹
1142 2544 1182 2549 -—
1202 2526 1217 2556 4
1234 2530 1323 2560 Joan.
1347 2537 1378 2569 v,
1398 2527 1499 2560 28.—

118 2579 132 2604 ⁵
153 2581 274 2613 Mauh.
295 2591 372 2619 xxv,
396 2581 426 2612 3.
