1898 3178
12 0 28 137 ᾗ

25 158 30 257 ἱ

23 262 29 338 ³

14 340 30 426 l

23 432 32 519 1

13 210 23 333 κ-*Ϋ
13 144 23 186 ετ

386 295 526 323 SERMO
558 294 699 332 xcvu,
736 295 788 321 DE
822 292 968 323 VERBIS
1000 292 1128 322 MARC.
1164 295 1260 322 x111.
1429 282 1512 321 525

132 456 236 474 ‘Nm
240 457 1515 475 MWWWWWWWWWUMWWWWWWWWWMWWWWWWWWW

566 575 795 644 sERMo
846 598 1074 646 XCV111.

132 758 192 799 De
209 755 352 800 verbis
374 756 598 814 Evangelii
630 757 765 803 Marci
786 776 868 802 x111
895 776 904 801 ε
931 756 1009 801 De
1040 755 1116 801 die
1144 765 1305 800 autem
1338 754 1419 800 illo
1443 753 1520 798 vel

188 823 312 869 hora
344 841 482 870 nemo
504 827 615 882 scit,
640 843 793 886 neque
814 825 998 888 Angelz'
1017 828 1066 871 ιή
1087 825 1229 883 coelo,
1252 841 1403 884 neque
1425 824 1515 869 Fi-

192 893 303 951 lias,
330 896 426 940 nisi
445 895 616 941 Pater.

189 1044 224 1085 Ι.
251 1044 465 1098 FRATRES,
484 1043 606 1103 quod
628 1042 808 1088 audistis
824 1042 955 1088 modo
976 1051 1227 1087 monentem
1253 1042 1518 1101 Scripturam

131 1119 262 1171 atque
282 1113 502 1157 dicentem
518 1147 529 1168 ,
556 1122 607 1157 ut
627 1121 805 1172 propter
822 1113 939 1157 diem
962 1113 1245 1157 novissimum
1267 1111 1490 1169 vigilemus
1505 1146 1516 1165 ,
1551 1138 1555 1139 ⁷

131 1182 431 1242 unusquisque
454 1182 511 1226 de
528 1182 764 1228 novissimo
789 1197 867 1226 suo
892 1182 962 1226 die
980 1181 1141 1240 cogitet
1165 1201 1173 1226 z
1203 1197 1258 1225 ne
1284 1181 1397 1226 forte
1419 1197 1519 1225 cum

130 1253 344 1296 senseritis
379 1253 450 1297 vel
486 1253 740 1312 putaveritis
771 1253 900 1312 longe
932 1269 1022 1298 esse
1058 1253 1338 1298 novissimum
1375 1252 1520 1296 saeculi

130 1321 275 1377 diem,
302 1321 545 1367 dormitetis
578 1323 632 1367 ad
662 1323 943 1368 novissimum
979 1332 1170 1367 vesti-um
1200 1322 1330 1367 diem.
1366 1326 1428 1366 De
1450 1321 1521 1366 die

131 1392 366 1437 novissimo
386 1393 534 1438 saeculi
553 1394 682 1453 hujus
702 1392 881 1437 audistis
901 1392 1011 1452 quid
1033 1392 1186 1437 dixerit
1206 1412 1216 1437 :
1251 1412 1270 1434 «
1291 1392 1402 1445 Quia
1424 1407 1522 1436 nes-

134 1480 155 1503 »
181 1461 306 1506 ciunt
326 1478 425 1507 eum
444 1498 456 1518 ,
488 1478 632 1523 neque
656 1461 809 1520 Angeli
831 1461 1070 1517 coelorum,
1096 1477 1240 1521 neque
1262 1461 1389 1505 Filius
1406 1496 1417 1510 ,
1442 1461 1523 1506 nisi

134 1550 156 1574 »
182 1535 349 1577 Pater2.
369 1551 389 1575 »
414 1533 497 1577 Ubi
518 1532 698 1592 quidem
720 1548 878 1591 magna
901 1533 1083 1592 quaestio
1106 1541 1191 1588 est,
1215 1547 1271 1576 ne
1293 1531 1522 1576 carnaliter

132 1603 346 1662 sapientes
367 1613 572 1664 putemus
594 1603 761 1663 aliquid
782 1607 953 1648 Patrem
975 1604 1104 1659 scire,
1131 1604 1252 1663 quod
1273 1604 1436 1648 nesciat
1453 1607 1485 1647 F
1491 1604 1522 1647 i-

132 1673 230 1718 lius.
253 1677 365 1720 Nam.
382 1675 535 1734 utique
547 1689 650 1718 cum
667 1673 774 1717 dixit
791 1688 800 1714 :
824 1692 844 1715 «
862 1677 990 1717 Pater
1004 1673 1083 1717 scit
1105 1688 1114 1713 ι
1135 1691 1155 1715 n
1172 1673 1272 1717 ideo
1289 1674 1372 1717 hoc
1386 1673 1518 1729 dixit,

135 1744 239 1803 quia
261 1744 308 1788 in
335 1747 461 1788 Patre
483 1753 526 1787 et
548 1743 682 1787 Filius
703 1743 796 1787 scit.
828 1742 941 1796 Quid
963 1743 1079 1786 enim
1102 1742 1226 1787 estin
1250 1741 1341 1786 dies
1357 1777 1368 1799 ‚
1400 1744 1522 1803 quod

134 1816 289 1860 nonin
305 1816 452 1860 Verbo
476 1813 642 1859 factum
660 1823 722 1858 est
737 1849 748 1870 ‚
768 1829 845 1874 per
861 1828 993 1874 quem
1014 1812 1151 1857 factus
1169 1823 1234 1857 est
1254 1813 1370 1857 dies?
1384 1816 1521 1859 Nemo

135 1899 238 1943 ergo
266 1895 434 1944 quaerat
462 1885 744 1929 novissimum
768 1884 907 1940 diem,
932 1882 1110 1944 quando
1138 1883 1313 1927 futurus
1334 1883 1413 1941 sit3
1446 1883 1523 1928 sed

134 1953 363 2014 vigilemus
390 1970 539 2000 omnes
567 1955 681 1999 bene
711 1952 924 2009 vivendo,
957 1969 1012 1997 ne
1031 1953 1260 1998 novissima
1283 1953 1352 1997 die
1373 1954 1520 2013 cujus-

137 2040 325 2085 cumque
342 2035 540 2071 nostrum
553 2041 631 2070 nos
645 2025 838 2070 inveniat
855 2026 1104 2084 imparatos,
1120 2034 1163 2069 et
1180 2025 1319 2085 qualis
1340 2025 1523 2085 quisque

136 2097 240 2140 hinc
256 2095 408 2140 exierit
429 2111 507 2140 suo
529 2095 762 2140 novissimo
785 2095 854 2139 die
871 2130 882 2150 ,
917 2094 1014 2139 talis
1042 2095 1288 2140 inveniatur
1308 2095 1354 2139 in
1375 2095 1523 2140 novis-

138 2166 247 2211 simo
276 2165 422 2210 saeculi
444 2166 527 2210 die.
553 2165 672 2211 Nihil
694 2175 736 2210 te
759 2164 984 2225 adjuvabit
1005 2164 1126 2225 quod
1147 2165 1217 2209 hic
1242 2181 1330 2209 non
1352 2164 1517 2210 feceris.

140 2238 509 2296 Unumquemque
532 2251 662 2296 opera
679 2251 756 2280 sua
773 2234 1017 2295 juvabunt,
1050 2244 1125 2279 aut
1154 2250 1284 2295 opera
1304 2251 1380 2279 sua
1403 2251 1522 2295 pres-

140 2323 238 2352 sura
259 2317 375 2352 sunt.

200 2380 260 2421 II.
280 2383 332 2422 Et
352 2376 575 2438 quomodo
604 2378 648 2420 in
671 2376 842 2421 Psalmo
872 2377 1138 2421 cantavimus
1157 2378 1342 2422 Domino
1363 2396 1372 2421 :
1397 2395 1417 2419 «
1437 2378 1523 2423 Mi-

147 2469 164 2490 »
191 2462 329 2492 serere
352 2448 454 2503 mei,
471 2447 654 2492 Domine
668 2481 679 2502 ‚
700 2447 907 2507 quoniam
926 2446 1198 2492 conculcavit
1213 2462 1282 2490 me
1298 2437 1484 2491 liomoss?
1502 2466 1521 2489 »

143 2521 284 2563 Homo
305 2518 478 2574 dicitur,
499 2518 575 2578 qui
592 2517 833 2563 secundum
849 2519 1072 2563 hominem
1085 2518 1206 2563 vivit.
1230 2518 1427 2579 Denique
1440 2518 1524 2563 illis

193 2623 203 2640 1
225 2614 307 2648 Alias
326 2624 363 2648 21
383 2616 422 2648 dc
442 2613 548 2648 verbis
565 2615 699 2648 Domini.
715 2632 756 2638 —
777 2622 788 2638 2
808 2617 905 2648 Marc.
922 2626 992 2657 xm,
1007 2615 1062 2649 32.
1085 2632 1124 2639 -
1145 2614 1159 2639 '⁵
1178 2615 1257 2649 Psal.
1277 2626 1308 2657 v,
1333 2627 1365 2657 9.
