1898 3178
369 273 507 300 smmo
539 272 622 309 Lu,
658 271 711 297 m:
745 271 890 301 vssnnls
923 269 1087 300 ΜΑΤΤΗ.
1123 274 1188 298 111.
1391 260 1470 299 143

97 337 264 397 placeat
284 346 327 381 et
347 337 502 381 soluta.
528 338 641 380 Ecce
662 335 782 395 quod
803 337 900 381 dico
914 371 924 391 ,
949 346 998 382 ut
1011 337 1166 380 liberet
1185 344 1309 380 etme
1323 345 1366 380 et
1378 352 1472 382 vos.

95 410 147 451 In
161 423 248 451 una
264 406 379 450 enim
396 406 484 450 fide
499 414 663 450 stamus
678 406 725 450 in
735 407 912 451 nomine
926 407 1106 462 Christi,
1126 415 1169 451 et
1181 407 1228 451 in
1241 422 1328 450 una
1343 407 1475 452 domo

97 479 177 523 sub
198 493 287 522 uno
304 477 484 523 domino
504 477 688 523 vivimus
704 512 716 534 ,
740 487 784 522 et
799 478 844 522 in
863 493 950 523 uno
981 493 1160 538 corpore
1180 478 1374 523 membra
1396 479 1476 522 sub

97 563 186 593 uno
206 549 346 607 capite
369 563 540 603 sumus,
560 557 603 592 et
622 563 713 593 uno
733 548 888 608 spiritu
902 557 1169 608 vegetamur.
1192 551 1250 593 Ut
1265 563 1366 607 ergo
1386 551 1477 593 Do-

94 618 238 662 minus
259 618 315 663 ab
336 618 404 662 his
428 618 634 677 angustiis
664 617 975 663 molestissimae
1006 619 1256 679 quaestionis
1291 618 1475 675 liberet,

94 697 138 733 et
159 703 230 733 me
251 689 327 748 qui
359 688 540 748 loquor,
572 697 615 732 et
644 703 720 733 vos
752 688 827 749 qui
853 688 1010 733 auditis
1027 724 1038 744 ,
1069 689 1153 733 hoc
1181 688 1280 734 dico
1303 709 1311 734 :
1343 689 1478 734 Filius

94 759 271 819 quidem
286 793 298 815 ,
321 775 412 803 non
435 763 561 804 Pater
578 769 704 805 natus
717 768 781 805 est
794 760 849 804 de
865 760 1043 819 Virgine
1061 760 1196 805 Maria
1213 779 1222 804 :
1246 761 1322 804 sed
1342 761 1480 820 ipsam

93 831 363 875 nativitatem
384 830 505 886 Filii,
530 846 620 876 non
643 832 777 876 Patris
791 865 802 887 ,
828 831 883 875 de
905 831 1084 890 Virgine
1104 831 1262 883 Maria,
1287 840 1330 876 et
1352 834 1479 875 Pater

93 910 137 945 et
156 901 293 946 Filius
311 910 514 961 operatus
535 911 599 946 est
616 904 647 946 1.
672 905 771 948 Non
791 911 856 947 est
872 901 1051 962 quidem
1069 917 1215 962 passus
1231 905 1356 947 Pater
1372 936 1383 958 ,
1404 901 1479 945 sed

93 970 230 1015 Filius
249 990 258 1016 z
283 971 526 1031 passionem
546 981 693 1016 tamen
710 972 810 1016 Filii
831 982 874 1017 et
897 976 1025 1017 Pater
1048 981 1091 1017 et
1112 971 1248 1016 Filius
1277 981 1479 1032 operatus

92 1050 170 1086 est.
182 1045 280 1088 Non
292 1043 524 1087 resurrexit
536 1046 681 1099 Pater,
696 1043 772 1089 sed
786 1042 921 1089 Filius
934 1063 942 1089 2
959 1044 1319 1088 resurrectionem
1332 1052 1480 1088 tamen

93 1111 193 1156 Filii
210 1121 253 1157 et
275 1116 400 1157 Pater
421 1121 465 1156 et
485 1112 620 1157 Filius
643 1122 845 1173 operatus
865 1123 943 1159 est.
969 1117 1032 1158 De
1053 1115 1292 1175 quaestione
1310 1115 1390 1158 ista
1412 1113 1479 1158 vi-

92 1181 247 1227 demur
258 1185 349 1243 jam
367 1182 555 1243 expediti
568 1205 580 1241 3
595 1185 671 1229 sed
683 1184 798 1230 forte
815 1185 959 1230 verbis
973 1186 1094 1241 meis,
1114 1185 1336 1230 videamus
1349 1186 1481 1229 etiam

91 1262 242 1298 utrum
285 1254 426 1298 verbis
462 1253 634 1298 divinis.
674 1256 866 1299 Pertinet
898 1270 1001 1314 ergo
1028 1254 1083 1299 ad
1123 1271 1193 1300 me
1229 1265 1480 1300 sanctorum

90 1323 303 1369 librorum
320 1324 575 1369 testimoniis
597 1323 911 1381 demonstrare,
928 1326 1200 1371 nativitatem
1219 1327 1316 1371 Filii
1337 1336 1380 1371 et
1395 1330 1479 1371 Pa—

90 1404 202 1440 trem
223 1405 452 1456 operatum
473 1405 517 1440 et
539 1395 700 1440 Filium
715 1432 726 1453 ,
751 1397 810 1442 ita
828 1398 1070 1457 passionem
1091 1417 1100 1443 :
1119 1398 1179 1442 ita
1200 1399 1482 1443 resurrectio-

90 1481 192 1510 nem
215 1484 224 1511 :
249 1475 300 1510 ut
319 1481 420 1510 cum
441 1466 541 1510 Filii
562 1475 732 1512 tantum
754 1468 808 1512 sit
829 1477 873 1513 et
901 1469 1103 1513 nativitas
1120 1478 1162 1513 et
1184 1470 1322 1529 passio
1344 1478 1388 1513 et
1409 1484 1480 1512 re·-

92 1537 323 1595 surrect103
348 1538 443 1582 haec
459 1546 607 1582 tamen
618 1538 699 1582 tria
716 1554 816 1598 quae
834 1539 889 1583 ad
905 1539 1067 1584 Filium
1083 1539 1225 1584 solum
1239 1538 1476 1597 pertinent,

90 1622 172 1652 nec
193 1623 217 1652 a
245 1611 372 1652 Patre
392 1608 484 1654 solo
500 1608 615 1653 facta
633 1610 740 1663 sint,
765 1622 846 1651 nec
869 1623 893 1651 a
919 1607 1012 1652 solo
1034 1607 1167 1663 Filio,
1204 1607 1279 1652 sed
1302 1625 1325 1653 a
1354 1612 1480 1653 Patre

90 1679 245 1739 utique
265 1688 309 1723 et
327 1678 454 1724 Filio.
479 1679 720 1723 Prohemus
740 1677 933 1737 singula,
951 1678 1120 1738 judices
1143 1678 1319 1735 auditis,
1352 1695 1480 1725 causa

90 1750 312 1809 proposita
333 1759 417 1805 est,
442 1759 570 1794 testes
591 1748 845 1809 procedant.
871 1750 993 1794 Dicat
1023 1750 1129 1793 mihi
1153 1749 1366 1809 judicium
1384 1767 1480 1796 ves-

91 1828 209 1864 trum
223 1854 235 1876 ,
259 1821 380 1880 quod
407 1818 517 1864 solet
538 1835 686 1864 causas
715 1820 941 1878 agentibus
963 1819 1071 1865 dici:
1095 1823 1211 1866 Doce
1233 1821 1355 1881 quod
1377 1837 1480 1880 pro-

92 1890 240 1935 mittis.
265 1893 410 1934 Doceo
436 1890 566 1949 plane
596 1890 828 1949 adjuvante
852 1890 1064 1945 Domino,
1088 1900 1132 1935 et
1159 1891 1346 1936 coelestis
1370 1892 1480 1951 juris

92 1960 227 2005 recito
255 1958 504 2005 lectionem.
539 1963 713 2004 Intente
749 1958 926 2004 audistis
955 1969 1296 2020 proponentem,
1332 1960 1479 2007 audite

92 2030 301 2076 intentius
314 2033 405 2092 jam
424 2031 701 2091 probantem.

154 2103 233 2146 IX.
260 2105 322 2147 De
341 2102 502 2149 Christi
537 2102 761 2147 nativitate
788 2101 897 2145 mihi
932 2101 1074 2161 primo
1105 2101 1352 2147 docendum
1382 2112 1474 2159 est,

94 2172 317 2230 quomodo
337 2188 431 2217 eam
455 2181 498 2217 et
517 2176 644 2217 Pater
661 2170 814 2217 fecerit
827 2207 838 2228 ,
864 2180 908 2216 et
929 2171 1067 2216 Filius
1084 2170 1236 2217 fecerit
1250 2207 1261 2229 ,
1282 2174 1479 2233 quamvis

95 2241 269 2286 nonnisi
303 2241 358 2285 ad
393 2240 554 2285 Filium
578 2244 796 2301 pertineat
822 2243 944 2303 quod
979 2241 1083 2288 fecit
1104 2247 1230 2288 Pater
1251 2253 1294 2288 et
1324 2245 1475 2289 Filius.

97 2310 285 2356 Paulum
306 2311 441 2355 recito
457 2345 468 2364 ,
492 2310 701 2356 idoneum
716 2312 825 2372 juris
847 2312 985 2357 divini
1015 2313 1280 2358 consultum.
1304 2316 1414 2361 Nam
1436 2323 1480 2359 et

98 2380 322 2426 caussidici
342 2381 508 2426 habent
527 2380 658 2426 hodie
688 2382 873 2426 Paulum
896 2381 1133 2428 dictantem
1160 2384 1260 2443 jura
1280 2384 1477 2444 litigato-

99 2468 218 2508 rum,
244 2467 335 2498 non
355 2452 715 2499 Christianorum.
744 2454 919 2509 Recito,
953 2455 1133 2514 inquam
1149 2489 1161 2511 ,
1180 2455 1365 2501 Paulum
1387 2456 1479 2502 dic-

99 2532 266 2569 tantem
286 2523 402 2583 pacis
417 2525 533 2583 jura,
548 2538 638 2570 non
657 2522 757 2570 litis.
774 2524 985 2571 Ostendat
1010 2525 1135 2571 nobis
1153 2535 1327 2573 sanctus
1345 2529 1482 2588 Apos-

150 2613 160 2632 ¹
178 2607 285 2642 Florus
305 2607 451 2642 adGalat.
483 2619 529 2642 iv.
