1898 3178
232 217 370 246 sumno
402 217 574 256 Lxxxu,
609 218 663 245 DE
696 217 840 246 VERBIS
871 215 1037 247 ΜΑΤΤΗ.
1072 218 1196 248 xvm.
1322 209 1405 248 389

22 280 151 326 oculo
173 297 251 326 suo
273 298 363 328 non
384 284 519 328 habet
535 285 565 325 ¹.
611 282 726 335 Quid
746 293 890 328 autem
915 286 996 329 hoc
1021 285 1074 329 sit
1089 319 1100 339 ,
1127 285 1314 329 breviter
1336 287 1406 329 in-

21 352 150 396 sinuo
182 353 392 397 Charitati
408 355 586 396 Vestrae.
614 356 796 398 Festuca
818 355 862 398 in
886 355 1034 411 oculo,
1061 356 1122 400 ira
1143 365 1206 401 est
1233 375 1241 400 :
1269 356 1409 400 trabes

21 422 67 466 in
88 423 218 467 oculo
236 458 248 478 ,
274 422 426 468 odium
448 432 526 467 est.
568 423 755 476 Quando
790 440 892 483 ergo
921 428 996 486 qui
1019 426 1111 471 odit
1131 427 1412 486 reprehendit

20 494 306 550 irascentem,
338 493 550 539 festucam
585 494 682 539 vult
710 494 764 539 de
797 496 926 542 oculo
948 497 1092 542 fratris
1124 497 1191 543 sui
1223 497 1409 543 tollere:

21 563 98 609 sed
119 565 242 609 trabe
259 565 514 625 impeditur,
535 581 667 626 quam
684 566 776 625 ipse
797 577 943 626 portat
961 569 1006 612 in
1028 567 1156 613 oculo
1178 583 1272 613 suo.
1308 571 1414 613 Fes-

20 645 122 681 tuca
145 636 320 681 initium
338 637 470 681 trabis
488 646 565 682 est.
592 639 702 683 Nam
715 638 859 684 trabes
873 638 1052 699 quando
1066 640 1273 695 nascitur,
1294 640 1414 699 prius

20 705 187 751 festuca
196 716 274 752 cst.
294 707 496 767 Rigando
505 707 729 766 festucam,
746 711 948 769 perducis
965 712 1020 756 ad
1035 711 1205 756 trabem
1226 728 1235 753 :
1257 711 1413 756 alendo

23 778 130 823 iram
153 779 278 823 malis
297 780 616 838 suspicionibus
631 815 642 836 ,
667 780 868 840 perducis
892 781 947 827 ad
963 782 1130 827 odium.

84 851 142 892 II.
178 848 369 893 Multum
391 859 537 894 autern
560 851 739 896 interest
772 852 886 896 inter
907 861 1133 911 peccatum
1158 852 1380 896 irascentis
1399 885 1411 905 ,

18 926 62 962 et
83 917 394 963 crudelitatem
416 919 517 964 odio
538 920 755 965 habentis.
781 923 890 966 Nam
908 930 952 965 et
972 921 1070 965 filiis
1092 921 1248 965 nostris
1264 921 1413 965 irasci·-

18 1003 116 1033 mur
139 1008 148 1034 z
173 989 310 1034 odisse
327 990 437 1035 filios
459 992 555 1052 quis
577 992 825 1037 invenitur?
839 994 892 1036 In
912 992 1015 1052 ipsis
1033 1007 1212 1052 quoque
1232 991 1409 1052 pecori-

17 1058 97 1102 bus
115 1068 252 1103 mater
269 1061 507 1121 aliquando
522 1062 685 1107 bucula
701 1071 930 1122 sugentem
946 1062 1134 1107 vitulum
1149 1062 1280 1107 taedio
1301 1077 1414 1121 quo·

16 1128 116 1173 dam
140 1130 296 1174 avertit
329 1132 516 1176 irascens
541 1151 551 1178 ς
577 1131 653 1176 sed
675 1133 912 1177 visceribus
940 1131 1222 1188 amplectitur
1242 1132 1408 1175 matris.

18 1200 147 1252 Quasi
168 1200 350 1244 taedium
383 1199 509 1257 facit,
545 1216 646 1246 cum
678 1200 882 1257 impingit
906 1214 917 1241 .·
942 1199 1155 1257 quaeritur
1176 1208 1348 1256 tamen,
1374 1202 1411 1246 si

18 1268 154 1312 deest.
179 1270 268 1313 Nec
285 1270 439 1312 damus
462 1271 585 1312 aliter
602 1267 700 1312 filiis
716 1268 1011 1327 disciplinam,
1029 1270 1111 1313 nisi
1134 1270 1409 1330 aliquantum

15 1336 242 1382 irascendo
260 1346 303 1381 et
317 1336 587 1396 indignando
610 1352 715 1382 :nec
733 1346 882 1382 tamen
899 1339 1102 1383 daremus
1115 1339 1405 1399 disciplinam,

0 1408 95 1452 *nisi
119 1407 321 1452 amando.
350 1410 496 1467 Usque
518 1406 629 1452 adeo
650 1422 740 1452 non
763 1408 903 1452 omnis
926 1409 1003 1467 qui
1024 1409 1222 1453 irascitur
1237 1444 1247 1464 ,
1275 1409 1368 1454 odit
1393 1431 1405 1468 3

16 1486 66 1523 ut
87 1477 324 1538 aliquando
346 1478 482 1537 magis
512 1476 650 1522 odisse
685 1477 992 1533 convincatur,
1029 1478 1062 1522 si
1080 1494 1170 1523 non
1191 1479 1403 1524 irascitur.

17 1551 102 1592 Fac
124 1548 240 1592 enim
264 1562 451 1606 puerum
472 1546 584 1592 velle
619 1547 666 1591 in
699 1563 811 1607 aqua
843 1548 1037 1592 fluminis
1068 1548 1242 1605 ludere,
1283 1551 1406 1610 cujus

16 1617 182 1677 impetu
205 1627 353 1677 pereat
379 1637 388 1662 :
413 1626 462 1662 tu
483 1618 518 1662 si
531 1616 673 1671 vides,
694 1626 737 1661 et
753 1618 969 1676 patienter
985 1619 1199 1676 permittis
1213 1653 1224 1673 ,
1250 1619 1403 1665 odisti:

0 1698 89 1734 'tua
110 1690 319 1750 patientia
333 1724 343 1744 ,
366 1688 481 1733 illius
501 1684 617 1732 mors
639 1697 718 1733 est.
745 1691 920 1742 Quanto
942 1688 1097 1733 melius
1121 1698 1186 1733 est
1203 1724 1214 1744 ,
1243 1690 1279 1734 si
1300 1691 1406 1734 iras-

15 1760 122 1805 ceris
141 1768 184 1803 et
201 1759 379 1818 corrigis
395 1793 406 1813 ,
430 1772 565 1818 quam
586 1773 677 1802 non
699 1758 925 1803 irascendo
956 1759 1135 1803 interire
1161 1759 1407 1818 permittis?

15 1829 175 1875 Odium
198 1845 302 1889 ergo
325 1837 431 1887 ante·
447 1828 594 1874 omnia
622 1827 849 1872 vitandum
878 1836 968 1883 est,
1001 1828 1146 1873 trabes
1186 1828 1242 1872 de
1275 1829 1405 1874 oculo

16 1900 224 1960 ejicienda
245 1908 324 1944 est.
349 1898 543 1944 Multum
565 1898 730 1958 quippe
752 1896 894 1952 aliud,
923 1906 988 1942 est
1008 1897 1188 1957 quando
1216 1899 1404 1959 quisque

17 1969 201 2014 irascens
218 1970 264 2012 in
285 1969 433 2029 aliquo
449 1967 574 2013 verbi
595 1966 778 2012 modum
801 1967 997 2022 excedit,
1018 1967 1140 2027 quod
1160 1976 1311 2027 postea
1324 1967 1404 2013 de-

17 2039 101 2085 leat
116 2038 404 2099 poenitendo,
423 2047 466 2082 et
488 2037 609 2082 aliud
630 2047 694 2082 est
708 2071 720 2093 ,
751 2053 920 2083 servare
942 2037 1118 2084 insidias
1150 2038 1338 2083 inclusas
1358 2038 1405 2083 in

43 2108 161 2154 orde.
188 2107 380 2154 Multum
400 2115 623 2166 postremo
648 2107 827 2152 interest
842 2108 955 2151 inter
973 2108 1068 2153 haec
1094 2109 1229 2153 verba
1256 2108 1404 2168 Scrip-

20 2188 126 2225 turae
146 2199 155 2224 :
173 2198 193 2221 «
209 2179 426 2223 Turbatus
443 2186 505 2222 est
518 2193 608 2237 prae
621 2177 684 2222 ira
699 2177 853 2222 oculus
869 2193 992 2222 meus
1005 2181 1037 2223 ².
1047 2196 1068 2221 »
1084 2182 1146 2223 De
1162 2178 1238 2224 illo
1258 2188 1405 2223 autem

21 2249 124 2310 quid
139 2249 305 2294 dictum
328 2250 416 2293 est?
433 2266 453 2290 α
469 2249 554 2301 Qui
567 2248 659 2293 odit
678 2248 859 2293 fratrem
871 2263 1015 2303 suum,
1036 2249 1254 2295 homicida
1271 2251 1399 2293 est³.»

65 2320 209 2364 ultum
237 2321 417 2364 interest
447 2319 561 2363 inter
592 2319 817 2363 turbatum
848 2319 1025 2364 oculum
1041 2353 1052 2374 ,
1078 2327 1120 2363 et
1141 2321 1398 2364 extinctum.

45 2401 196 2436 estuca
214 2391 362 2435 turbat
379 2425 391 2446 ,
415 2389 559 2434 trabes
581 2389 810 2449 extinguit.

78 2464 160 2505 ΙΙΙ.
197 2464 290 2506 Hoc
324 2475 425 2518 ergo
446 2460 636 2519 primum
667 2461 792 2506 nobis
821 2460 1178 2520 persuadeamus,
1203 2470 1252 2505 ut
1281 2461 1399 2519 quod

69 2552 75 2567 ¹
96 2545 283 2586 Matth.v11,
304 2545 333 2576 3.
358 2561 399 2567 ⁴-
421 2552 432 2567 ²
450 2545 528 2576 Psal.
543 2555 586 2584 w,
609 2547 640 2575 8.
662 2561 702 2567 —-
730 2544 742 2566 3
769 2556 779 2575 1
808 2547 897 2576 Joan.
920 2555 969 2583 ιη,
993 2546 1040 2575 15.

20 2448 27 2655 ἰ

25 2657 31 2807 l

31 2920 37 3068 ἰ

35 3069 40 3178 ι
