1898 3178
372 262 510 288 SERMO
542 261 668 299 cxffl,
706 262 758 288 DE
792 263 937 290 VERBIS
968 264 1061 291 Luc.
1098 265 1188 291 xxi.
1389 253 1471 290 625

98 323 227 367 talem
250 325 427 383 pingere
449 328 588 369 Deum
603 360 613 379 ,
639 325 728 370 noli
757 326 967 371 collocare
991 328 1035 371 in
1053 326 1217 386 templo
1250 327 1389 371 cordis
1412 329 1475 371 tui

5 375 11 460 l¹
96 393 183 437 tale
214 393 396 438 idolum.
422 397 520 440 Non
542 404 604 438 est
633 395 726 439 talis
756 399 868 441 Deus
891 407 1013 451 tuus,
1054 397 1192 457 qualis
1223 413 1312 442 non
1344 397 1476 441 debes

8 461 15 525 Ἰ
96 479 186 508 esse
208 479 287 508 nec
309 474 372 508 tu.
403 466 444 510 Si
461 474 510 509 tu
524 481 613 509 non
635 467 692 510 sic
710 467 878 526 judices
894 503 903 523 ,
921 467 995 512 sed
1011 470 1126 528 juste
1141 468 1330 527 judices,
1346 468 1473 512 etiam

96 534 156 578 sic
173 534 326 597 melior
345 544 409 579 est
433 545 476 579 te
499 540 611 580 Deus
631 545 730 580 tuus
757 555 764 578 :
791 554 877 582 non
901 548 964 581 est
985 537 1163 582 inferior
1188 558 1196 582 ι
1217 539 1373 598 justior
1394 547 1473 592 est,

97 604 195 648 fons
211 606 393 664 justitiae
408 614 485 649 est.
505 605 729 666 Quidquid
746 607 849 651 boni
861 607 1020 662 fecisti,
1042 608 1145 652 inde
1167 609 1409 668 sumpsisti,
1436 617 1479 652 et

98 673 315 734 quidquid
337 676 442 719 boni
464 676 721 730 eructuasti,
752 676 851 720 inde
873 678 1034 721 bibisti.
1067 679 1235 722 Laudas
1258 694 1329 722 vas
1345 713 1355 730 ,
1377 678 1478 738 quia

97 745 231 789 habet
246 745 348 789 inde
363 746 529 806 aliquid
541 781 551 801 ,
573 757 615 791 et
632 747 846 806 vituperas
864 748 1029 792 fontem
1044 751 1061 792 P
1079 749 1219 794 Nolite
1241 749 1352 793 velle
1370 748 1478 792 elee-

98 831 300 873 mosynas
322 815 460 860 facere
484 816 538 860 de
571 816 740 861 foenore
763 827 806 860 et
840 819 994 861 usuris.
1018 822 1048 861 F
1057 819 1239 862 idelibus
1270 820 1389 873 dico,
1422 820 1479 862 eis

99 886 258 946 quibus
276 887 437 931 Christi
459 888 627 946 Corpus
650 902 877 946 erogamus
906 887 1017 932 dico.
1052 889 1216 932 Timete
1234 924 1244 943 ,
1285 890 1483 946 corrigite

99 972 173 1001 vos
198 976 206 1000 :
228 972 283 1000 ne
307 955 449 1001 dicam
474 966 646 1016 postea:
676 960 740 1000 Tu
764 956 866 1001 facis
888 968 931 1001 et
953 968 1002 1002 tu
1025 957 1142 1002 facis.
1169 962 1225 1002 Et
1242 969 1364 1017 puto,
1383 960 1484 1018 quia

17 1044 24 1073 .’
99 1027 133 1070 si
155 1026 299 1071 fecero
317 1062 328 1081 ,
354 1042 444 1071 non
469 1027 575 1070 mihi
595 1027 763 1071 debetis
780 1028 921 1082 irasci,
947 1029 1022 1072 sed
1045 1029 1187 1082 vobis,
1221 1037 1269 1072 ut
1295 1030 1483 1087 corriga-

36 1086 43 1215 Χ
100 1097 223 1141 mini.
252 1097 320 1141 Ad
354 1098 437 1142 hoc
470 1098 586 1141 enim
621 1096 736 1142 valet
769 1097 887 1157 quod
923 1097 1087 1142 dictum
1110 1108 1172 1142 est
1200 1100 1244 1142 in
1275 1100 1446 1144 Psalmo
1474 1119 1483 1144 z

103 1187 123 1209 «
160 1168 401 1212 Irascimini
423 1177 465 1211 et
489 1167 623 1212 nolite
645 1171 862 1227 peccare¹.
891 1188 910 1209 n
936 1169 1047 1212 Volo
1069 1185 1143 1213 vos
1165 1170 1316 1224 irasci,
1340 1170 1414 1214 sed
1437 1179 1486 1213 ut

41 1217 49 1349 Ἰ
100 1253 194 1282 non
215 1238 416 1297 peccetis.
435 1240 492 1282 'Ut
504 1247 649 1282 autem
667 1254 756 1282 non
774 1239 973 1297 peccetis,
995 1239 1152 1298 quibus
1166 1240 1482 1293 habetisirasci,

47 1350 51 1382 ι
100 1309 181 1353 nisi
202 1309 333 1353 vobi?
350 1309 464 1362 Quid
487 1318 549 1353 est
572 1309 684 1352 enim
709 1310 841 1354 homo
862 1309 1102 1368 poenitens,
1127 1310 1207 1353 nisi
1230 1311 1361 1355 homo
1383 1311 1488 1354 iras-

40 1386 52 1426 ·i
101 1394 202 1424 cens
223 1379 332 1423 sibi?
368 1382 425 1423 Ut
442 1379 623 1438 accipiat
643 1380 813 1423 veniam
830 1415 845 1434 ,
878 1379 932 1423 de
955 1395 998 1424 se
1016 1381 1106 1438 ipso
1129 1381 1259 1440 exigit
1284 1397 1483 1440 poenam,

44 1427 56 1506 »Ἰ
101 1458 144 1493 et
167 1458 282 1493 recte
305 1448 411 1493 dicit
435 1452 552 1493 Deo:
582 1468 602 1490 «
631 1452 787 1492 Averte
805 1448 953 1492 oculos
975 1458 1072 1492 tuos
1099 1465 1121 1492 a
1146 1451 1329 1508 peccatis
1347 1451 1450 1495 meis
1471 1486 1481 1504 ,

46 1510 59 1583 Ἰ
104 1537 125 1559 »
160 1519 369 1579 quoniam
392 1528 619 1578 peccatum
643 1533 788 1561 meum
810 1533 888 1575 ego
913 1522 1141 1577 agnosco².
1173 1537 1191 1559 η
1210 1520 1253 1564 Si
1273 1528 1323 1563 tu
1338 1536 1486 1579 agnos·

0 1605 2 1631 a
50 1611 56 1637 1
101 1590 186 1645 cis,
222 1599 266 1634 et
300 1589 373 1633 ille
396 1589 594 1648 ignoscit.
621 1589 706 1641 Qui
738 1587 958 1631 faciebatis
979 1622 989 1641 ,
1028 1588 1162 1632 nolite
1188 1589 1329 1634 facere
1357 1610 1365 1635 ;
1397 1606 1486 1634 nou

0 1683 5 1702 :
51 1664 58 1705 Ἰ
105 1661 223 1706 licet.

0 1755 8 1762 -
58 1718 68 1790 ¹,
162 1733 243 1774 ΙΙΙ.
269 1729 352 1775 Sed
365 1730 452 1790 jam
471 1729 505 1773 si
523 1728 698 1783 fecistis,
718 1738 760 1772 et
775 1728 978 1787 pecunias
996 1729 1100 1772 tales
1119 1729 1303 1784 habetis,
1322 1739 1364 1773 et
1385 1729 1486 1774 inde

7 1838 11 1846 .
60 1818 65 1846 z,
103 1800 306 1845 saccellos
328 1799 552 1858 implestis,
575 1798 677 1842 inde
689 1798 1039 1842 thesaurizabatis
1060 1816 1068 1842 :
1091 1798 1145 1841 de
1158 1798 1273 1843 malo
1291 1801 1485 1858 estquod

103 1871 301 1926 habetis,
326 1871 415 1929 jam
437 1868 571 1912 nolite
598 1868 760 1912 malum
795 1868 978 1922 addere,
1014 1877 1056 1911 et
1089 1868 1216 1912 facite
1237 1869 1360 1912 vobis
1384 1870 1486 1912 ami>-

0 1961 18 1988 J·
67 1958 71 1984 ε
103 1957 175 1986 cos
192 1940 247 1985 de
268 1955 514 1984 mammona
536 1938 789 1997 iniquitatis.
807 1939 1031 1998 Numquid
1047 1940 1276 1982 Zacchaeus
1290 1939 1345 1982 de
1368 1939 1485 1983 bono

102 2011 324 2055 habebat?
351 2010 496 2068 Legite
519 2018 562 2053 et
581 2007 738 2053 videte.
765 2009 902 2067 Major
924 2018 1014 2052 erat
1046 2008 1378 2067 publicanorum
1398 2043 1408 2062 ,
1440 2009 1484 2052 id

70 2120 76 2127 .
101 2091 193 2136 est,
226 2081 297 2125 cui
319 2078 546 2138 vectigalia
568 2077 742 2137 publica
766 2077 1104 2122 conferebantur
1127 2097 1135 2122 :
1164 2078 1266 2122 inde
1294 2079 1483 2122 habebat

78 2169 79 2194 Ἰ
104 2152 273 2197 divitias
287 2153 318 2194 ³.
343 2150 505 2195 Multos
528 2159 758 2209 presserat,
785 2148 930 2193 multis
948 2149 1208 2202 abstulerat,
1230 2149 1366 2194 multa
1384 2165 1483 2194 con·x

78 2231 304 2281 ³gesserat.
344 2220 526 2264 Intravit
556 2220 735 2264 domum
765 2221 856 2279 ejus
889 2219 1107 2273 Christus,
1143 2229 1186 2263 et
1219 2220 1338 2264 venit
1371 2220 1483 2263 salus

84 2308 233 2352 super
267 2292 448 2336 domum
470 2292 559 2350 ejus
587 2309 594 2334 ε
618 2290 676 2334 sic
699 2291 813 2333 enim
832 2290 889 2332 ait
915 2290 1004 2348 ipse
1028 2290 1234 2334 Dominus
1261 2309 1270 2334 :
1300 2309 1319 2331 «
1345 2290 1484 2334 Hodie

87 2396 89 2403 ,
107 2382 128 2405 »
164 2363 275 2407 salus
295 2361 444 2407 domui
462 2362 564 2405 huic
586 2360 698 2404 facta
718 2371 795 2404 est.
823 2379 842 2401 »
872 2360 953 2404 Sed
969 2360 1102 2418 ipsam
1124 2360 1304 2403 salutem
1323 2361 1480 2404 videte.

85 2458 91 2472 ·÷
106 2434 252 2478 Primo
274 2432 546 2476 desiderabat
564 2432 796 2474 Dominum
821 2429 964 2473 videre
981 2465 995 2484 ,
1017 2430 1117 2489 quia
1140 2439 1300 2473 statura
1327 2447 1484 2489 parvus

0 2500 31 2521 ⁰¹²
90 2513 199 2551 :erat
224 2503 323 2548 :sed
349 2503 474 2547 turba
497 2500 758 2560 impediente
772 2499 961 2544 ascendit
978 2501 1020 2543 in
1038 2500 1232 2544 arborem
1253 2502 1481 2557 sycomori,

0 1872 67 1917 Si.

96 2607 97 2610 =
155 2592 163 2610 ¹
182 2590 256 2621 Psal.
283 2601 329 2630 iv,
346 2589 374 2620 5.
396 2605 436 2610 —
453 2595 465 2610 '¹
487 2588 531 2620 Id.
552 2599 580 2625 ι,,
609 2598 655 2618 ιι.
680 2603 717 2608 -—
736 2584 747 2608 3
766 2588 840 2617 Luc.
865 2597 924 2625 xit,
944 2595 975 2618 2.

328 2653 463 2684 CXXV.
1279 2644 1329 2679 40
