1898 3178
361 240 443 278 616
800 248 833 277 S.
870 250 1098 277 AUGUSTINI
1132 251 1312 279 prscom

359 315 596 359 nescientes
629 323 992 374 praeparaverunt.
1030 318 1182 359 Parata
1207 317 1297 375 jam
1333 330 1485 369 coena,
1518 315 1742 359 immolato

358 385 556 440 Christo,
588 394 684 444 post
713 385 1072 429 resurrectionem
1101 385 1260 430 Christi
1287 384 1591 429 commendata
1609 399 1741 444 quam

358 456 499 500 sciunt
518 454 688 510 fideles,
709 470 833 498 coena
859 455 1053 509 Domini,
1079 456 1257 515 ejusque
1280 456 1478 499 manibus
1501 464 1545 499 et
1564 469 1637 499 ore
1664 455 1741 498 fir-

357 536 498 581 mata,
537 526 651 570 missi
684 535 784 570 sunt
820 525 1042 585 Apostoli,
1079 526 1134 570 ad
1164 542 1274 587 quos
1301 527 1413 570 missi
1449 526 1623 570 fuerant
1644 535 1744 570 ante

357 598 625 656 Prophetae¹.
652 597 807 640 Venite
829 596 884 640 ad
902 612 1090 641 coenam.

414 670 471 710 ΙΙ.
507 670 834 711 Excusaverunt
857 667 932 727 qui
960 667 1106 711 venire
1135 666 1388 711 noluerunt.
1420 669 1476 710 Et
1507 681 1742 711 excusave-

357 746 475 791 runt,
495 736 750 797 quomodo?
769 740 870 781 Tres
888 736 1066 781 fuerunt
1085 736 1380 781 excusationes
1397 755 1407 780 ι
1430 756 1448 778 «
1468 739 1589 781 Unus
1607 736 1713 781 dixit
1731 755 1740 781 ε

359 826 378 849 »
406 807 561 852 Villam
588 808 687 862 emi,
710 823 760 852 eo
777 807 924 852 videre
946 807 1087 852 illam:
1114 807 1228 851 habe
1243 822 1312 850 me
1334 816 1602 851 excusatum.
1621 806 1743 852 Alius

359 896 378 918 >›
406 878 514 921 dixit
533 897 541 922 :
560 880 671 936 Juga
689 879 823 922 boum
846 879 929 922 emi
947 879 1159 938 quinque,
1178 887 1220 921 et
1238 893 1289 922 eo
1312 878 1494 938 probare
1518 877 1590 922 illa
1610 898 1619 922 ε
1638 892 1743 936 rogo

358 967 377 989 »
405 958 472 1003 te,
499 949 611 992 habe
634 964 702 992 me
725 958 991 993 excusatum.
1021 948 1190 993 Tertius
1219 947 1325 993 dixit
1353 968 1362 994 :
1390 951 1577 993 Uxorem
1612 949 1739 1002 duxi,

359 1038 377 1059 η
404 1020 517 1062 habe
541 1034 608 1062 me
638 1030 887 1064 excusatum
911 1040 919 1064 :
949 1020 1094 1063 venire
1116 1035 1206 1063 non
1238 1023 1454 1078 possum‘2.
1488 1037 1506 1059 »
1533 1022 1741 1063 Putamus

358 1106 446 1134 non
468 1090 559 1134 istae
582 1100 682 1134 sunt
702 1092 1018 1145 excusationes,
1044 1107 1143 1150 quae
1160 1090 1406 1149 impediunt
1424 1105 1573 1134 omnes
1593 1091 1739 1135 homi-

357 1176 453 1215 nes,
484 1161 559 1220 qui
583 1160 637 1204 ad
659 1161 783 1204 istam
807 1176 976 1204 coenam
1012 1162 1160 1204 venire
1187 1162 1457 1204 detrectant?
1485 1163 1739 1214 Quaeramus

356 1246 446 1284 eaS,
474 1231 776 1285 discutiamus,
799 1231 1069 1275 inveniamus
1091 1247 1099 1272 ε
1123 1231 1197 1275 sed
1221 1241 1270 1275 ut
1296 1246 1538 1275 caveamus.
1566 1234 1617 1275 In
1638 1231 1739 1276 villa

356 1310 517 1360 empta,
544 1300 782 1345 dominatio
811 1311 986 1344 notatur
1008 1321 1016 1345 :
1038 1316 1139 1360 ergo
1162 1303 1362 1361 superbia
1380 1302 1627 1361 castigatur.
1651 1304 1740 1346 Ha-

358 1373 458 1415 bere
480 1372 595 1415 enim
618 1371 764 1416 villam
783 1407 793 1427 ,
814 1382 986 1427 tenere,
1009 1373 1249 1432 possidere,
1273 1374 1471 1417 homines
1493 1373 1574 1418 sibi
1591 1374 1636 1417 in
1664 1373 1736 1418 illa

354 1441 540 1485 subdere
558 1477 568 1495 ,
595 1441 809 1485 dominari
831 1441 1033 1486 delectat.
1068 1443 1231 1486 Vitium
1255 1443 1438 1497 malum,
1475 1444 1629 1487 vitium
1650 1445 1739 1503 pri-

354 1528 490 1555 mum.
513 1513 681 1555 Primus
699 1513 812 1555 enim
838 1513 969 1557 homo
991 1512 1206 1557 dominari
1228 1514 1386 1568 voluit,
1411 1515 1486 1574 qui
1509 1514 1736 1559 dominum

355 1583 514 1625 habere
537 1581 691 1625 noluit.
723 1581 835 1634 Quid
858 1591 921 1626 est
942 1582 1155 1626 dominari
1174 1618 1184 1638 ,
1220 1584 1301 1627 nisi
1324 1584 1497 1643 propria
1524 1593 1736 1643 potestate

355 1652 568 1710 gaudere?
596 1655 672 1695 Est
695 1654 830 1712 major
853 1662 1063 1711 potestas,
1094 1651 1158 1696 illi
1182 1654 1437 1709 subdamur,
1471 1664 1520 1699 ut
1547 1655 1631 1699 tuti
1647 1671 1737 1700 esse

352 1722 570 1766 valeamus
596 1742 603 1767 :
629 1742 649 1764 «
674 1722 831 1766 Villam
855 1723 961 1777 emi,
986 1724 1099 1767 habe
1126 1739 1195 1767 me
1217 1734 1484 1768 excusatum.
1508 1743 1526 1765 »
1554 1728 1736 1771 Inventa

353 1793 575 1852 superbia,
602 1794 748 1837 venire
771 1792 927 1837 noluit.

412 1866 489 1907 ΙΙΙ.
522 1883 540 1905 «
567 1864 686 1907 Alius
710 1862 815 1907 dixit
846 1884 854 1908 :
881 1864 1086 1923 Quinque
1103 1865 1207 1923 juga
1240 1863 1373 1908 boum
1403 1864 1503 1909 emi.
1533 1883 1552 1905 »
1580 1867 1735 1910 Nonne

353 1936 569 1979 sufficeret
587 1954 594 1978 ;
614 1938 748 1978 Boves
767 1935 882 1978 emi?
900 1934 1077 1994 Aliquid
1095 1934 1245 1993 procul
1268 1933 1403 1979 dubio
1419 1944 1496 1989 est,
1523 1936 1642 1995 quod
1658 1953 1734 1981 nos

353 2007 406 2049 ad
425 2004 709 2065 quaerendum
726 2015 768 2049 et
782 2004 1112 2063 intelligendum
1137 2006 1397 2049 obscuritate
1415 2006 1479 2049 sui
1498 2017 1704 2065 provocat
1721 2024 1730 2048 ε

353 2086 393 2120 et
415 2077 516 2135 quia
536 2075 730 2120 clausum
753 2085 829 2129 est,
859 2084 908 2119 ut
930 2075 1161 2133 pulsemus,
1182 2076 1394 2120 hortatur.
1417 2077 1734 2137 Quinquejuga

356 2148 510 2201 boum,
540 2162 687 2190 sensus
710 2147 848 2190 carnis
871 2147 1013 2206 hujus.
1041 2147 1245 2205 Quinque
1272 2157 1558 2192 numerantur
1587 2163 1735 2192 sensus

351 2217 489 2261 carnis
505 2217 659 2275 hujus,
689 2216 806 2276 quod
830 2216 1032 2260 omnibus
1056 2225 1206 2260 notum
1232 2226 1318 2273 est,
1344 2226 1386 2260 et
1409 2218 1483 2277 qui
1507 2217 1620 2262 forte
1645 2234 1733 2263 non

352 2287 606 2343 advertunt,
633 2287 884 2330 commoniti
918 2287 1008 2329 sine
1041 2286 1175 2330 dubio
1206 2297 1535 2344 recognoseunt.
1577 2290 1733 2333 Sensus

351 2372 452 2415 ergo
466 2357 604 2400 carnis
619 2358 748 2416 hujus
767 2358 961 2416 quinque
981 2358 1276 2401 inveniuntur.
1300 2361 1349 2401 In
1364 2358 1498 2402 oculis
1518 2360 1633 2403 visus
1651 2368 1728 2414 est,

352 2426 521 2470 auditus
543 2427 588 2469 in
610 2427 807 2482 auribus,
834 2426 1036 2471 odoratus
1061 2427 1103 2470 in
1128 2428 1322 2482 naribus,
1349 2438 1543 2486 gustatus
1566 2430 1610 2473 in
1630 2430 1728 2474 fau-

415 2529 420 2542 ¹
457 2523 532 2553 Cocli
566 2524 647 2553 Cass<
680 2523 775 2562 11,fol
825 2523 907 2563 187:
947 2522 1093 2553 Dixerunt
1129 2524 1420 2565 ixpozioiizveniie
1439 2526 1474 2555 ad
1508 2535 1640 2556 coenain.
1677 2543 1716 2547 —

356 2583 366 2596 ⁷
388 2578 450 2605 lais·
484 2588 545 2607 ἰἰν,
575 2578 673 2607 19-Ίο
