1898 3178
398 231 536 260 SERMO
566 229 692 267 Lx1x,
727 229 782 256 nn
813 227 959 257 vizams
988 227 1154 257 MATTH.
1189 229 1251 256 Χῖ.
1423 218 1509 256 279

138 294 214 338 Dic
234 308 364 353 super
384 307 514 354 quem
538 292 768 352 requiescit
791 293 974 351 Spiritus
989 294 1146 338 meus?
1170 295 1346 352 «Super
1367 293 1514 337 humi-

137 384 158 408 »
182 364 269 409 lem
291 374 334 409 et
353 364 550 424 quietum
572 371 615 408 et
632 371 889 407 trementem
908 364 1041 408 verba
1055 365 1190 408 meal.
1211 380 1232 405 »
1254 365 1358 408 Haec
1380 364 1512 409 verba

136 439 287 480 Petrus
308 434 509 491 tremuit3
534 433 657 478 Plato
673 448 763 478 non
784 436 977 478 tremuit.
996 436 1158 478 Teneat
1174 434 1376 493 piscator,
1393 432 1514 494 quod

136 504 326 565 perdidit
342 503 634 549 nobilissimus
656 501 912 562 disputator.
942 522 963 546 «
977 503 1256 550 Abscondisti
1271 504 1367 550 haec
1399 519 1423 549 a
1444 518 1512 548 sa-

138 593 159 617 »
193 574 413 634 pientibus
441 583 484 618 et
518 572 810 633 prudentibus
830 607 842 629 ‚
876 582 921 617 et
951 573 1150 619 revelasti
1180 590 1230 619 ea
1265 572 1470 634 parvulis.
1490 591 1512 615 »

136 643 412 691 Abscondisti
432 643 626 703 superbis
645 678 657 699 ‚
693 652 738 687 et
770 642 969 688 revelasti
989 642 1244 688 humilibus.
1285 646 1394 698 Quae
1414 652 1518 689 sunt

136 716 260 775 ipsa?
281 716 379 760 Non
401 715 517 758 enim
538 729 640 760 cum
660 714 744 759 hoc
768 713 952 769 diceret,
983 714 1146 760 coelum
1183 725 1226 760 et
1261 724 1419 760 terram
1449 724 1517 760 at-

137 784 346 830 tendebat
360 819 371 840 ,
396 793 439 829 et
452 785 575 845 quasi
589 800 722 829 manu
739 784 1084 840 demonstrabat,
1110 801 1211 830 cum
1229 785 1392 831 diceret
1404 787 1513 831 haec.

138 855 240 910 Quis
261 855 377 899 enim
398 870 488 900 non
515 855 635 900 videt
667 856 786 901 haec?
822 854 1015 900 «Vident
1036 855 1143 900 boni
1158 891 1170 912 ‚
1204 856 1355 901 vident
1377 855 1479 900 mali
1504 874 1514 901 :

138 925 250 978 Quia
263 924 368 970 facit
382 925 516 970 solem
534 940 661 970 suum
677 926 778 971 oriri
799 941 928 986 super
949 926 1087 972 bonos
1102 935 1145 971 et
1158 925 1332 972 malos2.
1349 945 1369 968 »
1410 928 1518 979 Quae

139 1004 243 1040 sunt
264 1010 365 1054 ergo
386 996 490 1040 ista?
515 997 704 1041 «Omnia
718 997 825 1042 mihi
846 996 1003 1042 tradita
1020 1006 1123 1043 sunt
1139 1012 1163 1042 a
1185 1000 1312 1042 Patre
1327 998 1491 1042 me03.»

139 1195 918 1214 mmmmmwummmw

1133 1197 1202 1214 ΜΜ
1205 1197 1521 1216 mmmm

593 1334 826 1382 SERMO
868 1336 1022 1383 LXIX
1034 1335 1065 1382 ⁴.

141 1512 204 1553 De
224 1507 366 1553 verbis
388 1507 615 1566 Evangelii
636 1508 794 1553 Matth.
815 1525 862 1552 x1
896 1523 906 1549 :
957 1507 1013 1553 V
1014 1523 1040 1553 e
1087 1517 1141 1554 nt
1168 1506 1240 1552 ad
1264 1524 1341 1554 me
1365 1524 1530 1556 omnes

363 1578 447 1636 qui
465 1575 700 1622 laboratis
715 1613 732 1634 ,
763 1585 809 1623 et
825 1579 1017 1623 onerati
1035 1580 1148 1624 estis
1166 1615 1177 1636 ‚
1214 1588 1303 1625 ete.

202 1750 237 1792 Ι.
258 1749 512 1792 Armi-mus
533 1746 579 1791 in
600 1745 840 1805 Evangelio
865 1746 1102 1791 Dominum
1119 1746 1408 1793 exhilaratum
1432 1750 1529 1810 Spi-

143 1820 229 1864 ritu
247 1817 401 1862 dixisse
433 1821 524 1862 Deo
552 1818 670 1862 Patri
697 1837 706 1862 :
736 1836 757 1859 «
778 1818 1001 1863 Confiteor
1025 1818 1106 1862 tibi
1123 1853 1134 1873 ,
1160 1821 1288 1863 Pater
1306 1854 1317 1875 ,
1345 1821 1530 1865 Domine

145 1909 166 1933 »
201 1889 303 1934 coeli
314 1897 357 1933 et
369 1896 511 1944 terrae,
532 1888 634 1948 quia
651 1887 914 1933 abscondisti
934 1888 1029 1933 haec
1045 1905 1069 1933 a
1088 1888 1354 1948 sapientibus
1369 1899 1413 1935 et
1428 1906 1530 1951 pru-

145 1979 166 2002 »
203 1959 431 2015 dentibus,
455 1968 498 2003 et
520 1958 718 2003 revelasti
751 1973 800 2002 ea
821 1957 1027 2018 parvulis.
1067 1961 1133 2003 Ita
1152 1962 1298 2016 Pater,
1321 1962 1528 2020 quoniam

147 2048 167 2071 »
201 2029 261 2073 sie
282 2028 492 2088 placitum
511 2037 574 2072 est
595 2043 741 2072 coram
764 2037 822 2073 te.
859 2029 1015 2072 Omnia
1046 2029 1155 2073 mihi
1191 2030 1348 2074 tradita
1373 2040 1474 2076 sunt
1504 2048 1529 2076 a

146 2118 167 2141 »
203 2103 330 2144 Patre
353 2113 450 2143 meo
472 2117 480 2143 :
501 2107 544 2142 et
561 2113 690 2142 nemo
706 2099 900 2158 agnoscit
914 2099 1076 2144 Filium
1090 2135 1100 2155 ‚
1123 2099 1205 2144 nisi
1220 2103 1369 2158 Pater3
1386 2117 1529 2162 neque

147 2189 168 2212 »
203 2173 377 2214 Patrem
398 2169 494 2229 quis
516 2169 731 2226 agnoscit,
756 2169 836 2213 nisi
853 2169 1011 2225 Filius,
1039 2179 1082 2214 et
1096 2171 1166 2215 cui
1186 2170 1373 2216 voluerit
1391 2171 1527 2218 Filius

147 2260 168 2283 »
203 2240 432 2285 revelare4.
456 2258 476 2281 »
498 2242 549 2283 In
570 2239 800 2284 clamando
823 2239 1086 2297 laboramus,
1106 2242 1152 2285 in
1167 2241 1385 2288 audiendo
1406 2242 1527 2289 labo-

143 2312 258 2356 ratis.
284 2311 497 2355 Audimus
512 2325 612 2368 ergo
635 2326 736 2355 eum
752 2311 829 2371 qui
845 2311 1043 2372 sequitur
1057 2346 1068 2367 ‚
1095 2322 1137 2356 et
1158 2312 1264 2357 dicit
1288 2328 1298 2354 :
1328 2331 1348 2355 «
1369 2315 1526 2360 Venite

147 2400 167 2424 »
202 2382 256 2427 ad
277 2397 346 2426 me
360 2396 510 2426 omnes
534 2381 610 2442 qui
626 2381 871 2426 lab01·atis⁶.
895 2400 916 2424 »
941 2385 1085 2436 Quare
1103 2383 1217 2427 enim
1241 2383 1524 2431 omneslabo-

191 2497 201 2514 ¹
220 2491 293 2523 Isat.
314 2500 402 2532 uvi,
421 2499 451 2523 2.
474 2506 516 2513 -—
534 2496 548 2513 2
565 2490 686 2523 Matth.
707 2501 739 2532 v,
759 2489 815 2532 45.
838 2507 881 2514 -
901 2489 914 2514 3
934 2492 981 2525 ld.
997 2503 1043 2534 xi,
1065 2502 1120 2535 27.
1134 2508 1177 2517 —
1199 2491 1217 2524 4
1233 2491 1318 2527 Alias
1333 2503 1371 2527 xo
1390 2494 1432 2527 de
1446 2504 1520 2528 ver-

144 2546 192 2579 bis
210 2546 346 2579 Domini.
365 2561 408 2569 —-
428 2544 442 2569 ⁵
456 2545 574 2578 Matth,
589 2556 633 2587 xl,
653 2544 766 2587 25-27.
787 2562 829 2571 --
843 2543 860 2569 ⁶
877 2545 957 2581 Ibid.
982 2548 1036 2582 28.
