1898 3178
405 213 542 242 senno
574 211 727 250 vau,
762 213 817 241 m:
849 213 998 243 ovnms
1029 213 1076 242 m
1107 212 1254 242 Ezizcn.
1462 203 1518 245 43

142 292 186 324 se
207 276 396 323 exaudiri
416 292 540 336 posse
557 275 776 337 desperet,
796 287 1131 341 commemorata
1154 287 1217 323 est
1246 279 1520 325 necessitudo

142 350 342 410 quaedam
370 346 627 392 exaudiendi
655 363 733 392 nos
752 351 857 393 Deo.
887 367 907 391 «
931 350 1146 402 Quoniam
1175 350 1267 410 ipse
1288 359 1351 395 est
1369 352 1520 395 Domi-

144 437 165 461 »
199 433 281 462 nus
313 425 480 472 noster,
506 417 582 477 qui
610 416 713 462 fecit
737 433 830 462 nos.
859 436 879 460 »
906 417 985 462 Ille
1007 422 1121 464 Deus
1149 428 1294 465 noster
1318 435 1422 465 :nos
1443 436 1523 479 po-

144 508 166 533 »
198 487 328 548 pulus
351 503 520 548 pascuae
537 489 629 548 ejus
650 497 693 532 et
717 504 817 534 oves
840 504 1050 534 manuum
1067 491 1212 550 ejus.»
1231 494 1426 535 Pastores
1438 491 1521 535 ho-

140 558 298 614 mines,
334 558 403 604 vel
435 559 564 604 etiam
596 558 922 619 patresfamilias
968 560 1133 605 domini
1159 577 1390 620 pecorum,
1423 577 1522 607 oves

141 644 249 690 quas
264 629 451 684 habent,
477 644 567 674 non
593 629 673 688 ipsi
693 627 894 674 fecerunt
918 648 928 675 ι
949 645 1051 675 oves
1074 646 1182 690 quas
1205 640 1411 690 pascunt,
1434 647 1523 675 non

141 700 224 760 ipsi
244 709 500 745 creaverunt
526 719 535 745 ε
560 709 706 745 noster
728 709 872 744 autem
895 702 1104 745 Dominus
1127 704 1262 757 Deus,
1287 703 1389 762 quia
1409 705 1523 746 Deus

141 779 186 815 et
201 778 369 814 creator
388 778 472 824 est,
497 769 598 814 fecit
618 770 697 814 sibi
720 785 820 815 oves
834 786 940 830 quas
953 771 1114 816 habeat
1127 806 1138 826 ‚
1159 781 1201 816 et
1222 788 1327 832 quas
1348 781 1518 832 pascat:

141 855 222 884 nec
239 839 346 884 alter
359 839 562 894 instituit,
581 856 687 900 quas
710 841 801 899 ipse
813 841 949 900 pascit
961 862 972 897 3
984 857 1065 886 nec
1080 856 1187 901 quas
1202 842 1292 901 ipse
1314 843 1498 887 instituit
1511 878 1521 897 ,

141 908 250 955 alter
260 910 408 969 pascit.
426 910 650 954 Ploremus
665 926 767 969 ergo
785 920 884 955 ante
896 911 1037 956 illum.
1054 910 1205 973 Neque
1220 914 1336 957 enim
1348 914 1392 957 in
1406 914 1524 956 bono

140 993 310 1035 sumus,
329 994 431 1024 cum
453 980 498 1023 in
515 981 599 1025 hoe
616 981 776 1025 saeculo
798 996 961 1027 sumuS.
979 983 1089 1026 Cum
1119 983 1234 1026 enim
1256 983 1523 1042 placebimus

140 1049 325 1094 Domino
346 1049 392 1093 in
421 1049 597 1108 regione
624 1051 822 1095 vivorum
838 1086 849 1105 ,
881 1060 986 1096 tunc
1016 1051 1299 1111 detergentur
1321 1052 1524 1109 lacrymae

140 1128 321 1174 nostrae3
347 1128 390 1161 et
410 1118 603 1163 dicemus
631 1121 670 1162 ei
686 1120 860 1173 laudes,
881 1122 958 1179 qui
979 1137 1058 1163 nos
1082 1124 1242 1166 exemit
1264 1123 1318 1165 de
1340 1121 1524 1166 vinculis

138 1188 306 1241 mortis,
323 1187 455 1246 pedes
469 1198 638 1232 nostros
657 1203 682 1231 a
696 1187 820 1247 lapsu
831 1223 842 1243 ,
860 1189 1009 1233 oculos
1026 1198 1195 1234 nostros
1208 1206 1231 1234 a
1244 1190 1460 1248 lacrymis,
1476 1203 1526 1236 ut

138 1257 384 1317 placeamus
401 1257 586 1300 Domino
600 1257 646 1300 in
668 1257 842 1314 regione
858 1258 1057 1301 vivorum
1072 1260 1086 1284 1
1114 1277 1123 1303 z
1142 1260 1243 1318 quia
1265 1259 1442 1304 difficile
1462 1271 1525 1305 est

139 1335 190 1371 ut
211 1326 248 1369 ei
261 1324 481 1384 placeatur
504 1326 548 1369 in
576 1326 750 1383 regione
777 1335 1052 1371 mortuorum
1078 1346 1087 1373 ε
1113 1330 1190 1372 Est
1205 1338 1350 1373 autem
1382 1340 1425 1374 et
1455 1331 1524 1374 hic

139 1397 258 1442 unde
269 1395 332 1440 illi
347 1396 610 1456 placeamus,
624 1397 715 1456 ejus
730 1397 1067 1443 misericordiam
1082 1398 1127 1442 in
1140 1415 1218 1444 nos
1230 1399 1522 1459 deprecando,

140 1483 164 1512 a
185 1467 371 1525 peccatis
392 1482 486 1521 n05,
509 1475 721 1525 quantum
744 1482 995 1525 possumu5‚
1012 1469 1293 1525 abstinendo,
1314 1470 1360 1514 in
1382 1486 1525 1530 quan—

139 1546 236 1582 tum
259 1544 404 1580 autem
433 1551 521 1580 non
539 1551 788 1594 possumus,
816 1537 1068 1583 confitendo
1094 1548 1226 1599 atque
1260 1539 1523 1599 plangendo.

140 1609 207 1651 Ita
217 1606 263 1650 in
284 1606 365 1650 hac
382 1606 472 1652 vita
500 1621 647 1650 sumus
669 1616 890 1666 sperantes
910 1607 1037 1653 aliam
1063 1610 1218 1665 vitam,
1240 1610 1458 1670 plorantes
1483 1613 1526 1655 in

139 1691 238 1736 spe,
256 1676 344 1720 imo
364 1675 586 1734 plorantes
605 1676 652 1720 in
663 1676 985 1734 re,·gaudentes
1007 1678 1051 1721 in
1073 1693 1163 1736 spe.

203 1748 263 1789 ΙΙ.
300 1744 485 1789 Professi
521 1760 623 1803 ergo
650 1746 696 1789 in
730 1747 815 1791 hoc
849 1747 1041 1801 cantico,
1071 1748 1175 1807 quia
1209 1763 1310 1793 oves
1332 1749 1423 1809 ejus
1453 1765 1527 1793 su-

140 1829 260 1870 mus,
297 1813 487 1874 populus
525 1830 697 1873 pascuae
725 1816 816 1875 ejus
840 1850 851 1870 ‚
891 1831 991 1861 oves
1033 1832 1246 1862 manuum
1288 1819 1378 1877 ejus
1397 1839 1408 1877 3
1449 1835 1528 1863 au-

142 1883 311 1929 diamus
341 1885 451 1944 quid
484 1884 538 1928 ad
566 1900 643 1929 nos
688 1884 916 1944 loquatur,
947 1895 1157 1946 tanquam
1193 1886 1249 1931 ad
1286 1903 1385 1932 oves
1413 1905 1523 1933 suas,

142 1953 316 1998 Pridem
338 1954 582 2013 pastoribus
615 1954 879 2014 loquebatur
909 1957 1128 2014 superiore
1156 1956 1346 2001 lectione
1379 1976 1389 2002 z
1412 1973 1527 2017 prae-

143 2026 254 2069 senti
276 2033 423 2070 autem
441 2034 484 2068 et
505 2024 715 2069 hodierna
737 2025 891 2070 ovibus
906 2026 1120 2086 loquitur.
1148 2030 1200 2071 In
1212 2027 1294 2072 illis
1313 2043 1413 2086 ergo
1434 2030 1526 2088 ejus

141 2094 284 2140 verbis
305 2109 383 2139 nos
401 2110 502 2138 cum
519 2103 706 2139 tremore
723 2094 1005 2140 audiebamus
1019 2131 1030 2152 ,
1050 2113 1126 2142 vos
1143 2113 1245 2142 cum
1262 2098 1489 2143 securitate
1511 2118 1519 2143 ε

142 2163 250 2224 quid
267 2179 370 2223 ergo
386 2164 432 2208 in
454 2164 543 2208 istis
557 2164 698 2208 verbis
710 2164 961 2210 hodiernis?
984 2168 1209 2228 Numquid
1231 2168 1418 2213 vicissim
1447 2184 1525 2213 nos

143 2249 245 2279 cum
268 2235 517 2289 securitate,
549 2250 625 2279 vos
653 2251 754 2280 cum
785 2239 1007 2282 tremore?
1029 2241 1136 2283 Non?
1161 2239 1328 2298 utique.
1358 2239 1523 2294 Primo,

142 2304 245 2364 quja
262 2313 306 2348 et
321 2305 356 2349 si
378 2313 568 2363 pastores
590 2321 739 2350 sumus
754 2341 766 2361 ,
790 2315 936 2365 pastor
956 2323 1044 2353 non
1063 2308 1203 2352 solum
1225 2308 1345 2368 quod
1366 2308 1526 2353 dicitur

142 2374 199 2420 ad
219 2384 409 2434 pastores
427 2411 438 2433 ‚
462 2391 563 2420 cum
580 2386 767 2422 tremore
784 2378 931 2433 audit,
962 2379 1039 2423 sed
1061 2380 1191 2423 etiam
1213 2379 1334 2439 quod
1363 2379 1524 2425 dicitur

143 2444 198 2490 ad
218 2461 333 2491 oves.
356 2446 400 2491 Si
421 2447 536 2491 enim
557 2463 732 2493 securus
749 2450 872 2494 audit
885 2450 1005 2509 quod
1027 2449 1081 2494 ad
1103 2465 1202 2496 oves
1223 2451 1384 2496 dicitur
1400 2486 1411 2506 ,
1436 2466 1523 2495 non

193 2535 202 2552 ¹
222 2529 304 2562 Psal.
323 2539 406 2571 cxlv,
432 2531 465 2572 8,
484 2542 518 2572 9.
