1898 3178
401 182 485 223 458
833 194 866 221 s.
901 189 1132 220 Auens'nm
1164 193 1346 222 131⁸1scol>1

399 268 570 318 tempus
590 257 759 303 deserat
780 271 921 301 aream
938 291 949 312 ,
988 255 1144 302 toleret
1164 257 1333 317 paleam
1350 257 1396 301 in
1421 258 1598 313 tritura,
1629 257 1783 304 toleret

397 329 444 372 in
467 330 606 372 area1.
633 326 761 381 Quod
787 327 903 370 enim
927 325 1109 383 toleret,
1130 328 1176 372 in
1196 328 1352 373 horreo
1373 343 1464 373 non
1479 328 1674 373 habebit.
1694 330 1784 373 Ve-

397 399 487 443 niet
505 397 759 452 ventilator,
777 397 854 458 qui
872 396 1039 443 dividet
1058 398 1193 444 malos
1207 415 1231 443 a
1248 399 1391 444 bonis.
1417 400 1511 444 Erit
1533 399 1662 444 etiam
1683 415 1784 446 cor-

397 469 554 529 poralis
576 469 786 528 separatio
804 503 815 524 ‚
840 483 971 529 quam
989 468 1120 514 modo
1141 469 1340 530 spiritalis
1362 469 1584 530 praecedit.
1608 473 1647 515 Α
1662 470 1785 516 malis

397 539 529 586 corde
550 555 719 600 semper
738 538 1064 600 disjungimini,
1091 541 1146 586 ad
1168 550 1340 600 tempus
1360 550 1484 585 caute
1504 557 1686 601 corpore
1710 557 1786 586 co·
1849 585 1852 604 f

397 610 622 670 pulamini.
647 613 736 657 Nec
758 620 904 655 tamen
935 611 1203 671 negligentes
1222 612 1311 656 sitis
1328 612 1374 656 in
1395 612 1660 671 corrigendis
1686 628 1784 658 ves·
1848 605 1852 654 ἶ
1886 671 1890 687 1

397 682 472 726 tris
488 716 499 737 ‚
525 682 581 726 ad
602 697 750 727 curam
773 681 934 727 scilicet
951 692 1140 728 vestram
1163 698 1343 743 quoquo
1363 682 1496 727 modo
1525 683 1785 743 pertinenti-

397 753 504 809 bus,
535 753 783 810 monendo,
809 753 1036 811 docendo,
1061 754 1302 810 hortando,
1342 754 1562 799 terrendo.
1589 754 1785 809 Quibus-
1848 782 1851 808 ξ

396 839 587 884 cumque
625 824 766 869 modis
808 825 1016 884 potestis,
1060 825 1189 883 agite.
1230 827 1318 870 Nec
1354 840 1453 869 cum
1496 825 1698 870 invenitis
1740 825 1787 870 in
1848 846 1850 882 ς

398 895 629 955 Scripturis
646 904 688 940 et
711 896 756 939 in
776 895 981 955 exemplis
1012 905 1290 951 sanctorum,
1325 896 1413 941 sive
1434 896 1512 957 qui
1544 905 1673 952 ante,
1698 897 1787 942 sive
1887 884 1893 904 ⁵

395 967 470 1026 qui
493 975 591 1026 post
611 967 785 1011 Domini
802 967 1039 1011 adventum
1061 966 1108 1010 in
1129 967 1212 1012 hac
1225 967 1311 1012 vita
1329 967 1524 1023 fuerunt,
1543 967 1665 1028 quod
1683 968 1786 1012 mali

393 1037 532 1081 bonos
554 1038 600 1080 in
622 1037 788 1081 unitate
806 1053 895 1082 non
915 1037 1153 1093 maculant,
1178 1038 1428 1083 efficiamini
1445 1038 1556 1097 pigri
1571 1038 1627 1082 ad
1648 1038 1786 1082 corri-

395 1108 558 1168 gendos
580 1108 732 1153 malos,
771 1110 953 1154 Duobus
992 1109 1132 1164 modis
1153 1125 1244 1155 non
1267 1119 1308 1154 te
1335 1109 1528 1155 maculat
1557 1110 1726 1156 malus:
1751 1111 1787 1155 si

393 1196 482 1225 non
504 1180 747 1226 consentias
762 1216 773 1235 ‚
800 1190 843 1226 et
864 1182 898 1225 si
920 1181 1154 1241 redarguas
1176 1201 1185 1226 :
1206 1182 1290 1226 hoc
1317 1190 1382 1226 est
1397 1216 1408 1235 ÷
1433 1197 1523 1227 non
1542 1182 1787 1227 communi-

393 1266 490 1296 care
506 1287 517 1306 ‚
560 1267 651 1297 non
684 1252 943 1296 consentire.
979 1253 1339 1297 Communicatur
1378 1252 1542 1312 quippe
1557 1287 1568 1308 ‚
1606 1251 1786 1312 quando

392 1322 511 1368 facto
528 1325 618 1383 ejus
638 1324 906 1368 consortium
931 1322 1167 1368 voluntatis
1190 1323 1259 1368 vel
1281 1323 1606 1383 approbationis
1630 1322 1788 1382 adjun-

393 1394 522 1451 gitur.
541 1396 634 1438 Hoc
658 1408 759 1451 ergo
770 1408 849 1437 nos
862 1392 1103 1437 admonens
1115 1392 1350 1452 Apostolus
1369 1393 1427 1436 ait
1449 1409 1458 1434 :
1479 1411 1500 1435 «
1513 1392 1656 1438 Nolite
1667 1408 1787 1437 com-

395 1481 415 1504 »
440 1463 664 1506 municare
680 1462 884 1521 operibus
903 1462 1184 1508 infructuosis
1206 1462 1527 1506 tenebrarum2.
1556 1464 1650 1506 »Et
1677 1464 1780 1523 quia

391 1548 547 1593 parum
564 1542 655 1577 erat
674 1549 764 1578 non
778 1534 1039 1587 consentire,
1056 1534 1089 1577 si
1106 1542 1360 1593 sequeretur
1376 1531 1640 1592 negligentia
1657 1532 1781 1579 disci·

390 1603 523 1663 plinae
549 1622 559 1648 2
588 1622 608 1645 «
633 1604 768 1661 Magis
806 1612 951 1647 autem
968 1637 979 1659 ‚
1011 1604 1179 1663 inquit,
1212 1613 1256 1648 et
1284 1603 1547 1663 redarguite.
1578 1621 1598 1646 »
1624 1604 1781 1649 Videte

390 1673 761 1734 quemadmodum
776 1683 1012 1734 utrumque
1026 1674 1276 1734 complexus
1294 1684 1373 1730 est⁷
1390 1694 1410 1717 «
1425 1673 1566 1721 Nolite
1577 1690 1779 1720 commu-

392 1763 412 1787 »
435 1746 579 1789 nicare
605 1764 614 1790 z
643 1745 776 1804 magis
798 1753 942 1789 autem
960 1754 1004 1789 et
1023 1744 1287 1804 redarguite.
1310 1764 1331 1788 »
1355 1745 1469 1799 Quid
1486 1755 1565 1802 est,
1593 1763 1613 1788 α
1636 1744 1780 1792 Nolite

391 1835 411 1859 »
438 1816 786 1861 communicare?
811 1833 831 1857 υ
856 1813 1001 1861 Nolite
1025 1816 1285 1870 consentire,
1311 1815 1446 1860 nolite
1468 1815 1671 1871 laudare,
1696 1832 1780 1861 no-

388 1887 463 1930 lite
485 1886 743 1946 approbare.
774 1886 889 1939 Quid
907 1894 992 1940 est,
1019 1904 1039 1927 «
1065 1885 1202 1944 Magis
1216 1893 1362 1929 autem
1379 1893 1423 1930 et
1451 1884 1728 1945 redarguite?
1751 1905 1773 1928 »

389 1957 726 2017 Reprehendste,
753 1957 980 2016 corripite}
1001 1960 1212 2001 coercete.

444 2030 544 2072 XX.
567 2028 734 2072 Deinde
755 2027 801 2071 in
821 2027 913 2086 ipsa
935 2027 1201 2072 correctione
1222 2025 1292 2071 vel
1323 2026 1584 2072 coercitione
1605 2026 1771 2073 alieno-

387 2115 484 2143 rum
506 2108 783 2160 peccatorum
807 2097 1050 2143 cavendum
1067 2106 1145 2153 est,
1160 2113 1215 2141 ne
1230 2113 1273 2141 se
1296 2097 1475 2142 extollat
1491 2098 1567 2158 qui
1583 2097 1766 2143 alterum

388 2172 587 2231 corripit3
608 2180 651 2215 et
672 2169 903 2230 apostolica
919 2168 993 2213 illa
1015 2168 1244 2229 cogitanda
1262 2170 1475 2214 sententia
1497 2178 1561 2214 est
1580 2189 1590 2215 ι
1615 2188 1635 2212 «
1656 2172 1767 2224 Qua-

391 2260 412 2284 »
448 2252 624 2302 propter
643 2243 719 2303 qui
746 2257 790 2286 se
812 2251 937 2301 putat
970 2250 1103 2296 stare,
1149 2241 1293 2286 videat
1314 2257 1369 2286 ne
1400 2242 1571 2286 cadatss.
1600 2260 1620 2283 »
1646 2244 1769 2287 Foris

388 2312 640 2358 terribiliter
672 2321 876 2371 personet
911 2312 1173 2371 increpatio,
1199 2312 1316 2356 intus
1344 2311 1530 2356 lenitatis
1570 2321 1770 2357 teneatur

389 2380 578 2426 dilectio.
609 2401 630 2424 «
652 2383 694 2427 Si
712 2390 1039 2442 praeoccupatus
1058 2380 1189 2425 fuerit
1211 2383 1343 2427 homo
1360 2382 1406 2426 in
1427 2382 1574 2442 aliquo
1591 2381 1767 2437 delicto,

395 2471 412 2492 »
447 2453 557 2496 sicut
578 2451 684 2498 dicit
706 2454 820 2498 idem
838 2452 1094 2513 Apostolus,
1119 2469 1195 2498 vos
1216 2454 1292 2514 qui
1313 2453 1521 2512 spiritales
1541 2454 1661 2509 estis,
1683 2454 1768 2497 hu-

438 2544 446 2560 ¹
468 2537 574 2571 Florus
593 2539 631 2571 ad
650 2539 763 2581 Ephes.
781 2551 810 2572 v.
830 2557 871 2563 --
891 2547 903 2563 ²
923 2539 1038 2582 Ephes.
1062 2551 1096 2580 v,
1116 2551 1167 2571 11.
1188 2556 1229 2562 -
1250 2537 1263 2562 3
1282 2551 1292 2570 1
1311 2541 1382 2572 Cor.
1405 2549 1436 2579 x,
1457 2547 1509 2572 12.
