1898 3178
470 200 608 230 SERMO
639 201 760 240 xmx,
795 202 849 229 DE
881 200 1029 230 vmims
1059 202 1154 229 Luc.
1192 202 1268 228 vu.
1470 189 1550 229 541

177 265 436 312 commisisse
468 284 477 311 ε
509 267 673 326 quare?
718 282 806 326 quo
842 267 1048 326 regente?
1084 269 1174 311 Deo
1207 265 1361 324 gratias
1388 299 1398 319 ‚
1435 266 1557 324 quod

176 345 300 381 motu
315 346 358 381 et
380 351 486 381 voce
505 345 644 381 vestra
662 336 918 381 intellexisse
948 352 1023 382 vos
1045 336 1327 395 significastis.
1359 337 1455 380 Jam
1472 370 1483 391 ‚
1509 344 1558 379 ut

175 405 302 450 video
317 441 328 461 ,
357 406 497 451 soluta
518 407 701 465 quaestio
730 415 808 450 est.
836 407 917 451 Hic
938 407 1076 450 multa
1098 406 1312 451 commisit
1335 440 1346 460 ,
1377 414 1421 448 et
1442 403 1557 448 mul-

174 484 319 520 torum
336 475 508 520 debitor
528 475 669 520 factus
686 485 769 521 est:
787 475 860 520 ille
877 477 1150 536 gubernante
1168 480 1259 521 Deo
1273 491 1410 536 pauca
1433 490 1555 520 com-

174 546 302 590 misit.
337 546 419 591 Cui
441 545 622 605 deputat
639 544 711 590 ille
731 546 851 606 quod
878 545 1039 591 dimisit
1053 582 1064 603 ‚
1086 548 1188 592 huic
1208 556 1251 591 et
1272 547 1352 590 iste
1375 546 1556 605 deputat

174 615 296 675 quod
329 631 418 660 non
449 616 679 661 commisit.
714 615 898 661 Adulter
933 632 1022 662 non
1056 617 1176 661 fuisti
1208 615 1349 660 inilia
1375 625 1448 660 tua
1471 615 1557 659 vita

175 685 393 745 praeterita
426 685 556 744 plena
583 686 852 744 ignorantia,
879 687 1077 731 nondum
1111 686 1408 739 muminatus,
1444 701 1558 730 non-

176 755 283 800 dum
316 756 482 800 bonum
517 755 770 815 malumque
791 756 1038 801 discernens
1054 792 1065 812 ‚
1094 756 1292 801 nondum
1315 755 1494 800 credens
1515 756 1560 800 in

174 826 316 882 illum,
333 827 410 887 qui
428 837 470 872 te
490 827 754 872 nescientem
775 828 968 886 regebat.
982 831 1074 873 Hoc
1088 828 1167 873 tibi
1186 827 1291 872 dicit
1304 830 1416 872 Deus
1434 836 1556 871 tuus:

175 897 394 956 Regebam
416 906 458 942 te
480 898 584 941 mihi
602 933 612 952 ‚
638 898 864 943 servabam
886 907 928 943 te
951 898 1074 942 mihi.
1108 901 1165 943 Ut
1184 897 1447 942 adulterium
1470 913 1560 941 non

174 968 487 1023 committeres,
516 983 665 1013 suasor
686 967 827 1012 defuit
849 987 858 1014 ;
881 977 931 1013 ut
959 983 1107 1013 suasor
1128 969 1318 1022 deesset,
1346 983 1427 1025 ego
1457 966 1555 1011 feci.

174 1041 314 1084 Locus
331 1047 374 1082 et
396 1047 567 1097 tempus
589 1037 752 1096 defuit3
777 1047 820 1082 et
835 1047 885 1082 ut
905 1039 1000 1083 haec
1023 1038 1245 1092 deessent,
1265 1052 1346 1095 ego
1365 1035 1462 1080 feci.
1486 1035 1558 1080 Af-

173 1108 258 1153 fuit
282 1124 451 1164 suasor,
473 1124 562 1153 non
584 1108 725 1153 defuit
743 1108 880 1163 locus,
901 1124 991 1153 non
1014 1108 1155 1153 defuit
1177 1117 1349 1167 tempus
1372 1126 1380 1151 :
1406 1116 1455 1151 ut
1471 1121 1561 1151 non

174 1181 465 1235 consentireS,
494 1195 575 1238 ego
598 1180 746 1223 terrui.
781 1183 976 1237 Agnosce
999 1194 1103 1236 ergo
1131 1178 1310 1237 gratiam
1338 1179 1456 1237 ejus,
1489 1178 1560 1221 cui

177 1249 309 1294 debes
328 1259 370 1294 et
394 1249 514 1310 quod
529 1265 618 1294 non
635 1249 854 1293 admisisti.
873 1249 981 1293 Mihi
1003 1249 1133 1292 debet
1155 1248 1233 1292 iste
1255 1247 1375 1307 quod
1392 1248 1559 1291 factum

176 1329 255 1376 est,
276 1330 319 1365 et
335 1320 558 1365 dimissum
573 1320 715 1364 vidisti
732 1338 742 1365 ς
759 1320 865 1363 mihi
886 1319 1017 1363 debes
1035 1328 1078 1363 et
1090 1328 1139 1363 tu
1155 1319 1276 1377 quod
1296 1333 1384 1363 non
1401 1318 1556 1362 fecisti.

173 1391 355 1436 Nullum
376 1399 440 1435 est
462 1391 576 1435 enim
599 1398 825 1449 peccatum
849 1389 969 1449 quod
1007 1388 1109 1433 facit
1129 1390 1262 1433 homo
1279 1423 1290 1443 ‚
1327 1388 1448 1448 quod
1469 1404 1559 1433 non

170 1461 304 1519 possit
325 1460 467 1505 facere
490 1469 532 1504 et
551 1459 659 1504 alter
676 1460 826 1513 homo,
847 1459 881 1503 si
897 1458 1007 1503 desit
1030 1467 1170 1503 rector
1193 1474 1217 1502 a
1234 1473 1324 1517 quo
1344 1457 1482 1502 factus
1500 1467 1562 1502 est

172 1532 321 1577 homo.

229 1602 332 1646 VII.
358 1603 455 1646 Jam
471 1615 589 1645 nunc
611 1600 714 1659 quia
736 1609 786 1643 ut
802 1600 1045 1658 potuimus,
1067 1600 1354 1658 quaestionem
1378 1599 1561 1658 profun-

172 1672 274 1717 dam
297 1672 342 1715 in
369 1670 539 1716 tantilla
563 1670 769 1729 temporis
798 1671 1010 1714 brevitate
1032 1669 1269 1727 solvimus,
1293 1679 1369 1714 aut
1390 1670 1424 1713 si
1447 1686 1560 1715 non-

173 1742 280 1786 dum
301 1741 530 1796 solvimus,
551 1740 782 1795 debitores,
809 1749 859 1784 ut
876 1739 981 1795 dixi,
1008 1749 1234 1784 teneamur
1255 1759 1264 1784 :
1286 1739 1396 1783 illud
1418 1741 1562 1799 potius

174 1812 363 1857 breviter
384 1812 607 1856 videamus
630 1810 685 1854 de
707 1810 956 1854 remissione
982 1819 1274 1869 peccatorum.
1304 1812 1446 1855 Homo
1476 1826 1560 1870 pu-

174 1883 351 1927 tabatur
371 1882 567 1927 Christus
589 1890 633 1925 et
654 1881 709 1924 ab
731 1879 806 1924 illo
833 1881 909 1940 qui
927 1880 1148 1934 invitavit,
1175 1889 1218 1924 et
1235 1881 1290 1924 ab
1309 1880 1368 1924 eis
1390 1881 1465 1940 qui
1483 1897 1560 1940 pa-

173 1953 276 1998 riter
297 1952 649 1997 discumbebant.
664 1951 816 1997 Nescio
837 1950 944 2010 quid
961 1949 1036 1994 illa
1060 1949 1396 2009 peccatrixplus
1417 1951 1463 1994 in
1480 1953 1561 1995 Do-

173 2024 293 2067 mino
329 2021 509 2067 viderat.
545 2024 655 2067 Nam
687 2035 823 2081 quare
853 2019 956 2065 fecit
987 2020 1060 2064 illa
1092 2022 1236 2066 omnia
1255 2056 1266 2075 ,
1291 2021 1371 2064 nisi
1410 2030 1458 2065 ut
1480 2021 1560 2065 sibi

175 2094 497 2137 dimitterentur
519 2093 729 2151 peccata?
753 2094 940 2137 Noverat
964 2106 1067 2149 ergo
1094 2091 1220 2136 illum
1241 2107 1363 2151 posse
1386 2101 1560 2150 peccata

176 2165 393 2209 dimittere
419 2182 427 2208 ε
453 2162 516 2206 illi
539 2173 685 2208 autem
722 2171 933 2207 noverant
960 2162 1182 2207 hominem
1218 2178 1306 2207 non
1340 2177 1461 2221 posse
1488 2162 1557 2206 di-

176 2235 362 2279 mittere.
399 2236 455 2278 Et
482 2233 751 2278 credendum
782 2242 845 2278 est
875 2232 994 2293 quod
1027 2248 1202 2288 omnes,
1228 2233 1272 2276 id
1302 2241 1393 2284 est,
1418 2242 1461 2276 et
1496 2232 1559 2276 illi

175 2305 499 2350 diScumhentes
515 2339 526 2359 ,
552 2314 595 2348 et
613 2304 685 2348 illa
707 2305 863 2348 mulier
885 2303 1091 2348 accedens
1120 2304 1173 2348 ad
1203 2303 1334 2363 pedes
1355 2304 1555 2359 Domini,

176 2392 325 2422 omnes
347 2377 393 2420 hi
411 2384 623 2420 noverant
644 2376 867 2420 hominem
886 2391 974 2419 non
989 2390 1112 2434 posse
1130 2383 1306 2433 peccata
1323 2375 1554 2418 dimittere.

176 2449 290 2492 Cum
312 2461 414 2505 ergo
431 2460 580 2490 omnes
601 2445 684 2490 hoc
711 2454 886 2490 nossent
913 2464 921 2489 :
945 2444 1018 2489 illa
1042 2460 1140 2504 quae
1168 2443 1352 2489 credidit
1368 2459 1468 2488 eum
1488 2444 1556 2487 di-

178 2515 348 2561 mittere
365 2531 486 2575 posse
506 2524 694 2573 peccata,
710 2515 805 2574 plus
818 2529 948 2574 quam
968 2515 1189 2559 hominem
1213 2529 1302 2559 esse
1324 2513 1550 2560 intellexit.
