1898 3178
393 227 478 266 606
823 237 857 264 s.
893 236 1123 265 accusa-mi
1157 237 1337 264 Episcom

392 318 506 348 saevo
528 302 742 361 Angelum
769 300 994 346 tollentem
1028 302 1074 345 in
1100 302 1243 345 sinum
1266 300 1476 353 Abrahae,
1501 315 1580 359 pro
1603 315 1773 344 carcere

393 372 656 432 paradisum.
683 374 824 424 Quam
846 371 933 416 cito
963 371 1010 416 in
1043 371 1110 416 via
1143 380 1300 416 cuncta
1330 370 1528 426 mutasti,
1563 370 1668 430 quia
1697 379 1774 415 tuo

392 443 636 489 adversario
656 441 922 486 consensisti.

399 610 706 628 tumtmmm

971 609 1779 626 mmmmmm

884 739 1115 786 SERMO
1164 735 1294 786 CX1.

455 915 517 957 De
534 912 678 957 verbis
705 910 927 970 Evangelii
954 914 1084 955 Lucae
1113 929 1216 965 xm,
1247 909 1325 954 ubi
1352 908 1510 954 dicitur
1544 908 1599 953 de
1627 908 1779 954 arbore

457 983 667 1039 ficulnea,
699 999 775 1043 per
805 982 1042 1027 triennium
1072 981 1264 1025 fructum
1302 996 1392 1024 non
1421 978 1612 1037 ferente3
1647 995 1696 1023 ac
1728 979 1783 1023 de

456 1054 638 1098 muliere
671 1056 859 1098 habente
882 1053 1031 1097 decem
1056 1062 1099 1097 et
1131 1062 1229 1097 octo
1262 1066 1398 1096 annos
1430 1052 1475 1095 in
1497 1051 1777 1094 infirmitate:

458 1141 629 1170 necnon
652 1126 706 1169 de
729 1126 869 1169 verbis
893 1123 1050 1169 Psalmi
1072 1142 1119 1168 1x
1141 1143 1149 1169 ;
1172 1122 1400 1184 Exurge,
1425 1121 1658 1177 Domine,
1687 1136 1783 1166 non

454 1193 723 1254 prcevaleat
744 1193 886 1240 homo
904 1215 924 1249 ,·
952 1192 1234 1256 judicentur
1252 1202 1417 1256 gentes
1445 1193 1495 1237 in
1530 1200 1787 1251 conspecta

460 1275 553 1309 t11().

463 1430 496 1470 Ι.
524 1429 588 1469 ΒΕ
608 1426 763 1470 arbore
785 1425 994 1479 ficulnea,
1019 1440 1118 1484 quae
1135 1423 1369 1468 triennium
1387 1423 1579 1467 habebat
1605 1430 1649 1466 et
1670 1421 1789 1467 fruc-

403 1507 496 1541 tum
514 1512 603 1541 non
616 1496 843 1550 afferebat,
862 1505 905 1539 et
922 1495 976 1538 de
992 1494 1176 1538 muliere
1192 1509 1296 1553 quae
1312 1493 1463 1537 decem
1481 1501 1523 1536 et
1539 1502 1638 1537 octo
1653 1508 1788 1537 annos

402 1567 594 1611 habebat
616 1568 662 1610 in
686 1567 959 1621 infirmitate,
992 1564 1115 1625 quod
1138 1564 1348 1609 Dominus
1371 1563 1599 1608 donaverit
1618 1562 1784 1608 audite.

403 1638 546 1682 Arbor
568 1637 754 1680 ficulnea
774 1671 784 1691 ‚
810 1651 944 1694 genus
968 1636 1211 1680 humanum
1238 1644 1316 1679 est.
1346 1635 1596 1679 Triennium
1620 1643 1786 1689 autem,

404 1709 484 1753 tria
506 1717 608 1752 sunt
626 1717 821 1767 tempora
843 1722 851 1748 :
874 1723 1013 1751 unum
1036 1716 1135 1751 ante
1158 1710 1335 1765 Legem,
1355 1705 1538 1750 alterum
1557 1705 1639 1750 sub
1656 1708 1787 1764 Lege,

405 1779 581 1824 tertium
604 1779 687 1823 sub
711 1779 859 1838 gratia.
886 1780 984 1823 Non
1001 1788 1066 1822 est
1087 1786 1232 1821 autem
1254 1776 1573 1836 importunum,
1591 1785 1641 1820 ut
1657 1776 1791 1820 arbor

406 1849 591 1895 ficulnea
612 1849 881 1908 intelligatur
898 1863 1033 1906 genus
1055 1848 1314 1891 humanum.
1339 1846 1505 1887 Primus
1521 1845 1637 1887 enim
1659 1844 1791 1888 homo

405 1920 585 1976 quando
608 1920 827 1974 peccavit,
852 1917 967 1957 soliis
995 1912 1194 1957 ficulneis
1222 1911 1428 1972 pudenda
1448 1911 1664 1971 velavit‘23
1697 1914 1792 1958 haec

404 1986 584 2041 velavit,
608 1985 723 2029 unde
743 1984 836 2028 nati
858 1999 1028 2038 sumus,
1054 1983 1265 2027 membra.
1286 1987 1394 2034 Quae
1421 1983 1537 2026 enim
1565 1992 1666 2027 ante
1686 1999 1792 2043 pec-

405 2066 551 2101 catum
574 2055 749 2099 fuerant
777 2052 1002 2112 glorianda
1021 2089 1032 2107 ‚
1067 2062 1164 2112 post
1195 2062 1422 2112 peccatum
1454 2052 1660 2112 pudenda
1690 2061 1792 2098 sunt

405 2127 534 2171 facta.
562 2125 759 2185 Denique
781 2133 907 2167 antea
926 2123 1036 2167 nudi
1051 2132 1194 2178 erant,
1215 2132 1258 2166 et
1278 2138 1370 2167 non
1387 2122 1786 2168 confundebantur.

406 2200 504 2243 Non
526 2197 643 2240 enim
664 2204 755 2239 erat
776 2193 894 2238 unde
917 2194 1241 2247 erubescerent,
1262 2193 1440 2252 quando
1459 2203 1682 2252 peccatum
1700 2208 1791 2238 non

408 2274 682 2328 praecesserat
710 2284 719 2309 z
745 2280 825 2308 nec
847 2272 1048 2323 poterant
1069 2263 1123 2306 de
1153 2263 1219 2307 sui
1241 2264 1455 2309 Creatoris
1473 2263 1675 2322 operibus
1697 2278 1792 2307 eru-

409 2327 606 2393 bescere,
633 2337 733 2398 quia
751 2335 956 2395 operibus
975 2335 1189 2380 Creatoris
1211 2335 1278 2378 sui
1301 2335 1428 2379 bonis
1452 2334 1626 2378 nullum
1648 2335 1790 2379 adhuc

411 2410 575 2454 malum
598 2423 706 2468 opus
728 2421 856 2451 suum
879 2406 1154 2450 miscuerant.
1185 2406 1392 2450 Nondum
1415 2405 1530 2449 enim
1553 2405 1790 2448 manduca-

412 2490 564 2525 verant
590 2480 644 2523 dc
669 2478 790 2537 ligno
822 2477 1011 2521 scientiae
1043 2476 1147 2520 boni
1169 2485 1212 2520 et
1233 2475 1362 2531 mali,
1389 2475 1505 2521 unde
1530 2475 1791 2521 manduca-re

463 2582 470 2597 ¹
489 2575 572 2607 Alias
587 2574 624 2607 31
647 2574 687 2606 de
702 2573 808 2606 verbis
825 2571 963 2605 Domini.
982 2587 1023 2594 —
1044 2577 1056 2594 ²
1076 2572 1155 2603 Gen.
1175 2580 1225 2612 ιιι,
1244 2581 1275 2612 7.

1892 388 1898 407 l
