1898 3178
419 207 502 245 570
851 214 886 244 s.
922 215 1151 245 Auous‘nm
1183 218 1363 247 muscom

418 290 610 341 pasceret
629 281 860 325 Dominum
883 299 892 325 ι
917 280 1084 325 intenta
1106 282 1240 326 Maria
1262 283 1482 343 quomodo
1503 292 1749 342 pasceretur
1771 301 1795 329 a

417 352 618 396 Domino.
639 353 675 395 A
692 351 862 395 Martha
876 351 1122 396 convivium
1138 354 1321 398 Domino
1337 353 1588 413 parabatur,
1609 355 1655 398 in
1673 356 1795 415 cujus

417 422 615 467 convivio
637 421 771 465 Maria
787 421 879 481 jam
901 421 1242 481 jucundabatur.
1275 425 1388 469 Cum
1411 439 1514 483 ergo
1540 425 1675 469 Maria
1695 440 1797 469 sua-

416 494 526 537 viter
546 490 715 536 audiret
734 493 917 537 verbum
941 492 1237 539 dulcissimum
1254 529 1265 550 ‚
1297 504 1339 539 et
1361 495 1491 540 corde
1514 495 1797 540 intentissimo

417 571 678 623 pasceretur,
702 562 979 623 interpellato
1001 565 1186 610 Domino
1219 581 1241 609 a
1270 580 1414 610 sorore
1441 581 1543 621 sua,
1575 566 1797 625 quomodo

416 644 620 693 putamus
639 649 734 678 eam
753 634 944 680 timuisse
960 670 971 690 ,
996 651 1051 679 ne
1069 633 1231 680 diceret
1251 636 1288 679 ei
1309 635 1522 680 Dominus
1542 655 1550 681 2
1574 638 1710 695 Surge
1725 671 1736 691 ,
1756 646 1799 681 et

417 704 573 764 adjuva
594 720 784 749 sororem
814 708 967 750 tuam?
999 707 1109 751 Mira
1143 707 1259 750 enim
1287 707 1498 751 suavitate
1530 707 1761 751 tenebatur
1787 726 1796 752 ε

417 790 515 835 quae
537 774 733 834 profecto
766 778 902 837 major
929 786 993 821 est
1021 778 1176 820 mentis
1209 792 1340 836 quam
1371 777 1549 821 ventris.
1585 779 1799 821 Excusata

417 853 500 899 est,
526 844 635 888 sedit
658 846 861 890 securior.
895 845 1127 899 Quomodo
1150 855 1297 890 autem
1333 847 1563 890 excusata?
1587 845 1801 890 Attenda-

417 929 512 958 mus
527 949 538 969 ,
559 915 850 974 inspiciamus,
876 925 1198 976 perscrutemur
1220 917 1342 976 quod
1359 931 1615 975 possumus:
1637 925 1687 960 ut
1706 931 1799 975 pas-

417 999 567 1028 camur
588 993 631 1028 et
651 1000 745 1029 nos.

477 1057 536 1098 II.
563 1055 678 1106 Quid
693 1056 840 1099 enim?
855 1059 1063 1100 Putamus
1079 1057 1391 1115 reprehensum
1409 1070 1498 1099 esse
1514 1055 1800 1099 ministerium

416 1125 622 1179 Marthae,
648 1140 781 1185 quam
802 1140 905 1169 cura
932 1125 1236 1184 hospitalitatis
1269 1134 1578 1184 occupaverat,
1613 1140 1713 1184 quae
1733 1125 1802 1184 ip-

418 1209 516 1238 sum
545 1195 731 1239 Domino
753 1195 938 1254 hospitio
969 1197 1215 1255 receperat?
1242 1194 1474 1248 Quomodo
1502 1203 1617 1238 recte
1652 1209 1801 1254 repre-

417 1262 715 1318 hendebatur,
742 1280 841 1324 quae
865 1274 987 1309 tanto
1002 1266 1172 1324 hospite
1194 1264 1456 1309 laetabatur?
1479 1266 1573 1308 Hoc
1594 1264 1628 1308 si
1649 1279 1801 1309 verum

416 1342 495 1388 est,
512 1333 735 1379 dimittant
752 1336 949 1379 homines
971 1335 1092 1395 quod
1107 1336 1352 1379 ministrant
1366 1334 1594 1393 egentibus
1611 1354 1623 1391 3
1640 1333 1799 1392 eligant

417 1404 499 1448 sibi
521 1413 687 1464 partem
709 1404 955 1461 meliorem,
980 1422 1079 1465 quae
1101 1420 1190 1449 non
1214 1403 1435 1448 auferetur
1458 1403 1513 1447 ab
1535 1404 1622 1462 eis,
1646 1413 1801 1449 vacent

417 1475 550 1519 verbo
566 1510 577 1529 ,
622 1476 790 1520 inhient
827 1476 1038 1521 doctrinae
1080 1474 1330 1532 dulcedini;
1375 1483 1646 1534 occupentur
1688 1475 1802 1520 circa

418 1544 640 1588 scientiam
664 1543 922 1603 salutarem3
952 1544 1061 1588 nihil
1089 1545 1148 1588 eis
1174 1560 1290 1588 curae
1312 1544 1393 1599 sit,
1422 1545 1519 1603 quis
1549 1544 1802 1604 peregrinus

418 1614 463 1657 in
483 1614 578 1658 vico
597 1614 650 1657 sit
666 1648 677 1668 ,
705 1615 800 1674 quis
822 1624 945 1673 egeat
968 1629 1101 1674 pane,
1137 1614 1234 1673 quis
1257 1614 1516 1660 indumento
1534 1649 1546 1670 ,
1570 1615 1667 1675 quis
1699 1615 1802 1660 visi-

1888 1606 1891 1623 1

419 1683 600 1739 tandus,
621 1685 717 1744 quis
740 1685 1040 1740 redimendus,
1066 1685 1162 1745 quis
1177 1684 1476 1744 sepeliendus:
1499 1695 1656 1731 vacent
1672 1701 1803 1745 opera
1885 1656 1897 1697 3

417 1753 747 1809 misericordiae,
778 1755 855 1798 uni
888 1756 1073 1799 instetur
1104 1755 1311 1800 scientiae.
1348 1755 1391 1800 Si
1421 1755 1573 1800 mehor
1594 1771 1690 1815 pars
1710 1765 1799 1801 est.
1886 1744 1895 1766 '³

418 1840 495 1869 cur
516 1840 606 1869 non
640 1840 790 1870 omnes
811 1826 895 1870 hoc
916 1826 1111 1881 faciunt,
1134 1826 1312 1886 quando
1335 1827 1478 1885 ipsum
1500 1828 1736 1871 Dominum
1757 1828 1802 1871 in
1882 1815 1898 1910 Ξ

417 1896 499 1940 hac
521 1911 646 1940 causa
663 1905 897 1955 patronum
918 1896 1155 1940 habemus?
1177 1898 1275 1941 Non
1292 1896 1407 1939 enim
1430 1896 1634 1940 timemus
1654 1897 1699 1941 in
1721 1897 1801 1942 hac

418 1982 479 2022 re,
496 1982 550 2011 ne
568 1967 841 2011 offendamus
855 1968 945 2027 ejus
957 1967 1190 2027 justitiam,
1213 1982 1313 2011 cum
1331 1975 1561 2026 patronam
1578 1976 1801 2012 teneamus
1830 2007 1834 2028 ‚

418 2039 507 2098 ejus
526 2038 799 2082 sententiam.
1500 2099 1503 2100 ⁷

478 2111 559 2152 III.
583 2110 640 2152 Et
661 2117 805 2152 tamen
827 2108 887 2152 ita
903 2123 993 2152 non
1014 2116 1078 2152 est
1096 2127 1105 2152 ε
1130 2106 1206 2152 sed
1224 2108 1334 2152 sicut
1355 2107 1461 2152 dixit
1482 2108 1714 2164 Dominus,
1741 2110 1800 2153 ita
1836 2160 1839 2169 Ι
1880 2095 1898 2138 Il

418 2187 495 2222 est.
516 2179 747 2231 Quomodo
764 2177 989 2237 intelligis,
1014 2193 1103 2222 non
1120 2186 1182 2221 est
1203 2196 1211 2221 :
1237 2186 1300 2221 est
1323 2186 1469 2222 autem
1486 2177 1707 2238 quomodo
1725 2179 1794 2222 in-
1834 2175 1839 2227 ,’
1879 2151 1898 2208 Pl

419 2247 611 2307 telligere
632 2248 777 2293 debes.
796 2251 908 2293 Ecce
930 2247 1105 2292 adverte
1130 2264 1139 2291 :
1170 2267 1190 2289 «
1210 2248 1333 2292 Circa
1352 2248 1488 2292 multa
1511 2263 1555 2292 es
1572 2257 1795 2307 occupata,
1826 2267 1837 2342 α
1895 2310 1898 2312 -

422 2337 442 2360 »
468 2318 644 2378 quando
667 2333 804 2362 unum
826 2327 888 2362 est
909 2318 1209 2362 necessarium.
1235 2319 1369 2363 Maria
1391 2318 1612 2362 meliorem
1632 2327 1802 2377 partemv
1826 2339 1837 2391 Γ
1877 2307 1898 2352 ΟῙ·

423 2407 442 2430 »
469 2388 610 2446 elegit.
639 2407 658 2430 »
683 2391 781 2433 Non
804 2397 852 2432 tu
881 2388 1063 2445 malam,
1092 2388 1167 2432 sed
1195 2387 1268 2433 illa
1301 2388 1537 2432 meliorem.
1573 2389 1657 2433 Sed
1682 2388 1798 2433 unde
1833 2414 1836 2425 ·
1877 2382 1898 2403 '³'

421 2457 672 2502 meliorem?
694 2459 804 2511 Quia
828 2468 877 2502 tu
898 2459 1008 2502 circa
1029 2457 1165 2501 multa
1180 2493 1191 2513 ,
1217 2458 1289 2502 illa
1306 2458 1418 2502 circa
1440 2473 1594 2502 unum.
1622 2461 1796 2518 Praepo-

421 2528 538 2571 nitur
560 2544 697 2572 unum
715 2529 876 2573 multis.
901 2532 998 2574 Non
1018 2528 1132 2572 enim
1155 2546 1177 2573 a
1204 2529 1350 2573 multis
1373 2545 1533 2583 unum,
1561 2528 1635 2573 sed
1659 2529 1795 2574 multa
1826 2559 1828 2570 ,

1874 2506 1898 2550 rit
