1898 3178
373 212 510 240 SERMO
541 211 673 249 xrvr,
706 211 761 238 nr.
792 207 1044 240 lustrommxs
1075 209 1121 238 nv
1153 209 1301 238 zzzcn.
1475 199 1530 237 27

157 296 179 320 »
214 276 406 334 vocabo3
429 284 473 319 et
493 275 613 335 quod
635 275 956 320 comminutum
972 283 1037 320 est
1050 309 1062 331 ,
1082 273 1299 333 coHigabo
1316 294 1328 333 3
1347 283 1390 319 et
1411 274 1533 335 quod

157 367 178 391 »
214 347 410 392 exanime
431 354 496 390 est
511 379 523 401 ‚
547 344 834 403 confortabo3
858 355 900 389 et
929 344 1050 405 quod
1070 345 1232 405 pingue
1251 354 1315 389 est
1346 353 1389 389 et
1410 344 1532 405 quod

157 436 180 460 »
213 416 325 461 forte
340 423 405 460 est
419 415 662 460 custodiam
679 416 709 459 ¹.
733 431 754 456 »
775 413 904 468 Quod
925 429 1016 459 non
1031 414 1250 459 faciebant
1265 412 1369 457 mali
1389 423 1533 473 pasto-

154 502 220 532 res
233 520 246 542 ,
283 501 328 531 se
357 486 472 545 ipsos
502 494 726 545 pascentes
739 519 750 541 ‚
786 499 877 529 non
915 499 1031 529 oves.
1071 486 1169 530 Non
1202 485 1262 529 ait
1287 484 1497 528 Dominus
1515 518 1527 540 ‚

152 556 425 603 Constituam
455 554 559 600 alios
580 555 718 600 bonos
749 563 969 614 pastores,
1002 554 1079 614 qui
1099 553 1261 599 faciant
1280 554 1376 598 haec
1397 572 1407 600 :
1428 552 1527 609 sed,

151 628 271 684 Ego,
295 625 465 686 inquit,
483 625 637 670 faciam
653 645 665 684 3
683 639 783 671 oves
804 638 919 669 meas
945 623 1055 668 nulli
1077 624 1359 668 committam.
1382 623 1531 669 Securi

151 711 248 752 vos,
267 696 447 753 fratres3
470 710 633 740 securae
656 710 732 740 vos
754 709 854 740 oves
875 713 885 739 :
909 694 1034 739 nobis
1054 691 1227 739 videtur
1247 692 1493 738 timendum
1518 712 1528 738 2

150 766 273 827 quasi
289 766 399 811 desit
419 775 566 826 pastor
586 767 762 810 bonus?

206 836 394 880 XXVII.
424 834 601 882 Claudit
622 836 710 879 sic:
739 853 760 876 «
783 836 840 878 Et
865 847 1038 893 pascam
1060 848 1130 877 eas
1155 847 1256 878 cum
1271 832 1438 893 judicio
1450 833 1483 876 ².
1507 849 1527 874 »

151 905 262 951 Vide
288 905 392 965 quia
413 906 472 950 sic
493 896 611 950 solus
638 905 776 964 pascit
796 919 898 949 cum
926 903 1108 964 judicio.
1133 903 1240 957 Quis
1257 904 1373 948 enim
1399 903 1532 947 homo

144 974 312 1036 judicat
331 975 386 1019 de
398 974 613 1019 homine?
636 974 886 1019 Temerariis
901 974 1077 1034 judiciis
1097 973 1227 1033 plena
1244 981 1347 1017 sunt
1369 972 1528 1017 omnia.

149 1047 213 1089 De
234 1059 323 1103 quo
345 1044 730 1104 desperaverimus,
749 1044 895 1089 subito
907 1044 1177 1089 convertitur
1187 1052 1230 1087 et
1244 1044 1294 1087 fit
1311 1042 1501 1102 optimus
1519 1060 1529 1086 ε

148 1113 204 1158 de
227 1129 317 1174 quo
330 1114 520 1158 multum
536 1115 952 1174 praesumpserimus,
969 1114 1114 1167 subito
1126 1114 1289 1167 deficit,
1314 1120 1357 1156 et
1370 1112 1420 1155 fit
1435 1127 1533 1170 pes-

149 1184 297 1229 simus,
314 1186 403 1230 Nec
424 1185 554 1229 timor
567 1194 714 1229 noster
735 1193 877 1229 certus
891 1193 970 1238 est,
986 1197 1068 1227 nec
1089 1197 1210 1226 amor
1230 1190 1377 1226 noster
1390 1190 1532 1230 certus

149 1263 226 1299 est.
253 1253 369 1307 Quid
388 1255 440 1299 sit
456 1253 586 1298 hodie
603 1255 787 1314 quisque
800 1255 949 1308 homo,
960 1253 1029 1297 vix
1044 1252 1167 1296 novit
1180 1252 1270 1311 ipse
1291 1252 1423 1296 homo
1440 1260 1532 1296 :ta-

148 1338 250 1368 men
262 1332 503 1382 utcumque
516 1325 606 1382 ipse
624 1324 732 1382 quid
745 1322 877 1365 hodie
891 1341 903 1378 3
920 1320 1026 1380 quid
1040 1328 1184 1365 autem
1197 1336 1304 1376 cras,
1322 1336 1402 1366 nec
1423 1322 1527 1380 ipse.

149 1393 290 1438 Pascit
306 1408 409 1452 ergo
431 1391 505 1436 ille
526 1407 627 1436 cum
640 1391 823 1452 judicio,
848 1390 1105 1450 dispertiens
1126 1391 1299 1451 propria
1316 1391 1499 1451 propriis
1518 1412 1529 1450 3

147 1465 243 1509 haec
256 1464 360 1519 istis,
375 1463 449 1508 illa
463 1462 563 1518 illis,
579 1462 727 1507 debita
741 1463 800 1507 eis
819 1463 980 1523 quibus
993 1461 1179 1506 debetur
1199 1463 1283 1507 hoc
1304 1471 1379 1507 aut
1401 1461 1527 1507 illud.

148 1534 280 1580 Novit
300 1532 416 1578 enim
433 1533 539 1594 quid
558 1542 658 1592 agat
677 1551 687 1578 ι
712 1548 813 1578 cum
825 1531 991 1594 judicio
1012 1533 1164 1592 pascit,
1189 1548 1298 1593 quos
1313 1532 1533 1594 judicatus

151 1604 347 1649 redemit.
369 1605 510 1649 Pascit
530 1618 634 1662 ergo
651 1603 744 1662 ipse
761 1618 860 1648 cum
874 1602 1056 1663 judicio.

217 1675 430 1718 XXVIII.
461 1677 514 1717 In
542 1674 755 1733 propheta
787 1674 904 1718 enim
940 1672 1127 1717 Jeremia
1148 1673 1208 1718 ait
1232 1692 1242 1718 ι
1273 1691 1293 1715 «
1317 1672 1532 1718 Clamavit

150 1762 172 1786 »
206 1743 384 1803 perdix,
408 1744 686 1802 congregavit
706 1759 806 1804 quae
826 1758 917 1788 non
947 1743 1140 1802 peperit,
1165 1741 1326 1787 faciens
1358 1743 1531 1788 divitias

150 1831 172 1856 »
205 1828 302 1858 suas
332 1829 423 1859 non
450 1829 552 1858 cum
578 1813 743 1874 judicio
759 1815 791 1857 3.
815 1831 836 1855 »
860 1815 1023 1859 Contra
1054 1813 1187 1858 istum
1207 1813 1428 1872 perdicem
1462 1811 1530 1857 fa-

147 1885 333 1930 cientem
353 1883 524 1930 divitias
556 1899 653 1929 suas
676 1899 766 1929 non
787 1899 886 1928 cum
903 1883 1068 1944 judicio
1088 1918 1099 1939 ‚
1124 1884 1262 1943 pascit
1282 1884 1362 1928 iste
1383 1893 1530 1943 pastor

146 1970 248 2000 cum
268 1954 451 2015 judicio.
478 1957 622 2008 Quare
653 1954 727 1999 ille
755 1954 848 2000 sine
871 1955 1069 2015 judicio?
1105 1955 1217 2008 Quia
1249 1955 1530 2013 congregavit

146 2040 246 2085 quae
267 2040 358 2069 non
374 2025 557 2085 peperit.
574 2027 718 2078 Quare
731 2025 811 2070 iste
827 2040 927 2070 cum
941 2024 1137 2086 judicio?
1150 2024 1257 2079 Quia
1270 2025 1391 2070 fovet
1409 2024 1531 2084 quod

146 2096 328 2153 peperit.
347 2098 411 2137 De
430 2105 602 2152 pastore
624 2105 771 2141 tamen
792 2096 911 2141 bono
939 2095 1178 2157 loquimur.
1205 2099 1402 2140 Pastores
1423 2095 1530 2140 boni

148 2172 224 2209 aut
241 2178 331 2207 non
357 2172 482 2218 sunt,
507 2171 584 2207 aut
614 2161 766 2207 latent.
806 2164 847 2207 si
875 2177 964 2206 non
994 2176 1118 2217 sunt,
1138 2166 1248 2222 quid
1268 2166 1466 2220 agimus?
1488 2165 1531 2209 Si

147 2234 311 2288 latent,
334 2248 469 2292 quare
491 2233 546 2277 de
565 2233 649 2277 illis
673 2234 870 2277 tacetur?
894 2231 1050 2278 Perdix
1082 2232 1257 2293 quidem
1291 2231 1364 2276 ille
1386 2249 1410 2277 a
1432 2234 1531 2293 qui-

147 2301 332 2347 busdam
354 2302 590 2361 majoribus
611 2311 655 2347 et
675 2311 774 2352 ante
789 2317 867 2347 nos
887 2293 1207 2362 Scripturarum
1224 2303 1530 2348 tractatoribus

147 2372 347 2419 diabolus
362 2372 607 2418 intellectus
621 2383 700 2429 est,
717 2389 984 2433 congregans
1000 2389 1101 2434 quae
1123 2388 1212 2417 non
1231 2373 1417 2434 peperit.
1431 2376 1530 2421 Non

147 2443 264 2488 enim
278 2441 352 2488 ille
373 2452 562 2499 creator,
586 2443 662 2488 sed
684 2443 892 2504 deceptor
924 2453 988 2489 est
1002 2478 1014 2501 ,
1049 2441 1212 2489 faciens
1239 2442 1410 2491 divitias
1432 2460 1529 2491 suas

195 2534 206 2552 1
226 2527 343 2562 Ezech.
367 2539 476 2570 xxxw,
498 2528 550 2563 16.
568 2544 608 2553 -
629 2527 740 2563 ²1bid.
758 2545 800 2554 —
815 2527 829 2554 3
847 2530 966 2564 Jerem.
985 2539 1067 2570 xvn,
1091 2539 1144 2563 11.
