1898 3178
470 286 548 327 148
862 293 897 321 s.
932 293 1164 323 Aut-‚us'nm
1196 295 1377 324 EPISCOPI

459 372 503 406 et
534 362 709 405 sensisse
744 357 888 402 adhuc
921 358 1239 417 contemperari
1272 374 1362 404 non
1384 374 1508 419 posse
1531 359 1667 403 aciem
1690 360 1847 403 mentis
1896 371 1898 374 ⁴

459 447 548 477 suae
568 430 656 474 luci
672 426 894 487 sapientiae
915 427 1010 471 Dei.
1037 430 1095 472 Et
1121 427 1224 487 quia
1244 428 1391 472 hocin
1414 428 1545 473 extasi
1563 427 1746 483 fecerat,
1767 429 1848 472 ab·
1888 474 1890 480 ,

462 511 609 562 reptus
626 516 649 544 a
664 498 860 543 sensibus
881 499 1074 558 corporis
1096 508 1139 543 et
1154 499 1389 559 subreptus
1407 501 1452 544 in
1469 503 1633 558 Deum,
1649 499 1728 543 ubi
1744 514 1849 559 quo-
1886 503 1890 544 ἱ

461 571 562 616 dam
585 569 717 615 modo
739 585 763 614 a
784 571 876 613 Deo
899 567 955 612 ad
987 569 1212 613 hominem
1233 578 1458 614 revocatus
1484 579 1549 613 est
1563 605 1574 625 ,
1597 570 1682 614 ait:
1711 588 1732 611 «
1757 571 1852 627 Ego
1884 572 1887 631 J

463 659 484 683 »
522 640 641 685 dixi
630 656 678 684 111
698 639 832 684 extasi
859 653 1027 683 mea.»
1053 637 1155 683 Vidi
1178 639 1295 683 enim
1318 639 1464 684 nescio
1493 638 1632 699 quid
1621 655 1668 683 1n
1690 639 1849 694 extasi,
1882 635 1886 678 l

459 712 582 773 quod
604 711 682 756 diu
711 711 824 755 ferre
845 725 936 755 non
957 710 1109 770 potui,
1141 719 1185 754 et
1213 709 1409 754 redditus
1430 709 1689 755 mortalibus
1711 725 1884 755 mem-

460 784 576 839 bris,
606 791 650 827 et
671 781 821 827 multis
842 780 1094 826 mortalium
1122 781 1459 839 cogitationibus
1481 798 1504 826 a
1527 796 1710 841 corpore
1731 780 1881 841 quod·

460 862 667 914 aggravat
680 852 886 909 animam,
902 851 1007 896 dixi.
1030 850 1168 905 Quid.
1155 853 1172 880 ⁹
1185 870 1206 894 «
1219 853 1442 912 Projectus
1459 868 1555 896 sum
1572 867 1596 896 a
1617 850 1728 896 facie
1743 867 1879 896 ocu-

463 944 483 967 »
507 925 652 970 lorum
670 933 863 970 tuorum.
881 941 902 965 »
920 927 1069 981 Longe
1087 938 1260 968 sursum
1282 938 1342 979 es,
1358 923 1490 982 longe
1512 923 1716 968 deorsum
1737 938 1848 968 sum.
1866 951 1877 967 .=

461 996 580 1050 Quid
608 1011 711 1073 ergo
748 995 967 1050 dicamus,
1005 994 1180 1049 fratres,
1218 994 1273 1038 de
1295 996 1409 1038 Deo.
1401 996 1419 1025 ἒ)
1443 994 1487 1039 Si
1509 994 1626 1037 enim
1648 992 1770 1053 quod
1791 987 1875 1038 vis

460 1066 632 1122 dicere,
675 1066 709 1110 si
741 1066 914 1125 cepisti,
935 1080 1026 1109 non
1048 1074 1113 1109 est
1140 1068 1286 1109 Deus:
1311 1066 1346 1109 si
1369 1064 1742 1142 comprehendere
1774 1079 1872 1152 po-

460 1137 597 1192 tuisti,
613 1135 735 1180 aliud
756 1150 836 1194 pro
857 1138 947 1179 Deo
964 1134 1349 1194 comprehendisti.
1365 1135 1408 1180 Si
1423 1136 1547 1195 quasi
1569 1122 1898 1195 comprehen·-¹¹

460 1207 563 1252 dele
581 1206 792 1267 potuisti,
817 1206 1083 1265 cooitatione
1109 1215 1185 1250 tua
1208 1215 1251 1250 te
1273 1205 1497 1265 decepisti.
1524 1208 1619 1251 Hoc
1641 1220 1743 1264 ergo
1765 1221 1859 1251 non·

461 1288 540 1334 cst,
562 1278 597 1323 si
621 1276 1016 1338 comprehendisti:
1037 1277 1072 1320 si
1089 1286 1235 1322 autem
1257 1277 1341 1321 hoc
1364 1286 1445 1333 est,
1461 1292 1551 1322 non
1568 1278 1854 1336 comprehen-

460 1349 576 1393 disti.
602 1348 718 1402 Quid
739 1363 843 1407 ergo
866 1348 929 1391 vis
946 1346 1095 1406 loqui,
1127 1346 1248 1406 quod
1269 1347 1642 1406 comprehendere
1663 1363 1753 1392 non
1770 1363 1860 1407 ΡΟ·-

465 1419 615 1463 tuisti?

522 1492 666 1534 XVII.
690 1487 928 1533 Videamus
946 1502 1073 1545 ergo,
1098 1502 1153 1531 ne
1174 1486 1288 1532 forte
1305 1488 1352 1530 in
1374 1496 1571 1532 creatura
1588 1488 1856 1533 inveniamus

462 1558 644 1618 aliquid,
662 1559 740 1602 ubi
761 1558 997 1615 probemus
1012 1558 1157 1617 aliqua
1174 1558 1257 1602 tria
1278 1567 1322 1602 et
1343 1558 1642 1618 separabiliter
1659 1559 1854 1604 demones

465 1629 567 1674 trari
585 1663 596 1683 ,
616 1636 659 1671 et
675 1625 1019 1686 inseparabiliter
1043 1629 1229 1686 operari.
1252 1631 1350 1681 Quo
1372 1628 1562 1673 ibimus?
1583 1629 1654 1674 Ad
1674 1628 1845 1686 coelum,

466 1709 515 1745 ut
543 1699 597 1743 de
632 1697 722 1743 sole
749 1707 793 1742 et
825 1696 930 1741 luna
952 1705 996 1740 et
1016 1696 1228 1742 sideribus
1255 1698 1562 1758 disputemus?
1579 1700 1649 1744 Ad
1671 1709 1849 1757 terram.»

467 1780 517 1815 ut
536 1770 648 1815 forte
667 1768 721 1813 de
743 1768 941 1813 frutectis
960 1803 971 1824 ,
991 1767 1046 1812 de
1069 1768 1298 1813 arboribus
1310 1805 1321 1826 ,
1347 1770 1402 1814 de
1421 1770 1680 1814 animalibus
1698 1777 1841 1815 terrm

466 1841 783 1901 implentibus?
805 1843 875 1884 An
896 1839 978 1883 de
968 1855 1060 1918 ipso
1081 1839 1213 1895 coelo,
1230 1856 1285 1884 an
1307 1840 1394 1884 de
1384 1857 1475 1900 ipsa
1497 1851 1626 1896 terra,
1645 1858 1745 1902 quae
1759 1857 1810 1887 co

468 1915 612 1959 tinent
628 1912 775 1957 omnia
789 1927 889 1972 quae
911 1920 1013 1955 sunt
1034 1912 1081 1955 in
1098 1911 1214 1956 coelo
1235 1921 1279 1955 et
1300 1911 1347 1954 in
1367 1914 1510 1956 terra?
1532 1913 1755 1969 Quandiu,
1775 1897 1892 1958 hmm

468 2001 557 2040 mo,
578 1984 734 2028 circuis
757 1991 1002 2030 creaturam
1017 1984 1035 2026 Ρ
1053 1982 1122 2026 Ad
1142 1992 1185 2026 te
1208 1981 1317 2038 redi,
1343 1992 1386 2027 te
1405 1982 1521 2040 vide,
1548 1994 1588 2028 te
1612 1986 1791 2045 inspice,
1812 1993 1834 2028 t·
1867 1951 1898 2016 fill

467 2056 651 2100 discute.
678 2057 730 2098 In
753 2062 952 2098 creatura
989 2053 1147 2113 quaeris
1174 2052 1319 2113 aliqua
1341 2055 1423 2098 tria
1460 2064 1504 2099 et
1525 2057 1755 2115 separatim
1777 2055 1844 2100 de·

470 2125 781 2180 monstranda,
809 2134 853 2169 et
881 2123 1225 2184 inseparabiliter
1254 2126 1479 2184 operantia
1503 2145 1513 2171 ε
1539 2126 1573 2170 si
1592 2127 1639 2170 in
1664 2135 1835 2171 creaturi

471 2197 631 2258 quaeris
646 2232 657 2253 ,
683 2196 729 2240 in
750 2204 791 2240 te
819 2196 937 2255 prius
957 2209 1119 2255 quaere.
1145 2197 1245 2240 Non
1267 2197 1384 2240 enim
1402 2206 1450 2241 tu
1468 2211 1558 2240 non
1580 2211 1624 2239 es
1645 2205 1806 2255 creatu,

475 2266 815 2314 Similitudinem
845 2265 1019 2326 quaeris.
1047 2265 1318 2318 Quaesiturus
1346 2279 1389 2308 es
1411 2265 1457 2307 in
1479 2267 1666 2323 pecore?
1687 2269 1749 2310 De
1770 2269 1846 2311 Do*

474 2341 588 2383 enim
611 2337 877 2398 loquebariS,
898 2350 1000 2380 cum
1021 2349 1237 2394 quaereres
1257 2334 1493 2394 quamdam
1512 2335 1824 2381 similitudine&

474 2413 535 2454 De
559 2410 767 2453 Trinitate
784 2405 1019 2451 ineffabilis
1039 2406 1275 2465 Majestatis
1296 2405 1545 2466 loquebaris
1563 2428 1574 2465 3
1598 2416 1642 2451 et
1658 2409 1760 2468 quia
1779 2406 1822 2452 de

474 2479 614 2524 fecisti
631 2480 678 2523 in
694 2479 850 2524 divinis
866 2513 877 2533 ,
897 2487 1107 2536 tuamque
1128 2476 1425 2522 infirmitatem
1447 2476 1594 2522 debita
1614 2477 1825 2538 humilitas·

473 2548 693 2593 coufessus
722 2565 792 2605 es,
818 2549 873 2593 ad
895 2549 1087 2592 humana
1110 2548 1266 2592 venisti
1282 2582 1293 2603 ,
1322 2548 1383 2592 ibi
1406 2547 1590 2593 discute.
1617 2549 1780 2601 Quaeris
1809 2546 1828 2599 i:

477 2635 630 2677 pecore
649 2654 659 2674 ,
684 2620 841 2678 quaeris
864 2619 909 2663 in
928 2618 1017 2664 sole
1033 2653 1044 2673 ,
1071 2618 1115 2662 in
1136 2617 1291 2663 stella?
1312 2616 1426 2671 Quid
1450 2618 1563 2664 enim
1588 2620 1744 2664 horum
1766 2616 1826 2688 fang
1879 2619 1891 2627 ”
