1898 3178
418 284 555 311 sERMO
586 285 681 322 cxi,
717 286 770 311 DE
805 285 948 313 vannis
982 289 1073 314 Luc.
1108 288 1205 315 xm.
1416 278 1498 315 613

125 346 357 393 obauditis.
392 351 548 393 Aream
580 350 731 404 video,
759 366 889 409 grana
922 367 1085 411 quaero.
1125 355 1181 397 Et
1211 352 1279 396 vix
1299 353 1502 397 videntur

125 433 279 477 grana,
305 419 481 478 quando
502 434 597 462 area
613 419 860 478 trituratur3
880 421 953 465 sed
975 421 1172 466 futurum
1197 432 1275 478 est,
1293 432 1342 467 ut
1363 424 1503 467 venti-

123 487 251 532 letur.
270 490 399 532 Pauci
412 504 514 547 ergo
530 489 606 548 qui
624 487 842 533 salvantur
863 491 909 534 in
929 494 1249 551 comparatione
1262 492 1502 537 multorum

123 559 428 618 periturorum.
448 561 556 604 Nam
572 559 651 617 ipsi
667 560 793 618 pauci
805 576 1006 619 magnam
1021 577 1201 606 massam
1216 561 1370 606 facturi
1383 573 1498 608 sunt.

123 630 235 673 Cum
266 629 430 673 venerit
450 629 683 673 ventilator
711 629 850 674 ferens
872 630 1164 675 ventilabrum
1184 634 1228 676 in
1247 648 1379 677 manu
1401 649 1499 688 sua,

122 698 353 742 mundabit
375 714 515 743 aream
541 714 684 754 suam,
708 699 928 744 frumenta
962 702 1169 746 recondet
1191 704 1237 746 in
1260 703 1463 747 horreum
1490 722 1499 748 :

123 768 266 828 paleas
283 778 426 813 autem
440 770 669 814 comburet
681 769 772 828 igni
789 771 1141 830 inextinguibilr.
1155 775 1249 818 Non
1268 774 1506 820 subsannet

122 839 242 898 palea
278 854 460 897 granum
487 858 496 884 ;
520 840 602 883 hoc
622 854 775 883 verum
797 839 1006 899 loquitur,
1034 843 1250 886 neminem
1274 842 1397 887 fallit.
1425 847 1505 888 Es-

122 918 212 954 tote
232 925 335 968 ergo
361 911 475 954 inter
503 909 663 954 multos
691 910 844 964 multi,
875 912 949 955 sed
982 912 1026 955 in
1050 915 1369 972 comparatione
1390 930 1504 974 quo·

122 980 323 1025 rumdam
344 979 583 1024 multorum
608 981 750 1040 pauci.
780 984 915 1025 Tanta
939 997 1071 1026 massa
1096 999 1342 1042 processura
1367 994 1431 1027 est
1451 984 1506 1028 de

120 1053 202 1095 hac
225 1066 321 1095 area
337 1086 347 1105 ,
372 1060 420 1094 ut
441 1050 619 1110 impleat
639 1052 845 1095 horreum
868 1051 981 1096 coeli.
1008 1056 1105 1098 Non
1127 1054 1240 1097 enim
1265 1055 1504 1098 contrarius

121 1122 202 1165 sibi
231 1130 338 1165 esset
369 1122 580 1165 Dominus
612 1122 836 1176 Christus,
868 1123 944 1181 qui
972 1123 1077 1166 dixit
1104 1143 1112 1167 :
1140 1125 1270 1167 Pauci
1298 1133 1400 1168 sunt
1428 1124 1504 1184 qui

121 1193 285 1236 intrant
308 1206 383 1250 per
404 1201 631 1250 angustam
655 1201 849 1251 portam,
871 1191 999 1235 multi
1024 1207 1101 1251 per
1130 1193 1261 1237 latam
1291 1195 1402 1238 viam
1426 1210 1503 1253 pe·-

121 1272 249 1306 reuut
271 1278 280 1303 t
304 1263 544 1307 contrarius
569 1263 650 1307 sibi
673 1272 804 1317 esset,
831 1263 907 1323 qui
931 1263 1015 1308 alio
1041 1263 1138 1308 loco
1161 1264 1268 1308 dixit
1292 1281 1299 1305 t
1330 1284 1348 1306 «
1374 1266 1503 1310 Multi

124 1350 143 1374 »
169 1333 224 1376 ab
242 1333 418 1377 Oriente
437 1341 479 1376 et
496 1333 734 1378 Occidente
756 1332 972 1376 venient2.
1003 1351 1022 1373 »
1048 1333 1175 1377 Multi
1197 1345 1312 1378 certe
1340 1336 1465 1394 pauci
1490 1356 1498 1380 :

121 1413 164 1447 ct
180 1404 305 1463 pauci
323 1439 333 1458 ,
355 1413 397 1447 et
417 1403 557 1447 multi.
591 1403 675 1448 Alii
702 1418 803 1462 ergo
826 1404 974 1462 pauci,
1004 1403 1074 1447 alii
1102 1404 1255 1448 multi?
1284 1408 1394 1450 Non.
1418 1407 1503 1451 Sed

120 1474 201 1533 ipsi
222 1475 347 1533 pauci
371 1475 447 1533 qui
469 1473 597 1518 multi
617 1491 629 1518 .·
649 1474 776 1533 pauci
798 1474 843 1518 in
865 1474 1188 1532 comparatione
1210 1476 1499 1533 perditorum,

120 1544 249 1588 multi
270 1544 314 1587 in
333 1544 536 1588 societate
554 1544 837 1602 Angelorum.
863 1543 1035 1599 Audite,
1058 1544 1307 1589 charissimi.
1331 1549 1502 1604 Apoca-

119 1615 251 1674 lypsis
267 1615 351 1659 hoc
368 1616 500 1659 habet
518 1615 726 1674 scriptum
745 1635 753 1659 :
775 1634 794 1656 «
810 1618 911 1659 Post
927 1615 1021 1659 haec
1041 1614 1130 1659 vidi
1148 1630 1199 1659 ex
1214 1618 1331 1660 omni
1354 1616 1503 1675 lingua

122 1703 144 1727 »
170 1695 212 1729 et
235 1695 362 1744 gente
397 1695 439 1729 et
465 1685 585 1729 tribu
599 1686 829 1730 venientes
850 1687 964 1741 fcum
986 1685 1103 1729 stolis
1132 1685 1239 1730 albis
1262 1695 1304 1729 et
1326 1686 1500 1745 palmis,

121 1775 142 1798 »
167 1756 494 1800 multitudinem
517 1771 650 1816 quam
678 1771 808 1800 nemo
835 1755 1111 1801 dinumerare
1138 1758 1320 1816 potestss.
1351 1774 1370 1797 η
1399 1760 1502 1802 Haec

119 1836 182 1872 est
211 1842 345 1871 massa
380 1835 643 1871 sanctorum.
681 1829 855 1880 Quanto
887 1826 1068 1873 clariore
1099 1843 1206 1872 voce
1237 1828 1404 1872 dictura
1438 1838 1502 1874 est

122 1913 218 1942 area
240 1897 445 1942 ventilata
459 1932 470 1952 ‚
496 1914 519 1942 a
542 1897 668 1941 turba
689 1898 946 1957 impiorum,
971 1907 1014 1943 et
1035 1898 1247 1943 malorum
1270 1897 1502 1944 falsorum—

121 1985 207 2030 que
228 1969 570 2014 Christianorum
593 1977 835 2028 segregata,
870 1968 925 2013 ad
946 1969 1067 2028 ignes
1089 1978 1271 2014 aeternos
1296 1971 1500 2029 separatis

120 2040 187 2084 his
208 2039 283 2099 qui
310 2049 542 2099 premunt,
576 2055 665 2084 non
693 2048 883 2099 tangunt
912 2055 920 2081 :
947 2040 1127 2095 (mulier
1156 2039 1272 2084 enim
1302 2039 1501 2099 quaedam

122 2112 338 2155 fimbriam
362 2111 594 2170 tangebat,
620 2111 749 2155 turba
771 2111 990 2156 Christum
1014 2111 1262 2169 premebat⁴
1288 2126 1296 2151 :
1317 2113 1333 2168 )
1356 2126 1501 2170 segre-

123 2182 230 2241 gatis
258 2197 361 2240 ergo
390 2182 593 2226 omnibus
614 2182 898 2235 damnandis,
934 2196 1068 2225 massa
1102 2189 1282 2241 purgata
1310 2190 1424 2225 stans
1447 2181 1501 2225 ad

121 2253 367 2307 dexteram,
392 2251 566 2296 nullum
587 2251 667 2296 sibi
695 2252 849 2296 timens
871 2251 1039 2295 misceri
1066 2250 1302 2305 malorum,
1330 2250 1500 2294 nullum

123 2323 278 2367 timens
301 2322 481 2382 perdere
504 2323 737 2377 bonorum,
762 2329 992 2380 regnatura
1011 2336 1110 2365 cum
1127 2321 1320 2376 Christo,
1340 2329 1501 2380 quanta

24 2382 28 2389 ’
53 2413 63 2435 :-
121 2393 280 2438 fiducia
299 2394 467 2438 dictura
491 2403 553 2439 est
579 2414 587 2438 :
613 2412 632 2435 «
657 2395 751 2453 Ego
773 2393 974 2452 cognovi,
1000 2392 1101 2452 quia
1122 2407 1304 2450 magnus
1326 2401 1389 2436 est
1410 2395 1498 2436 Do-

27 2466 30 2469 ’
56 2486 58 2489 ·
124 2482 144 2506 »
169 2465 357 2509 minus⁵.
386 2482 407 2505 »

169 2567 177 2583 ¹
200 2563 274 2593 Luc.
293 2572 340 2600 ιιι,
359 2572 408 2602 ¹7-
428 2578 468 2583 —-
485 2568 496 2583 ²
517 2560 634 2592 Matth.
664 2570 733 2598 vin,
762 2571 810 2591 ιῐ.
835 2575 875 2582 -
896 2557 908 2581 3
928 2562 1026 2601 Apoc.
1046 2569 1102 2596 vu,
1125 2570 1155 2600 ς).
1179 2574 1217 2580 -
1233 2548 1336 2589 4Luc,
1357 2558 1421 2598 viu,
1442 2558 1499 2599 ῤ’,

122 2632 163 2639 -
176 2614 190 2638 5
210 2615 291 2648 Psal.
310 2626 435 2652 cxxxiv,
457 2615 489 2648 5.
