1898 3178
344 182 426 223 544
787 190 820 220 s.
858 190 1088 219 mensuum
1120 190 1299 219 nmscom

343 273 432 303 esse
449 256 674 300 medicus?
695 258 869 301 Mecum
891 269 1037 314 quaere
1058 254 1289 298 medicum.
1323 255 1433 299 Nam
1455 252 1538 297 hoc
1560 260 1611 296 ut
1631 252 1723 297 evi-

342 328 513 372 dentius
536 325 780 372 ostenderet
803 325 1036 380 Dominus,
1060 325 1114 368 ab
1137 324 1299 384 Spiritu
1316 332 1465 368 sancto
1488 337 1622 382 quem
1644 322 1724 366 do-

343 398 464 443 navit
485 396 684 441 fidelibus
704 397 813 452 suis,
839 395 998 440 dimitti
1020 405 1195 455 peccata
1213 430 1224 451 ,
1264 410 1354 439 non
1385 393 1549 438 meritis
1582 393 1727 438 homi-

343 484 465 523 num,
481 466 674 527 quodam
695 466 793 512 loco
814 466 874 511 sic
894 467 952 510 ait
969 479 1193 524 resurgens
1217 481 1240 509 a
1258 465 1438 509 mortuis
1457 483 1464 508 :
1488 482 1508 506 «
1534 462 1728 521 Accipite

346 556 368 580 n
405 538 612 597 Spiritum
646 546 845 581 sanctum
867 538 898 580 1.
934 555 942 580 :
975 554 996 577 n
1031 544 1074 580 et
1104 551 1204 579 cum
1237 534 1410 578 dixisset
1433 553 1442 578 z
1485 552 1504 575 «
1537 533 1730 592 Accipite

348 626 368 650 »
405 607 614 666 Spiritum
636 615 857 662 sanctum,
882 624 901 647 »
924 606 1134 651 continuo
1159 604 1342 665 subjecit
1369 623 1378 648 2
1403 622 1423 645 «
1446 603 1487 648 Si
1508 603 1577 647 cui
1601 601 1731 646 dimi-

349 696 370 720 »
405 678 540 722 seritis
553 687 746 737 peccata,
763 676 1045 722 dimittuntur
1061 677 1122 721 ei:
1144 695 1162 718 n
1181 677 1264 720 hoc
1281 684 1361 729 est,
1381 674 1564 734 Spiritus
1581 673 1732 717 dimit-

351 750 425 805 tit,
440 765 530 795 non
554 764 640 794 vos.
657 768 676 791 «
694 749 878 808 Spiritus
896 757 1041 793 autem
1067 751 1179 792 Deus
1201 755 1280 791 est.
1295 749 1442 790 »Deus
1465 759 1566 803 ergo
1585 744 1734 788 dimit-

348 820 427 875 tit,
452 836 542 864 non
566 835 655 865 vos.
690 818 774 864 Sed
796 818 851 865 ad
870 819 1077 878 Spiritum
1100 816 1209 877 quid
1230 816 1329 860 estis
1345 817 1453 860 vos?
1480 833 1499 856 «
1524 814 1703 860 Nescitis
1719 848 1731 869 ,

352 910 372 933 »
407 892 509 951 quia
532 890 744 950 templum
768 892 846 934 Dei
862 891 961 934 estis
979 925 990 944 ,
1016 899 1059 933 et
1091 889 1272 947 Spiritus
1298 888 1374 931 Dei
1394 886 1564 931 habitat
1586 887 1632 929 in
1653 901 1733 930 vo-

352 981 372 1003 »
409 961 530 1005 bis2?
550 980 570 1003 »
598 964 654 1005 Et
676 962 835 1005 iterum
859 979 867 1005 :
896 979 915 1002 ι(
937 959 1117 1006 Nescitis
1143 958 1244 1018 quia
1263 972 1445 1017 corpora
1467 965 1605 1001 vestra
1622 965 1735 1000 tem-

355 1051 373 1073 »
408 1031 532 1090 plum
546 1031 591 1074 in
604 1031 730 1075 vobis
747 1039 810 1074 est
826 1030 1008 1089 Spiritus
1020 1029 1174 1083 sancti,
1195 1042 1327 1088 quem
1342 1026 1511 1071 habetis
1523 1042 1547 1070 a
1560 1027 1733 1070 DeossP»

352 1104 464 1145 Deus
486 1115 587 1158 ergo
609 1101 778 1144 habitat
794 1100 839 1142 in
861 1099 1026 1158 templo
1043 1107 1193 1143 sancto
1214 1113 1292 1142 suo
1312 1132 1323 1152 ,
1343 1098 1426 1142 hoc
1443 1105 1508 1140 est
1522 1131 1532 1150 ,
1557 1096 1603 1139 in
1620 1110 1737 1140 sanc-

352 1173 406 1216 tis
421 1172 506 1215 suis
530 1170 746 1225 fidelibus,
764 1170 810 1213 in
822 1169 1013 1214 Ecclesia
1037 1185 1110 1213 sua
1125 1187 1134 1213 ι
1152 1184 1229 1228 per
1246 1183 1317 1213 eos
1340 1167 1520 1212 dimittit
1538 1175 1736 1226 peccata3

354 1241 457 1301 quia
473 1241 570 1286 viva
591 1241 755 1300 templa
771 1248 887 1284 sunt.

410 1315 466 1356 X.
488 1313 573 1358 Sed
594 1312 670 1372 qui
693 1311 872 1356 dimittit
901 1325 977 1370 per
1006 1311 1228 1354 hominem
1245 1343 1256 1364 ,
1292 1318 1434 1368 potest
1455 1307 1673 1352 dimittere
1696 1317 1739 1352 et

353 1393 510 1444 praeter
545 1383 783 1428 hominem.
822 1384 972 1441 Neque
998 1381 1113 1425 enim
1143 1381 1288 1424 minus
1310 1380 1492 1424 idoneus
1514 1388 1578 1423 est
1599 1394 1675 1437 per
1696 1394 1740 1422 se

354 1455 479 1510 dare,
504 1455 580 1513 qui
603 1462 743 1512 potest
760 1468 836 1512 per
858 1451 992 1496 alium
1014 1451 1131 1495 dare.
1148 1454 1229 1494 Per
1245 1454 1458 1495 ‚Ioannem
1477 1449 1742 1509 quibusdam

355 1524 493 1578 dedit,
510 1524 590 1583 ipsi
601 1523 758 1568 Joanni
781 1537 857 1581 per
874 1537 1005 1582 quem
1020 1521 1170 1565 dedit?
1187 1521 1341 1565 Merito
1359 1520 1508 1565 volens
1530 1523 1642 1564 Deus
1658 1520 1742 1564 hoc

357 1594 600 1648 ostendere,
611 1603 656 1638 et
667 1593 769 1637 huic
781 1592 951 1637 veritati
967 1591 1174 1644 attestari,
1186 1605 1286 1634 cum
1305 1589 1482 1650 quidam
1494 1590 1539 1634 in
1555 1590 1743 1635 Samaria

357 1664 637 1723 evangelizati
646 1671 851 1717 essent,et
864 1662 1069 1720 baptizati
1082 1660 1530 1719 essent,etbaptizatia
1540 1659 1743 1719 Philippo

358 1734 637 1792 evangelista,
649 1748 738 1777 uno
753 1731 807 1776 de
818 1741 981 1790 septem
995 1730 1250 1774 diaconibus
1263 1730 1462 1789 primitus
1477 1730 1636 1784 electis,
1654 1745 1742 1774 non

359 1813 618 1863 acceperunt
642 1803 850 1862 Spiritum
872 1811 1087 1856 sanctum,
1112 1809 1155 1844 et
1176 1800 1382 1860 baptizati
1400 1809 1536 1844 erant.
1563 1801 1742 1845 Nuntia-

360 1885 454 1920 tum
476 1884 538 1918 est
561 1872 812 1932 Discipulis,
837 1872 912 1931 qui
930 1880 1053 1915 erant
1075 1870 1370 1928 Jerosolymis,
1392 1880 1435 1914 et
1451 1879 1665 1914 venerunt
1687 1870 1742 1914 ad

362 1945 596 1991 Samariam
612 1978 623 1998 ,
660 1952 710 1987 ut
730 1941 792 1986 illi
814 1942 890 2002 qui
913 1941 1117 2000 baptizati
1139 1950 1283 1995 erant,
1325 1955 1400 1998 per
1421 1940 1744 1998 impositionem

361 2029 514 2060 manus
531 2028 682 2059 eorum
700 2012 944 2071 acciperent
967 2011 1174 2069 Spiritum
1197 2019 1410 2054 sanctum.
1432 2012 1488 2053 Et
1503 2010 1561 2053 ita
1579 2008 1744 2054 factum

362 2095 425 2130 est
450 2105 458 2130 ε
484 2092 697 2129 venerunt
719 2092 763 2127 et
790 2082 1093 2141 imposuerunt
1115 2082 1174 2125 eis
1198 2095 1350 2124 manus
1368 2115 1382 2135 ,
1418 2089 1462 2124 et
1483 2088 1746 2139 acceperunt

365 2157 572 2215 Spiritum
595 2163 808 2199 sanctum.
840 2153 949 2205 Quia
981 2161 1083 2195 tunc
1105 2151 1164 2195 sic
1191 2150 1377 2195 dabatur
1415 2150 1597 2208 Spiritus
1619 2165 1745 2194 sanc·

363 2237 448 2282 tus,
465 2236 514 2271 ut
530 2227 660 2270 etiam
683 2233 911 2283 appareret
933 2222 1074 2267 datus.
1092 2223 1177 2274 Qui
1201 2223 1315 2266 enim
1338 2237 1437 2265 eum
1460 2222 1742 2280 accipiebant,

364 2298 521 2355 linguis
554 2295 752 2340 omnium
783 2293 979 2352 gentium
1016 2292 1311 2351 loquebantur
1343 2312 1352 2335 :
1378 2301 1428 2335 ut
1459 2292 1747 2350 significarent

364 2367 600 2412 Ecclesiam
621 2367 667 2409 in
691 2363 891 2424 gentibus
914 2363 1071 2420 linguis
1100 2364 1296 2407 omnium
1322 2362 1582 2407 locuturam.
1609 2365 1746 2406 Acce-

364 2446 522 2496 perunt
540 2452 642 2496 ergo
667 2436 874 2495 Spiritum
896 2442 1092 2479 sanctum
1107 2467 1118 2487 ,
1143 2443 1185 2477 ct
1206 2434 1252 2477 in
1280 2433 1339 2477 eis
1361 2432 1582 2478 evidenter
1603 2448 1739 2492 appa·

417 2529 426 2546 ¹
444 2523 535 2554 Joan.
553 2530 609 2563 xx,
624 2529 678 2553 22.
697 2536 738 2543 —
757 2525 769 2542 ²
793 2530 805 2551 1
828 2520 900 2551 Cor.
922 2529 972 2559 111,
991 2516 1041 2549 16.
1059 2532 1099 2539 -
1120 2514 1132 2540 ³
1151 2517 1197 2548 ld.
1220 2526 1263 2557 vi,
1290 2527 1343 2557 19.
