1898 3178
401 176 540 205 senno
572 174 732 213 va111‚
767 174 821 202 nr.
853 173 999 203 vmuns
1030 171 1226 203 MICHAEAE.
1458 164 1511 201 '77

136 359 1514 380 mmmmmmmmwwwwmmmmwwmmwwwwm

560 513 791 561 SERMO
841 513 1040 561 XLVIII
1059 517 1090 558 ¹.

130 689 193 731 De
214 685 357 731 verbis
379 687 575 732 Michaeae
600 687 828 747 prophetae
840 701 936 746 cap.
958 704 1004 731 VI
1017 686 1111 744 (11)
1132 702 1141 729 :
1166 681 1302 744 Quid
1319 681 1517 745 dignum

192 755 398 818 offeram
420 755 632 802 Domino
659 766 741 802 etc.
767 760 918 817 Deque
950 753 1063 801 Psal.
1089 772 1227 801 Lxxn.
1253 755 1416 815 Quam
1441 752 1517 797 bo-

190 842 279 872 nas
300 826 468 873 Israel
479 826 616 873 Deus
632 836 716 872 etc.

187 1000 224 1041 I.
252 1001 469 1044 annom:
486 998 736 1043 divinorum
755 997 1029 1058 eloquiorum
1045 1031 1057 1052 ,
1088 1012 1190 1042 cum
1211 997 1511 1051 recitarentur,

129 1067 389 1113 audivimus.
405 1072 470 1113 Ea
489 1069 617 1114 nobis
631 1078 696 1113 est
711 1068 910 1113 materies
926 1067 1138 1127 loquendi
1154 1067 1374 1127 proposita
1389 1088 1401 1124 3
1415 1067 1517 1110 indc

127 1153 276 1197 sapere
295 1138 520 1194 debemus,
546 1138 650 1182 inde
671 1139 882 1182 seminare
903 1139 1026 1198 quod
1045 1139 1235 1196 sapimus
1249 1172 1260 1192 ,
1284 1138 1517 1197 adjuvante

125 1207 202 1252 illo
223 1208 270 1251 in
290 1209 414 1266 cujus
430 1224 566 1253 manu
582 1217 705 1263 sunt,
725 1208 835 1252 sicut
857 1208 1064 1266 scriptum
1084 1216 1147 1251 est
1163 1241 1175 1263 ,
1200 1217 1244 1252 et
1266 1222 1341 1252 nos
1363 1216 1406 1251 et
1428 1222 1518 1251 ser--

127 1292 278 1322 mones
299 1277 480 1323 nostri2.
507 1279 596 1323 Nec
612 1276 773 1321 frustra
794 1276 878 1321 alio
910 1277 1008 1321 loco
1045 1277 1255 1336 scriptum
1281 1286 1343 1322 est
1367 1296 1375 1321 :
1405 1295 1426 1318 «
1464 1279 1516 1319 In

126 1365 148 1390 ra
182 1348 370 1393 Domino
391 1347 583 1392 laudabo
612 1362 857 1392 sermonem
873 1381 884 1401 ,
918 1347 965 1391 in
986 1346 1172 1391 Domino
1197 1345 1388 1391 laudabo
1415 1361 1516 1390 ver—

127 1436 148 1460 »
183 1418 293 1462 bum
310 1420 342 1462 3.
362 1436 383 1460 »
404 1420 497 1462 Hoc
519 1417 725 1463 laudatur
745 1417 792 1461 in
814 1417 1002 1462 Domino
1020 1450 1030 1472 ,
1051 1415 1172 1477 quod
1189 1415 1264 1460 dat
1285 1417 1512 1461 Dominus.

125 1488 333 1541 Quamvis
370 1503 474 1547 ergo
504 1488 668 1532 infirmi
700 1488 856 1542 simus,
881 1483 986 1531 ‘vasa
1026 1495 1173 1530 tamen
1205 1501 1353 1531 sumus
1385 1487 1475 1546 ejus
1502 1505 1512 1531 ι

124 1559 317 1617 capimus
335 1567 552 1618 quantum
569 1572 821 1617 possumus,
851 1557 1224 1601 communicamus
1255 1557 1345 1600 sine
1378 1555 1515 1601 livore

125 1627 247 1688 quod
263 1627 470 1688 capimus.
495 1627 706 1687 Suppleat
719 1626 792 1670 ille
816 1626 863 1670 in
878 1625 1086 1670 cordibus
1109 1625 1275 1680 vestriS‚
1296 1626 1419 1685 quod
1434 1641 1513 1670 nos

121 1699 266 1743 minus
288 1699 518 1744 fecerimus
539 1715 551 1742 .·
570 1698 680 1757 'quia
700 1706 744 1741 et
765 1697 886 1756 quod
907 1711 1138 1756 operamur
1158 1697 1204 1740 in
1226 1697 1405 1741 auribus
1421 1712 1513 1741 ves-

122 1769 197 1813 tris
216 1803 227 1824 ,
252 1769 360 1829 quid
382 1778 446 1813 est
463 1804 473 1823 ‚
498 1768 581 1813 nisi
601 1767 674 1811 ille
697 1776 839 1812 totum
855 1776 954 1824 agat
974 1768 1020 1811 in
1042 1766 1248 1812 cordibus
1268 1767 1447 1811 vestris?

181 1842 240 1884 II.
260 1840 410 1884 Lectio
426 1839 566 1899 prima
581 1839 836 1898 prophetica
855 1837 964 1897 quid
978 1837 1104 1882 nobis
1122 1837 1507 1894 commendaverit,

121 1924 192 1953 me
213 1917 584 1954 commemorante
604 1907 796 1952 recolite.
827 1925 848 1949 «
873 1906 987 1959 Quid
1008 1907 1192 1965 dignum
1210 1941 1222 1962 ,
1242 1907 1386 1967 inquit
1402 1942 1413 1962 ,
1438 1907 1510 1953 of-

123 1997 144 2021 »
181 1978 317 2024 feram
348 1980 535 2024 Domino
549 1980 596 2020 4?
630 1996 650 2020 »
687 1977 923 2031 Quaerebat
949 1978 1083 2021 homo
1124 1976 1384 2021 sacrificium
1420 1993 1510 2037 quo

121 2051 312 2111 placaret
329 2053 492 2106 Deum,
509 2049 579 2095 vel
600 2064 688 2110 quo
711 2049 901 2108 placeret
914 2050 1005 2092 Deo
1024 2065 1033 2089 ε
1059 2066 1079 2090 «
1098 2048 1323 2102 Curvabo‚
1345 2048 1505 2108 inquit,

125 2140 146 2163 »
183 2137 299 2181 genu
312 2124 403 2166 Deo
426 2120 593 2165 excelso
609 2154 620 2175 ,
641 2119 823 2179 placabo
845 2133 946 2162 eum
968 2119 1014 2162 in
1030 2117 1224 2162 millibus
1249 2127 1503 2176 taurorum,

123 2210 144 2233 »
180 2201 256 2235 aut
275 2192 318 2234 in
339 2191 461 2235 denis
483 2189 676 2234 millibus
698 2203 923 2249 caprarum
946 2189 1175 2248 pinguium
1190 2223 1201 2243 ,
1227 2197 1303 2232 aut
1324 2189 1506 2233 offeram

125 2280 146 2303 »
181 2265 272 2306 Deo
283 2261 479 2306 fructum
492 2261 653 2306 ventris
666 2260 751 2304 mei
763 2275 841 2319 pro
853 2268 1032 2319 peccato
1045 2260 1199 2303 animae
1211 2273 1318 2302 meae
1329 2260 1343 2284 ⁵
1357 2260 1375 2300 ‘3
1389 2258 1509 2303 »Pri-

124 2333 342 2391 mogenita
357 2367 367 2387 ‚
393 2332 537 2390 inquit
552 2366 563 2385 ‚
589 2345 683 2374 mea
696 2330 876 2374 offeram
894 2332 984 2373 Deo
1003 2344 1099 2373 meo
1121 2344 1199 2387 pro
1216 2337 1395 2388 peccato
1416 2328 1505 2372 ani-

175 2447 183 2464 ¹
202 2442 284 2474 Alias
304 2442 344 2474 de
359 2442 516 2482 Tempore
545 2439 623 2473 236.
643 2455 685 2463 -
704 2446 717 2462 ²
742 2442 817 2481 Sap.
844 2448 905 2480 vn,
930 2437 982 2471 16.v
1003 2453 1042 2460 --
1065 2434 1077 2458 3
1097 2436 1176 2469 psal.
1199 2448 1249 2478 ιν,
1267 2447 1318 2470 11.
1337 2454 1378 2460 ··-
1397 2435 1414 2462 4
1431 2436 1500 2468 Mi·

124 2497 217 2531 chaeae
235 2507 280 2538 vt,
298 2497 330 2528 0.
358 2512 399 2519 --
420 2494 435 2518 5
449 2494 530 2528 lbid.
553 2505 583 2535 7.
