1898 3178
390 200 472 239 416
820 210 853 236 s.
891 211 1119 237 mensum
1152 212 1332 238 Eris-corr

386 276 485 318 lunt
523 276 636 326 lieri,
676 290 764 318 non
787 274 863 334 qui
893 284 1008 319 sunt.
1036 277 1143 320 Nam
1164 276 1240 335 qui
1267 285 1400 330 sunt,
1435 277 1537 320 sint.
1566 275 1696 328 Quod
1718 275 1774 320 ad

384 345 479 389 illos
499 348 684 404 pertinet
701 343 948 399 audierunt,
970 354 1020 389 ut
1034 345 1185 390 divites
1208 346 1293 390 sint
1314 347 1359 390 in
1385 347 1592 406 operibus
1614 346 1742 390 bonis
1762 364 1771 390 ι

389 435 406 455 «
426 416 566 460 Facile
581 415 788 469 tribuant,
815 416 1154 460 communicent.
1179 435 1196 458 ι)
1215 416 1462 461 Audierunt
1479 417 1578 476 ipsi.
1595 419 1682 461 Vos
1701 416 1776 475 qui

386 486 582 529 noudum
599 485 719 540 estis,
739 486 901 530 audite.
933 505 952 527 «
975 486 1059 540 Qui
1080 486 1234 531 volunt
1256 486 1410 530 divites
1433 487 1525 530 fieri
1542 522 1553 542 ,
1572 486 1776 531 incidunt

389 574 407 596 υ
444 556 488 599 in
505 556 791 601 tentationem
814 566 856 601 et
871 556 1067 617 laqueos,
1085 566 1128 601 et
1146 555 1356 601 desideria
1374 556 1513 602 multa
1526 566 1568 601 et
1583 558 1726 602 noxia.
1750 575 1770 597 »

386 629 481 672 Non
501 627 688 672 timetis?
705 628 865 672 Audite
893 627 1013 688 quod
1031 627 1258 688 sequitur:
1288 645 1305 669 «
1335 631 1440 680 Quae
1471 637 1675 686 mergunt
1696 628 1778 672 ho-
1842 663 1848 684 =

391 717 408 737 υ
447 698 580 742 mines
600 698 646 742 in
667 698 893 743 interitum
916 708 957 743 et
980 697 1284 758 perditionem.
1309 699 1446 742 »Non
1464 697 1620 742 times?
1645 717 1665 740 «
1691 701 1780 742 Ra-
1842 697 1847 720 ³
1892 693 1898 717 '³

390 787 409 808 »
445 768 517 812 dix
538 779 601 814 est
623 770 738 814 enim
762 771 958 814 omnium
981 769 1195 813 malorum
1219 768 1410 812 avaritia.
1435 787 1455 809 »
1481 769 1673 813 Avaritia
1696 778 1776 825 est,

391 838 499 883 velle
517 856 606 885 esse
628 839 828 896 divitem,
854 857 943 885 non
956 842 1046 900 jam
1064 855 1153 884 esse
1170 838 1362 884 divitem.
1383 842 1479 898 Ipsa
1501 849 1564 883 est
1581 839 1777 884 avaritia.
1843 870 1846 885 .

393 912 531 970 Mergi
553 927 642 957 non
665 913 786 957 times
808 913 854 956 in
876 913 1099 956 interitum
1122 919 1166 954 et
1186 910 1506 969 perditionem?
1528 912 1626 955 Non
1653 910 1780 954 times

390 981 579 1025 radicem
603 983 800 1027 omnium
823 982 1038 1027 malorum
1062 981 1316 1025 avaritiam?
1337 984 1399 1025 De
1422 996 1525 1039 agro
1545 990 1623 1025 tuo
1644 982 1780 1026 extir-
1842 995 1847 1017 a
1882 976 1886 1017 ὲ

391 1068 463 1110 pas
484 1053 669 1096 radicem
692 1053 915 1112 spinarum
931 1087 943 1108 ,
975 1062 1018 1096 et
1050 1067 1140 1098 non
1162 1051 1346 1111 extirpas
1368 1051 1422 1095 de
1454 1050 1584 1095 corde
1607 1060 1684 1096 tuo
1706 1067 1779 1096 ra·
1842 1090 1844 1113 :
1873 1047 1884 1080 ff

390 1123 530 1167 dicem
554 1123 764 1168 malarum
784 1124 1106 1183 cupiditatum?
1129 1127 1292 1182 Purgas
1311 1137 1463 1182 agrum
1485 1131 1634 1178 tuum,
1659 1122 1781 1167 unde

389 1193 583 1237 fructum
606 1194 747 1253 capiat
762 1203 914 1238 venter
934 1203 1062 1251 tuus3
1087 1203 1130 1238 et
1152 1210 1242 1239 non
1262 1209 1421 1253 purgas
1442 1209 1517 1238 cor
1539 1202 1685 1248 tuum,
1701 1193 1780 1237 ubi
1883 1208 1891 1222 μ

390 1265 558 1309 habitet
579 1269 693 1309 Deus
715 1266 848 1309 tuus?
881 1284 900 1307 «
927 1264 1065 1309 Radix
1087 1273 1151 1308 est
1188 1264 1303 1307 enim
1335 1265 1531 1308 omnium
1563 1262 1782 1308 malorum

391 1354 410 1376 »
447 1336 640 1389 avaritia,
653 1350 786 1395 quam
804 1335 982 1394 quidam
1004 1343 1251 1394 sequentes,
1267 1349 1290 1377 a
1305 1334 1390 1377 fide
1414 1343 1749 1393 pererraverunt
1763 1366 1780 1389 ‚

393 1423 413 1446 »
449 1415 491 1448 et
512 1406 787 1450 inseruerunt
813 1419 856 1448 se
885 1404 1108 1448 doloribus
1130 1402 1293 1447 multis.
1323 1421 1343 1443 »

450 1478 549 1519 VII.
572 1475 763 1519 Audistis
785 1473 892 1534 quid
910 1473 1076 1518 faciatis
1095 1509 1105 1528 ,
1131 1473 1309 1518 audistis
1331 1472 1438 1533 quid
1460 1473 1669 1529 timeatis,
1703 1489 1787 1518 au·
1842 1474 1857 1515 ,²
1878 1475 1888 1510 tv

392 1546 512 1591 distis
534 1545 652 1591 unde
681 1555 850 1590 ematur
870 1560 1054 1604 regnum
1076 1544 1289 1588 coelorum
1311 1579 1321 1599 ,
1347 1543 1525 1590 audistis
1546 1545 1664 1589 unde
1695 1545 1786 1590 im·
1842 1523 1898 1590 list

392 1615 591 1675 pediatur
614 1631 798 1675 regnum
819 1615 1048 1660 coelorum.
1081 1616 1243 1659 Omnes
1265 1615 1310 1658 in
1343 1615 1475 1659 verbo
1498 1616 1574 1659 Dei
1596 1631 1787 1661 concor-

392 1687 507 1731 date.
528 1690 584 1730 Et
606 1686 783 1730 divitem
807 1694 850 1729 et
867 1700 1104 1745 pauperem
1127 1688 1240 1729 Deus
1263 1684 1378 1729 fecit.
1402 1685 1622 1744 Scriptura
1636 1687 1790 1747 loqui--

393 1766 463 1801 tur
500 1776 507 1801 :
543 1776 562 1797 «
601 1756 726 1800 Dives
759 1764 802 1800 et
832 1771 999 1815 pauper
1036 1763 1322 1800 occurrerunt
1358 1754 1465 1810 sibi,
1499 1754 1602 1800 fecit
1633 1766 1790 1801 auten]-

396 1846 416 1868 »
449 1827 598 1871 ambos
622 1826 876 1871 Dominus².
903 1826 1030 1870 Dives
1053 1835 1095 1869 et
1117 1840 1283 1884 pauper
1317 1834 1602 1869 occurrerunt
1629 1826 1727 1870 sibi.
1758 1844 1778 1868 »

1856 1623 1896 1655 ifflss

1855 1663 1898 1743 {diui

1856 1763 1898 1798 ’,Ποῖ

1856 1834 1898 1877 >poi

396 1901 447 1941 ln
469 1914 555 1957 qua
571 1897 638 1941 via
662 1897 743 1941 nisi
763 1896 809 1940 in
830 1896 910 1940 ista
928 1896 1046 1940 vita?
1064 1898 1198 1941 Natus
1217 1904 1280 1940 est
1294 1894 1412 1940 dives
1425 1930 1435 1950 ,
1455 1905 1581 1940 natus
1595 1905 1659 1940 est
1671 1912 1792 1955 pau-·
1842 1934 1845 1945 ,
1864 1887 1898 1938 hm

396 1985 483 2028 per.
511 1968 764 2013 Occurristis
800 1968 923 2012 vobis
945 1968 1104 2027 pariter
1136 1966 1409 2011 ambulantes
1431 1967 1560 2011 viam.
1596 1970 1662 2011 Tu
1692 1967 1794 2012 noli
1841 1953 1898 2032 {M

396 2056 588 2101 premere
604 2075 616 2096 ,
638 2050 686 2085 tu
708 2040 798 2084 noli
829 2038 1046 2083 fraudare.
1078 2041 1162 2082 Iste
1196 2047 1320 2096 eget,
1346 2037 1418 2082 ille
1438 2039 1586 2083 habet.
1617 2058 1637 2081 «
1662 2039 1796 2084 Fecitt
1841 2042 1898 2104 limi

398 2130 417 2152 »
436 2121 581 2156 autem
603 2110 751 2155 ambos
770 2109 1023 2154 Dominus.»
1038 2111 1119 2152 Per
1136 2123 1235 2151 eum
1255 2108 1330 2168 qui
1347 2108 1496 2163 hahet,
1509 2109 1633 2168 juvat
1653 2123 1795 2167 egen·-

398 2191 482 2225 tem
511 2202 518 2225 :
544 2196 618 2241 per
641 2196 740 2225 eum
766 2179 842 2240 qui
876 2195 966 2223 non
997 2178 1152 2233 habet,
1174 2178 1331 2237 probat
1363 2178 1614 2223 habentem.
1642 2179 1794 2223 Audi--

398 2254 558 2308 vimus,
595 2252 779 2297 diximus
802 2270 810 2296 z
837 2251 1088 2304 timeamus,
1122 2264 1376 2305 caveamus,
1399 2265 1586 2306 oremus,
1627 2265 1794 2309 pesve·-

398 2339 582 2368 mamus.

447 2428 454 2443 ¹
474 2424 565 2456 Prov.
583 2432 658 2463 xxii,
678 2430 711 2455 2.

1864 2111 1898 2151 ms!

1863 2188 1895 2223 ΙΠΞΕ

1864 2258 1890 2302 fn]

1863 2327 1891 2347 ψ,

1840 2368 1843 2437 i
1863 2398 1891 2431 ΤΛ·

1840 2455 1843 2507 A'
1878 2462 1898 2504 t
