1898 3178
450 268 531 305 582
878 274 1178 305 S.AUGUST1N1
1210 268 1389 308 Eprscom

447 347 532 388 Nos
561 357 693 386 ovum
716 349 911 384 nostrum
940 341 1022 384 sub
1045 340 1120 385 alis
1137 342 1252 387 illius
1274 344 1446 402 gallinae
1463 358 1676 403 ponamus
1693 358 1853 388 evan·
1891 336 1898 364 ⁵

449 415 620 474 gelicae,
643 428 740 472 quae
757 411 943 456 clamat:
971 432 990 453 «
1010 413 1270 470 Jer,usalem
1293 417 1558 469 Jerusalem,
1575 414 1635 458 illi
1651 414 1770 458 falsae
1785 401 1852 460 etl
1890 407 1898 434 fi

449 505 470 529 »
506 483 712 545 perditae,
749 483 918 542 quoties
942 483 1059 527 volui
1098 450 1299 543 colligere
1321 485 1431 530 filios
1464 495 1582 538 tuos,
1620 494 1850 545 tanquam
1847 461 1851 522 1
1889 478 1898 504 ⁰

449 575 469 598 »
506 554 663 613 gallina
687 552 828 613 pullos
850 569 949 598 suos
969 587 980 608 ,
1001 562 1043 598 et
1058 554 1258 599 noluisti¹
1277 557 1294 598 ’ἓ
1315 573 1335 596 »
1360 558 1457 601 Non
1482 555 1606 600 nobis
1630 555 1822 612 dicatur,
1848 533 1898 577 1

446 626 626 679 Quoties
658 622 805 678 volui,
835 633 879 667 et
909 623 1116 668 noluisti?
1145 624 1224 669 Illa
1247 625 1364 669 enim
1391 624 1548 683 gallina
1584 625 1729 669 divina
1755 627 1828 670 Sa·
1876 578 1898 662 ‘q

447 696 609 756 pientia
624 704 717 739 est:
743 694 817 738 sed
840 695 1068 754 assumpsit
1083 711 1285 750 carnem,
1311 705 1359 740 ut
1387 695 1518 755 pullis
1551 705 1829 754 congrffueiet
1845 705 1849 767 j
1846 673 1898 718 Ῑ

444 767 600 811 Videte
620 765 823 824 galhnam
835 764 1048 825 hispidam
1062 751 1236 825 plumis,
1254 731 1436 811 dimissis
1453 767 1544 821 alis,
1556 782 1662 812 voce
1676 765 1847 831 fracta,1
1884 762 1896 789 ¹³

444 847 488 881 et
509 852 683 897 quassa,
704 845 746 880 et
777 835 912 891 lassa,
936 845 979 880 et
999 835 1206 895 languida
1239 852 1479 895 congruere
1508 837 1696 896 parvulis
1723 838 1823 883 suis.
1883 834 1898 890 ‘l

445 910 589 952 Ovum
607 922 709 966 ergo
727 915 923 951 nostrum
940 941 951 962 ,
970 906 1017 950 id
1035 915 1096 950 est
1112 942 1123 962 ,
1147 922 1268 967 spem
1295 917 1484 952 nostram
1507 908 1589 952 sub
1619 906 1694 952 alis
1715 907 1826 952 illius
1882 895 1898 932 11

448 977 620 1037 gallinae
641 992 868 1037 ponamus.
1881 974 1898 1001 ᾗ

502 1051 603 1092 ΧΠ.
631 1047 1004 1092 Animadvertistis
1028 1046 1160 1102 forte,
1201 1047 1421 1108 quomodo
1444 1047 1602 1107 gallina
1630 1047 1829 1094 concidat
1881 1044 1898 1074 ¹⁰

443 1119 727 1178 scorpionem.
750 1118 924 1162 Utinam
947 1133 1049 1177 ergo
1071 1127 1114 1162 et
1130 1118 1232 1162 istos
1251 1118 1601 1178 blasphemantes
1615 1154 1625 1173 ,
1650 1119 1696 1163 in
1718 1128 1827 1164 terra

444 1198 662 1249 reptantes
679 1224 690 1243 ,
715 1188 770 1232 de
791 1189 983 1232 cavernis
1012 1188 1278 1247 prodeuntes
1295 1223 1306 1244 ,
1337 1198 1380 1232 et
1416 1189 1526 1232 male
1556 1198 1797 1248 pungentes
1813 1223 1824 1245 ,

443 1259 515 1303 illa
539 1259 697 1318 gallina
719 1258 920 1303 concidat
940 1267 983 1302 et
1005 1258 1185 1302 devoret
1200 1294 1211 1313 ,
1232 1259 1278 1302 in
1300 1273 1456 1318 corpus
1471 1273 1599 1302 suum
1619 1259 1824 1318 trajiciat,
1843 1283 1846 1286 ·

445 1339 488 1374 et
516 1330 561 1373 in
593 1344 724 1373 ovum
756 1337 911 1373 vertat.
944 1331 1041 1373 Non
1064 1329 1303 1372 irascantur
1331 1349 1338 1371 z
1371 1328 1576 1372 commoti
1603 1327 1824 1388 videmur3

445 1400 520 1445 sed
548 1398 777 1443 maledicta
805 1398 1046 1443 maledictis
1069 1414 1157 1443 non
1191 1398 1428 1443 reddimus.
1469 1397 1769 1442 Maledicimur
1789 1408 1828 1444 et

447 1470 770 1525 benedicimus,
808 1470 1094 1526 blasphemati
1123 1469 1409 1528 deprecamur
1426 1472 1459 1513 ².
1489 1468 1573 1514 Sed
1607 1484 1695 1513 non
1719 1469 1828 1516 dicat

447 1540 501 1584 de
517 1543 676 1593 Roma,
703 1539 868 1583 dictum
893 1547 956 1582 631
977 1537 1032 1582 de
1053 1554 1122 1582 me
1144 1557 1153 1584 :
1173 1541 1211 1582 O
1231 1539 1263 1582 si
1286 1549 1428 1584 136631
1450 1538 1505 1583 de
1525 1542 1662 1584 Roma
1684 1559 1692 1584 ε
1711 1541 1832 1600 (111331

448 1625 550 1669 ergo
577 1609 807 1654 insultator
829 1610 907 1652 sim
925 1643 937 1662 ,
975 1616 1018 1651 61
1043 1624 1133 1653 non
1164 1609 1309 1668 potius
1342 1610 1515 1655 Domini
1547 1608 1823 1670 deprecator,

446 1690 489 1725 et
509 1689 648 1724 vester
666 1678 998 1739 qualiscumque
1018 1680 1284 1724 exhortator.
1311 1681 1436 1724 Absit
1457 1696 1480 1724 3
1503 1696 1572 1725 1116
1587 1716 1598 1736 ,
1622 1690 1672 1724 111
1692 1679 1830 1726 insul-¹
1887 1700 1895 1713 2

446 1760 550 1795 tem.
578 1754 756 1794 Avertat
781 1753 894 1794 Deus
923 1765 945 1794 3
969 1748 1099 1793 corde
1121 1765 1218 1794 11160
1238 1785 1248 1805 ,
1276 1759 1319 1794 61
1342 1766 1365 1794 3
1387 1750 1537 1795 dolore
1558 1751 1790 1796 conscienti
1826 1782 1828 1784 -

445 1836 569 1866 meae.
593 1820 662 1864 Ibi
684 1819 844 1864 multos
881 1819 1034 1864 fratres
1056 1836 1144 1865 non
1177 1821 1445 1865 habuimus?
1465 1837 1553 1866 non
1577 1822 1721 1867 adhuc
1750 1823 1828 1867 113-

445 1892 631 1935 bemus?
655 1891 799 1935 Portio
831 1890 1143 1948 peregrinantis
1169 1889 1409 1934 Jerusalem
1440 1891 1622 1935 civitatis
1652 1907 1740 1936 non
1769 1890 1839 1936 ibit

443 1976 598 2018 magna
621 1959 770 2018 degit?
789 1974 878 2003 non
890 1958 951 2003 ibi
970 1959 1224 2018 temporalia
1238 1959 1450 2018 pertulit?
1471 1961 1548 2005 sed
1563 1970 1723 2005 aeterna
1741 1975 1824 2006 non

443 2030 649 2091 perdidit.
668 2030 784 2083 Quid
801 2044 902 2088 ergo
923 2028 1037 2082 dico,
1058 2044 1159 2074 cum
1176 2028 1231 2073 de
1252 2028 1324 2073 illa
1349 2046 1436 2074 non
1457 2040 1598 2086 taceo,
1626 2032 1706 2076 nisi
1728 2032 1800 2092 qui
1823 2053 1825 2063 ¹

446 2100 605 2144 falsum
639 2109 727 2153 est,
765 2099 883 2159 quod
907 2098 1061 2142 dicunt
1089 2098 1145 2142 de
1178 2099 1350 2143 Christo
1382 2110 1557 2156 nostro,
1584 2101 1704 2161 quod
1740 2102 1824 2161 ipse

444 2469 523 2512 pro
563 2418 722 2511 magrio
753 2451 938 2506 habent,
964 2460 1193 2509 argentum
1215 2459 1258 2494 et
1294 2467 1464 2496 aurum.
1491 2455 1654 2497 Tamen
1687 2454 1780 2513 ipsu

443 2530 670 2581 argentum
699 2530 742 2565 et
779 2535 934 2565 aurum
961 2518 1110 2565 oculos
1147 2521 1339 2576 habent,
1369 2530 1412 2566 et
1441 2537 1530 2567 non
1561 2522 1727 2568 vident.
1758 2519 1819 2568 Dii
1886 2538 1891 2565 1

490 2614 498 2630 ¹
520 2608 633 2640 Matth.
654 2615 740 2647 xxiu,
758 2607 810 2648 37.
832 2623 873 2632 —-
894 2613 907 2629 ²
930 2618 943 2638 1
965 2608 1039 2639 Cor.
1059 2617 1105 2648 ιν,
1123 2615 1173 2639 12.
1192 2623 1234 2630 -
1260 2605 1273 2631 3
1289 2606 1371 2641 Psal.
1391 2608 1528 2650 cn11,4.
