1898 3178
387 242 469 292 4¹86
813 252 846 281 s.
884 251 1111 281 Anous‘nm
1144 255 1321 282 Emscopl

391 334 503 364 meos
521 354 531 374 ,
553 327 601 363 ut
619 334 716 363 cum
741 333 938 373 senuero,
960 327 1136 377 pascant
1158 334 1242 362 me.
1263 318 1379 363 Nihil
1400 319 1555 363 horum
1574 321 1731 378 cogitat
1749 339 1757 365 z

386 390 514 449 gratis
533 398 647 433 amat
667 424 676 443 ,
704 389 832 447 gratis
850 388 986 448 pascit
1007 408 1016 433 ε
1039 388 1244 433 affectum
1267 390 1453 448 parentis
1475 390 1673 445 exhibet,
1699 406 1762 435 re-

382 461 663 504 tributionem
685 474 775 502 non
798 459 994 518 requirit.
1020 461 1076 503 Et
1097 474 1196 514 vos,
1222 460 1352 515 novi,
1377 461 1489 516 scio,
1523 461 1582 505 sic
1611 462 1762 505 amatis

380 530 490 574 filios
513 539 688 573 vestros.
710 548 729 571 «
748 532 845 575 Non
878 530 994 573 enim
1015 529 1180 575 debent
1201 529 1279 574 filii
1308 532 1561 590 parentibus
1582 532 1761 576 thesau-

384 619 404 641 »
441 601 595 654 rizare,
622 598 697 643 sed
719 609 917 658 parentes
944 599 1041 644 filiis
1059 602 1090 645 ¹.
1119 619 1139 641 »
1166 601 1277 645 Hinc
1299 602 1428 645 etiam
1457 602 1585 646 multi
1602 602 1762 647 excita-

382 671 464 714 tis2'
485 669 708 714 avaritiam
729 678 913 714 vestram
930 705 940 724 ‚
978 671 1080 730 quia
1101 670 1197 714 filiis
1229 671 1381 715 vestris
1404 672 1624 730 acquiritis
1641 707 1651 726 ,
1677 673 1761 716 eis-

379 755 465 800 que
495 741 684 784 servatis.
721 739 805 784 Sed
827 739 1044 785 extendite
1067 740 1343 785 dilectionem
1362 776 1372 796 ,
1399 750 1561 785 crescat
1588 742 1666 786 ista
1692 742 1761 785 di-

381 810 509 855 lectio
539 829 547 855 :
577 826 720 854 amare
755 819 898 855 autem
932 810 1042 855 filios
1077 820 1119 854 et
1151 811 1354 870 conjuges
1373 846 1383 865 ,
1411 811 1607 855 nondum
1636 813 1762 856 vestis

383 882 455 926 illa
478 882 683 942 nuptialis
717 883 824 926 est3.
851 882 1019 926 Habete
1042 881 1171 927 fidem
1192 881 1246 925 ad
1269 885 1423 925 Deum.
1451 883 1574 926 Prius
1597 882 1762 941 diligite

382 955 536 996 Deum.
569 953 799 996 Extendite
822 953 874 996 ad
899 955 1035 996 Deum
1059 973 1070 1008 3
1105 961 1148 996 et
1177 968 1285 1012 quos
1308 953 1501 1012 poteritis
1517 989 1527 1007 ,
1554 954 1690 1012 rapite
1707 953 1762 997 ad

383 1026 536 1066 Deum.
561 1024 766 1067 Inimicus
794 1032 883 1067 est:
906 1024 1097 1082 rapiatur
1122 1022 1176 1067 ad
1202 1026 1352 1067 Deum.
1379 1024 1515 1068 Filius
1539 1033 1626 1078 est,
1652 1039 1762 1068 uxor

383 1103 469 1148 est,
496 1109 641 1137 servus
673 1104 763 1138 est:
788 1094 980 1153 rapiatur
1017 1093 1070 1137 ad
1101 1097 1252 1137 Deum.
1290 1094 1546 1152 Peregrinus
1576 1103 1666 1149 est,
1694 1110 1762 1138 ra-

382 1165 525 1223 piatu1
542 1164 596 1208 ad
618 1167 773 1208 Deum.
801 1165 1005 1208 Inimicus
1027 1173 1089 1208 est
1106 1164 1333 1223 ,rapiatur
1355 1165 1409 1208 ad
1432 1168 1585 1209 Deum.
1607 1168 1758 1224 Rape,

384 1251 484 1295 rape
500 1237 755 1281 inimicum:
781 1236 989 1295 rapiendo
1013 1252 1101 1280 non
1123 1236 1204 1280 erit
1232 1235 1446 1280 inimicus.
1476 1236 1543 1281 Sic
1562 1235 1761 1295 proficiam

385 1316 481 1361 tur,
519 1307 577 1351 sic
608 1308 792 1351 charitas
826 1307 1069 1361 nutriatur,
1105 1315 1154 1350 ut
1185 1307 1347 1350 nutrita
1384 1307 1630 1364 perficiatur
1658 1326 1666 1350 :
1702 1306 1761 1350 sic

383 1377 510 1421 vestis
531 1377 734 1435 nuptialis
763 1377 1001 1420 induatur:
1027 1377 1086 1419 sie
1108 1377 1250 1432 imago
1276 1377 1372 1428 Dei,
1399 1376 1452 1418 ad
1477 1391 1606 1434 quam
1631 1377 1763 1419 cleati

383 1462 555 1500 sumus,
582 1446 848 1505 proficiendo
871 1445 1154 1503 resculpatur.
1190 1410 1415 1488 Peccanilo
1445 1445 1559 1487 enim
1589 1444 1762 1488 obsole-

381 1516 496 1560 facta
518 1525 629 1569 erat,
657 1516 800 1559 attrita
835 1524 939 1558 erat.
969 1514 1093 1558 Unde
1115 1515 1289 1557 attrita?
1321 1513 1439 1557 unde
1467 1513 1763 1559 obsolefacta?

381 1588 493 1630 Cum
526 1586 705 1629 fricatur
727 1574 781 1629 ad
820 1594 993 1628 terram.
1020 1583 1134 1636 Quid
1155 1593 1246 1639 est,
1282 1583 1336 1627 ad
1365 1593 1523 1628 terram
1550 1583 1762 1629 fricatur?

383 1656 578 1698 Terrenis
601 1654 914 1714 cupiditatibus
936 1653 1105 1697 teritur.
1132 1673 1150 1695 «
1173 1656 1434 1713 Quanquam
1452 1654 1566 1697 enirn
1591 1654 1636 1697 in
1652 1655 1762 1698 ima—

383 1745 402 1767 »
439 1726 538 1784 gine
566 1724 759 1769 ambulet
781 1726 913 1769 homo
935 1760 945 1779 ,
971 1734 1117 1768 tamen
1139 1740 1248 1768 vane
1270 1724 1602 1769 conturbatur⁴.
1626 1744 1645 1766 »
1673 1728 1761 1769 Ve-

377 1798 477 1841 ritas
500 1797 710 1856 quaeritur
727 1797 772 1840 in
795 1797 871 1840 Dei
894 1796 1095 1854 imagine,
1120 1811 1204 1839 non
1221 1796 1398 1840 vanitas.
1424 1796 1623 1839 Amando
1644 1796 1759 1839 enim

377 1868 603 1912 veritatem
627 1868 768 1924 imago
790 1867 879 1921 illa,
903 1867 958 1909 ad
977 1880 1109 1925 quam
1128 1865 1258 1908 creati
1280 1880 1449 1914 sumus,
1470 1865 1756 1924 resculpatur,

378 1949 419 1982 et
438 1938 636 1998 proprius
658 1952 863 1981 nummus
886 1935 1044 1981 Caesari
1067 1944 1213 1979 nostro
1236 1935 1457 1978 reddatur.
1486 1936 1552 1979 Sic
1574 1936 1688 1979 enim
1707 1951 1758 1979 ex

376 2011 653 2068 responsione
681 2008 855 2052 Domini
886 2007 1090 2061 audistis,
1117 2006 1384 2050 tentantibus
1413 2005 1575 2050 Judaeis
1609 2005 1758 2050 dicen-

374 2089 461 2124 tem
481 2080 716 2123 Dominum
735 2097 743 2123 :
765 2097 785 2119 «
804 2077 917 2131 Quid
940 2093 1008 2121 me
1032 2077 1222 2131 tentatis,
1236 2077 1509 2135 hypocritae‘?
1530 2077 1756 2121 Ostendite

376 2169 396 2192 »
432 2151 538 2194 mihi
561 2149 776 2193 numisma
805 2164 957 2192 census
986 2150 999 2173 ⁵
1019 2184 1029 2203 ,
1057 2167 1076 2188 >1
1105 2146 1146 2191 id
1180 2157 1266 2202 est,
1298 2148 1621 2207 impressionem
1643 2148 1755 2192 ima-

373 2221 480 2279 ginis
514 2229 556 2263 et
579 2219 1002 2279 superscriptionem.
1029 2216 1252 2261 Ostendite
1292 2218 1397 2261 mihi
1430 2218 1536 2278 quid
1565 2217 1751 2274 solvitis,

371 2291 477 2351 quid
506 2292 663 2350 paratis
681 2325 691 2343 ,
717 2289 822 2350 quid
845 2306 868 2334 a
890 2289 1011 2333 vobis
1035 2288 1218 2347 exigitur
1235 2324 1246 2343 ,
1274 2287 1488 2333 ostendite
1507 2289 1642 2336 mihi.
1669 2290 1753 2332 Os-

371 2362 604 2405 tenderunt
623 2360 684 2404 illi
707 2359 933 2404 denarium
951 2367 1018 2403 :et
1036 2359 1233 2418 quaesivit
1248 2360 1373 2418 cujus
1395 2359 1577 2402 haberet
1598 2359 1751 2416 imagi-

369 2446 468 2474 nem
505 2440 548 2475 et
584 2430 1008 2490 superscriptionem.
1048 2428 1410 2488 Responderunt,
1450 2448 1469 2469 a
1499 2429 1693 2473 Caesaris.
1724 2447 1744 2470 »

429 2532 437 2546 ¹
459 2534 477 2556 2
495 2528 566 2557 Cor.
592 2537 646 2565 xii,
668 2525 718 2566 14.
745 2542 786 2547 -
808 2533 820 2547 ²
852 2526 956 2557 Forte
981 2524 1147 2556 excutatis.
1171 2541 1211 2546 -—
1233 2522 1245 2545 3
1270 2524 1346 2555 Vide
1375 2534 1468 2566 supra
1488 2526 1591 2556 Serui.
1612 2535 1747 2565 mxxvi,

370 2591 401 2612 n.
430 2591 477 2611 11,
499 2580 567 2608 -4
588 2580 668 2612 Psal.
693 2591 821 2621 xxxviii,
842 2591 872 2622 7.
890 2598 931 2602 —
950 2579 964 2603 5
990 2580 1108 2612 Manli,
1134 2590 1213 2620 xxii,
1238 2579 1288 2620 18,
1311 2591 1361 2621 ¹9·
