1898 3178
411 264 549 291 SERMO
578 264 656 301 cv,
692 264 746 290 DE
778 261 924 292 vmusss
956 265 1048 291 Luc.
1085 266 1145 291 xi.
1359 255 1441 292 577

67 327 184 370 Pone
201 339 304 384 ergo
325 326 428 382 tria,
450 341 629 386 panem,
647 327 806 386 piscem
823 363 834 384 ,
860 343 991 373 ovum
1015 347 1024 373 ε
1043 330 1180 390 major
1196 329 1353 374 horum
1371 345 1444 389 pa-

64 395 145 439 nis.
171 394 277 439 Ideo
308 395 419 440 bene
442 411 599 455 panem
620 396 899 456 intelligimus
930 399 975 442 in
997 399 1063 443 his
1091 399 1226 443 tribus
1257 400 1444 444 charita-

63 473 166 509 tem.
190 467 423 524 Propterea
442 466 543 524 pani
566 465 754 525 lapidem
775 469 976 527 opposuit
1001 487 1009 512 :
1036 469 1137 528 quia
1159 469 1317 513 duritia
1337 484 1444 514 con-

63 534 191 579 traria
213 543 276 579 est
293 535 505 580 charitati.
531 535 697 580 Piscem
728 536 860 581 fidem
882 537 1178 597 intelligimus.
1211 539 1325 584 Dixit
1346 540 1443 599 qui-

63 604 164 650 dam
198 609 400 662 Sanctus,
435 616 479 651 et
503 622 581 652 nos
604 607 746 651 dicere
779 608 995 654 delectat:
1022 610 1152 654 Piscis
1179 610 1319 654 bonus
1339 646 1349 665 ‚
1374 611 1444 669 pia

63 684 128 720 est
155 675 281 720 fides.
302 677 420 720 Vivit
441 678 553 720 inter
586 676 746 721 fluctus
764 712 774 732 ‚
811 693 890 722 nec
924 677 1135 737 frangitur
1165 690 1240 724 aut
1263 680 1444 725 solvitur

63 746 285 791 fluctibus.
306 747 424 792 Vivit
437 747 550 791 inter
566 748 824 792 tentationes
840 758 1206 810 tempestatesque
1219 751 1348 810 hujus
1369 767 1445 795 sce-

62 817 170 872 culi‚
187 819 257 877 pia
274 818 380 863 fides
407 837 415 863 ι
440 819 561 864 saevit
574 818 780 874 mundus,
802 828 844 863 et
857 819 1024 878 integra
1044 830 1120 865 est.
1137 825 1325 867 Tantum
1341 839 1445 867 con—

62 889 242 933 trarium
262 888 365 933 fidei
390 899 634 949 serpentem
655 889 779 934 illum
807 891 1000 935 observa.
1024 895 1075 935 In
1098 892 1183 935 fide
1213 894 1328 936 enim
1350 893 1445 937 des-

62 967 241 1018 ponsata
255 968 319 1003 est
332 958 423 1015 illa,
437 959 678 1005 cuidicitur
695 960 740 1003 in
759 960 1265 1006 CanticisCanticorum:
1289 982 1308 1004 «
1334 964 1445 1006 Veni

63 1046 84 1071 »
120 1028 175 1072 de
192 1028 374 1084 Libano,
391 1044 544 1088 sponsa
564 1045 676 1085 mea,
693 1030 870 1074 veniens
887 1039 930 1074 et
941 1032 1227 1090 pertransiens
1251 1032 1304 1075 ab
1322 1032 1445 1076 initio

63 1116 85 1140 n
120 1097 222 1142 fidei
239 1100 270 1141 1.
304 1116 323 1140 »
350 1099 455 1144 Ideo
485 1108 528 1143 et
557 1099 813 1159 desponsata
833 1135 843 1154 ‚
868 1100 967 1159 quia
992 1099 1332 1159 desponsationis
1359 1102 1445 1145 ini-

61 1167 169 1212 tium
193 1168 299 1214 fides
332 1177 409 1213 est.
451 1170 725 1213 Promittitur
762 1170 876 1213 enim
901 1170 955 1213 ab
989 1185 1146 1228 sponso
1176 1170 1364 1230 aliquid,
1403 1181 1446 1215 et

60 1238 268 1298 promissa
289 1239 376 1283 fide
393 1238 624 1283 detinetur.
646 1239 862 1297 Opposuit
878 1247 1023 1282 autem
1042 1240 1249 1284 Dominus
1270 1257 1447 1300 serpen-

0 1328 6 1337 ·
59 1318 147 1354 tem
163 1309 285 1368 pisci,
303 1308 528 1354 diabolum
545 1309 664 1352 fidei.
683 1312 914 1367 Propterea
930 1308 1200 1368 desponsatae
1218 1311 1319 1355 huic
1342 1310 1446 1355 dicit

0 1390 9 1419 1
59 1379 292 1438 Apostolus
316 1396 336 1420 «
366 1397 375 1422 ε
402 1378 666 1437 Desponsavi
694 1393 769 1422 vos
798 1379 875 1421 uni
906 1380 1019 1434 viro,
1046 1380 1257 1439 virginem
1285 1390 1443 1425 castam

61 1465 83 1491 »
108 1448 312 1493 exhibere
333 1448 521 1494 Christo.
550 1465 570 1488 n
592 1450 670 1502 Et,
702 1466 722 1489 «
745 1447 894 1492 Timeo
910 1463 965 1492 ne
985 1449 1096 1493 sicut
1115 1464 1290 1508 serpens
1308 1452 1443 1495 Evam

62 1536 84 1562 »
117 1519 289 1564 seduxit
319 1519 474 1564 astutia
504 1534 606 1573 sua,
651 1518 710 1562 sic
745 1527 787 1561 et
815 1519 945 1562 vestri
978 1516 1125 1564 sensus
1156 1535 1442 1580 corrumpan-

62 1608 84 1634 »
118 1599 188 1636 tur
207 1607 231 1636 a
252 1591 447 1636 castitate
469 1605 568 1649 quae
585 1597 649 1633 est
684 1589 730 1632 in
751 1589 921 1633 Christo
937 1592 953 1615 '2
975 1608 984 1634 :
1014 1608 1033 1630 »
1055 1590 1099 1634 id
1127 1600 1217 1645 est,
1259 1607 1358 1650 quae
1380 1601 1444 1636 est

63 1748 84 1773 »
117 1730 251 1775 fidem
266 1732 311 1775 in
324 1729 526 1775 cordibus
540 1729 690 1774 vestris
757 1746 776 1769 »
799 1728 1004 1773 Diabolus
1027 1745 1129 1789 ergo
1147 1746 1235 1775 non
1250 1747 1442 1776 corrum-

91 1811 135 1847 at
154 1801 287 1846 fidem
303 1836 314 1856 ,
339 1816 428 1846 non
446 1799 625 1845 devoret
645 1799 823 1858 piscem.

117 1875 218 1916 VII.
256 1875 405 1917 Restat
437 1886 558 1930 spes,
588 1885 717 1929 quae,
743 1878 958 1928 quantum
986 1870 1092 1913 mihi
1128 1870 1326 1927 videtur,
1357 1888 1439 1917 ovo

120 2377 210 2413 tem
225 2403 237 2425 ‚
261 2385 362 2429 quae
385 2378 499 2413 retro
521 2367 683 2412 oblitus
697 2401 709 2421 ‚
734 2366 779 2409 in
802 2380 850 2409 ea
867 2379 966 2424 quae
988 2373 1087 2408 ante
1107 2374 1208 2409 sunt
1225 2375 1438 2424 extentus,

118 2441 360 2485 secundum
372 2440 658 2486 intentionem
673 2452 829 2497 sequor
845 2435 898 2480 ad
912 2435 1098 2495 palmam
1113 2451 1297 2496 superne
1311 2454 1442 2484 voca-

116 2543 124 2559 ¹
144 2539 238 2571 Cant.
257 2549 304 2580 iv,
324 2538 356 2570 8.
381 2554 422 2560 -—
447 2543 461 2560 ²
481 2545 501 2570 2
519 2539 590 2569 Cor.
608 2546 652 2577 xi,
676 2543 708 2575 2,
736 2534 765 2565 3.
789 2550 826 2555 —
847 2531 860 2555 3
882 2531 995 2574 Ephes.
1014 2543 1063 2573 111,
1086 2542 1137 2574 17.

202 2602 330 2633 cxxv.
1255 2590 1306 2626 37
