1898 3178
10 361 19 387 -ε
57 356 100 391 et
121 346 226 390 tides
239 355 315 390 est.
333 348 424 402 Ego
443 345 559 388 enim
580 344 879 404 respondentis
900 361 1049 390 vocem
1067 345 1215 390 audire
1238 361 1428 405 possum,

56 431 131 460 cor
145 415 356 460 credentis
378 415 525 459 videre
546 430 634 459 non
656 429 846 473 possum.
874 417 958 459 Sed
969 416 1183 476 numquid
1199 430 1279 474 ego
1296 415 1352 460 ad
1367 417 1432 461 vi-

54 501 181 530 neam
198 485 410 540 conduxi,
433 486 510 545 qui
531 501 605 530 cor
626 485 771 529 videre
787 501 877 530 non
897 489 1103 545 possum?
1123 489 1212 533 Nec
1232 501 1312 545 ego
1327 502 1433 532 con-

55 556 170 599 duco
186 589 198 609 ,
223 570 303 598 nec
324 570 404 614 ego
424 570 532 614 opus
553 554 699 599 indico
714 590 725 609 ,
744 570 824 599 nec
846 570 926 614 ego
943 555 1170 601 denarium
1187 557 1433 602 mercedem

16 650 18 665 ι
53 639 264 684 praeparo.
303 625 587 683 Cooperarius
617 633 757 669 vester
778 639 873 668 sum
901 640 1009 684 :pro
1043 626 1207 669 viribus
1227 641 1333 686 quas
1359 626 1434 670 ille

54 692 218 738 donare
239 692 465 751 dignatur,
489 694 535 737 in
565 694 691 738 vinea
712 694 864 738 laboro
884 712 894 738 z
918 709 1008 753 quo
1036 704 1183 738 autem
1204 696 1346 740 animo
1367 695 1434 740 la-

53 764 221 819 borem,
237 765 313 823 qui
331 780 400 808 me
421 765 634 809 conduxit
655 764 788 809 videt.
810 765 950 809 «Mihi
965 765 1096 820 enim,
1113 767 1172 809 ait
1183 766 1432 824 Apostolus,

57 851 79 876 »
112 834 342 878 minimum
359 843 449 889 est,
476 843 526 879 ut
547 850 572 879 a
599 835 723 880 vobis
743 833 928 894 judicer.
955 837 1011 879 Et
1027 850 1103 879 vos
1120 851 1270 880 vocem
1294 851 1437 880 meam

57 922 78 946 »
112 905 288 964 potestis
304 905 478 961 audire,
502 920 591 949 non
612 905 791 964 potestis
808 919 882 949 cor
901 919 1050 949 meum
1066 905 1213 949 videre
1230 908 1260 949 ¹.
1287 924 1309 947 »
1335 907 1440 949 Om-

53 990 128 1021 nes
161 990 236 1019 cor
258 984 457 1020 nostrum
480 978 569 1020 Deo
591 974 830 1019 videndum
853 990 1169 1034 proponamus,
1189 985 1233 1020 et
1254 991 1363 1035 opus
1387 992 1439 1021 ex

54 1045 199 1089 animo
220 1045 446 1089 faciamus.
466 1045 799 1090 Conducentem
819 1060 909 1089 non
923 1045 1217 1101 offendamuS,
1239 1055 1290 1091 ut
1304 1046 1442 1091 libera

0 1129 1 1133 ¹
53 1113 199 1158 fronte
223 1114 466 1158 mercedem
486 1114 759 1173 accipiamus,

114 1186 195 1227 111.
216 1186 273 1227 Et
291 1199 369 1227 nos
386 1217 398 1237 ,
421 1184 685 1238 charissimi,
718 1183 967 1227 videbimus
988 1184 1176 1229 invicem
1195 1185 1326 1230 corda
1344 1201 1443 1231 nos-

23 1272 25 1276 ’
53 1262 141 1307 tra,
164 1252 238 1296 sed
255 1261 404 1311 postea
431 1271 441 1296 :
466 1267 585 1296 nunc
607 1261 755 1296 autem
775 1252 918 1296 adhuc
938 1255 1141 1299 tenebras
1168 1256 1441 1301 mortalitatis

53 1323 182 1382 hujus
203 1321 571 1377 circumferimus,
602 1330 646 1365 et
667 1321 722 1366 ad
738 1322 963 1366 lucernam
987 1324 1221 1383 Scripturae
1242 1326 1443 1370 ambula-

22 1428 27 1437 .
53 1408 174 1449 mus;
210 1393 321 1436 sicut
340 1392 445 1436 dicit
464 1390 684 1451 apostolus
708 1395 859 1436 Petrus
886 1411 895 1436 :
923 1411 945 1435 «
972 1394 1193 1439 Habemus
1215 1396 1442 1440 certiorem

0 1459 9 1486 ³*
55 1481 76 1505 »
110 1463 416 1522 propheticum
458 1476 700 1506 sermonem
713 1495 724 1516 ‚
765 1462 837 1505 cui
874 1461 1128 1507 benefacitis
1165 1465 1442 1510 intendentes

56 1550 77 1575 »
111 1543 319 1593 tanquam
339 1531 530 1576 lucernae
551 1532 597 1575 in
617 1533 803 1576 obscuro
820 1531 934 1586 loco,
955 1532 1096 1577 donec
1117 1533 1208 1578 dies
1229 1534 1436 1592 lucescat,

57 1622 78 1646 »
113 1613 156 1648 et
175 1603 331 1647 lucifer
352 1604 515 1647 oriatur
537 1603 582 1646 in
599 1602 805 1647 cordibus
831 1602 1022 1647 vestris2.
1053 1621 1073 1644 »
1099 1604 1288 1649 Proinde
1302 1640 1313 1660 ,
1333 1607 1441 1651 cha-

27 1725 31 1731 ,
53 1675 231 1729 rissimi‚
253 1683 431 1733 propter
463 1674 600 1732 ipsam
624 1672 760 1716 fidem
780 1688 867 1731 qua
902 1672 1121 1717 credimus
1142 1674 1188 1717 in
1211 1677 1371 1732 Deum,
1394 1677 1442 1721 in

29 1738 376 1804 'comparatione
412 1742 656 1786 infidelium
679 1741 770 1785 dies
793 1756 958 1786 sumus.
981 1744 1034 1786 In
1072 1743 1327 1789 infidelitate
1356 1762 1441 1791 nox

10 1811 14 1815 ’
54 1830 154 1859 cum
176 1814 277 1873 ipsis
299 1812 485 1866 fuimus,
510 1810 642 1856 modo
663 1810 739 1854 lux
753 1845 765 1864 ,
783 1811 957 1855 dicente
977 1813 1185 1871 Apostolo
1211 1832 1220 1858 :
1240 1832 1261 1856 «
1285 1816 1443 1861 Fuistis

56 1903 77 1928 »
113 1882 348 1944 aliquando
370 1882 586 1937 tenebrae,
605 1896 724 1925 nunc
747 1890 893 1925 autem
915 1880 991 1925 lux
1007 1882 1053 1926 in
1071 1883 1296 1928 Domino³.
1317 1903 1338 1926 »
1363 1888 1440 1930 Te·

54 1956 202 2001 nebrae
221 1955 268 1999 in
289 1954 437 2008 vobis,
463 1953 538 1996 lux
556 1952 602 1996 in
623 1952 825 1996 Domino.
848 1954 958 1996 Item
982 1953 1028 1996 in
1048 1952 1133 1998 alio
1153 1954 1276 1999 loco:
1296 1974 1317 1998 «
1340 1957 1444 2001 Om-

58 2044 79 2069 »
113 2041 189 2069 nes
220 2025 336 2068 enim
359 2038 434 2067 vos
456 2021 534 2066 filii
564 2021 672 2066 lucis
710 2021 833 2075 estis,
859 2030 903 2065 et
923 2021 1002 2065 filii
1022 2022 1108 2066 diei
1133 2041 1142 2068 :
1168 2038 1258 2068 non
1291 2040 1441 2071 sumus

59 2114 80 2139 »
109 2096 248 2140 noetis
263 2129 274 2149 ‚
289 2108 433 2153 neque
449 2092 730 2136 tenebrarum
747 2092 780 2134 4.
805 2091 924 2136 Sicut
945 2092 990 2136 in
1007 2091 1076 2136 die
1093 2093 1275 2138 honeste
1295 2097 1442 2140 ambu-

59 2183 80 2207 »
110 2164 292 2207 lemus5.
316 2180 336 2203 »
354 2162 451 2205 Dies
466 2175 568 2218 ergo
591 2161 636 2204 in
652 2160 1245 2219 comparationeinfidelium.
1263 2167 1313 2208 In
1328 2181 1442 2211 com·

56 2233 280 2293 paratione
302 2245 402 2274 vero
423 2229 538 2273 illius
561 2229 668 2284 diei,
696 2239 917 2288 resurgent
939 2232 1123 2286 mortui,
1157 2241 1200 2275 et
1224 2237 1440 2293 corrupti-

57 2301 143 2346 bile
164 2302 248 2345 hoc
268 2300 474 2343 induetur
489 2299 812 2358 incorruptione
826 2333 837 2354 ,
863 2309 906 2343 et
927 2299 1108 2343 mortale
1126 2301 1209 2344 hoc
1231 2302 1438 2348 induetur

59 2369 397 2423 immortalitate,
423 2368 567 2411 adhuc
589 2383 673 2412 nox
695 2370 886 2412 sumus⁶.
905 2369 1040 2413 Nobis
1062 2378 1269 2428 tanquam
1286 2372 1436 2430 jamin

61 2440 154 2495 die,
179 2438 285 2482 dicit
307 2437 524 2498 apostolus
559 2439 746 2482 Joannes
777 2456 786 2482 :
815 2456 835 2480 «
866 2438 1134 2483 Dilectissimi
1152 2474 1164 2495 ‚
1202 2456 1318 2484 nunc
1357 2443 1436 2486 filii

0 179 18 332 lii
341 282 478 310 sssnmo
513 281 644 319 xmx,
679 282 732 308 nr:
766 282 910 309 vmfflls
941 284 1133 310 MlcnAEAE.
1378 273 1430 309 85

15 338 18 357 Ι

15 389 19 411 l

15 415 20 494 ἒ

107 2541 118 2559 ¹
140 2546 149 2567 ι
179 2537 249 2566 Cor.
266 2544 313 2575 iv,
339 2534 369 2566 3.
394 2551 434 2557 --
454 2540 467 2556 2
494 2542 513 2565 2
529 2535 729 2574 Petr.1,19.
756 2549 798 2557 —
814 2531 826 2555 3
846 2533 959 2575 Ephes.
980 2546 1012 2574 v,
1031 2533 1059 2566 8.
1083 2551 1121 2557 -
1147 2534 1163 2564 4
1187 2546 1197 2567 1
1219 2535 1327 2568 Thess.
1348 2549 1378 2576 v,
1398 2539 1429 2569 3.

65 2609 104 2614 —-
123 2591 137 2614 5
155 2595 244 2624 Rom.
263 2602 330 2632 xm,
354 2591 403 2623 13.
429 2608 464 2613 —-
484 2591 498 2611 ⁶
523 2601 535 2622 t
558 2593 628 2622 (Tor.
655 2600 705 2630 xv,
728 2588 779 2621 53.
