1898 3178
251 245 389 284 SERMQ
423 246 552 283 Lxxx,
589 245 641 271 nn
675 243 820 272 'VERBIS
852 244 1017 272 MATTH.
1054 246 1162 272 xvii.
1316 233 1395 271 371

22 310 143 370 quod
170 310 382 366 delectat,
415 322 495 354 nec
525 309 704 368 quando
724 309 940 354 delectat?
958 312 1117 353 Totum
1142 309 1327 368 patitur,
1354 317 1403 352 ut

22 382 152 425 serius
171 382 378 425 moriatur
398 398 406 424 τ
428 390 471 424 et
492 395 581 424 non
597 378 694 424 vult
710 390 847 437 pauca
865 380 970 439 pati,
995 388 1041 424 ut
1060 389 1285 438 nunquam
1303 394 1400 422 mo-

22 451 170 495 riatur.
195 452 238 495 Si
270 451 349 495 tibi
374 450 489 494 dicat
510 453 622 493 Deus
639 484 649 504 ,
673 450 748 509 qui
768 449 955 494 coelestis
978 458 1040 493 est
1061 465 1187 509 super
1209 464 1286 494 nos
1306 464 1399 492 me-

18 521 142 565 dicus
168 539 176 564 :
202 538 220 560 «
254 523 318 564 Tu
340 521 481 564 sanari
514 520 575 564 vis
593 521 612 563 Ρ
632 538 651 561 »
683 519 791 579 quid
814 519 1010 564 dicturus
1031 536 1074 564 es
1091 555 1101 574 ,
1127 520 1207 564 nisi
1229 519 1401 563 sanari?

16 588 150 635 'Forte
165 605 255 635 non
269 590 400 646 dicis,
421 590 524 650 quia
543 604 696 634 sanum
710 599 752 634 te
774 600 900 649 putas
914 625 925 645 ,
949 591 1034 635 hoc
1055 597 1119 635 est
1136 590 1255 651 quod
1277 589 1401 650 pejus

15 670 216 719 &grotas

12 743 23 765 ’ἰ
78 734 154 775 IV.
177 734 284 776 Nam
307 732 342 775 si
368 731 478 776 duos
498 741 683 791 aegrotos
704 731 941 775 constituas
961 765 971 785 ,
1001 746 1138 774 unum
1155 732 1231 790 qui
1253 731 1401 777 flendo
1427 722 1431 727 ’

14 800 235 846 medicum
271 812 418 860 roget,
460 803 645 847 alterum
668 802 744 862 qui
771 803 817 846 in
845 802 1105 860 aegritudine
1127 817 1202 845 sua
1221 837 1231 856 ,
1257 811 1402 846 mente

17 871 184 932 perdita
203 871 379 915 irrideat
401 871 619 916 medicum
637 893 648 930 3
666 872 739 915 ille
751 887 870 931 spem
894 872 1107 931 promittit
1123 873 1261 926 flenti,
1277 871 1402 931 plan-

17 932 77 1001 gi't
97 942 326 986 ridentem.
342 945 483 996 Quare
499 945 516 986 Ξ)
531 943 611 987 nisi
628 943 731 1003 quia
754 951 876 987 tanto
897 942 1179 1002 periculosius
1200 952 1396 1002 aegrotat,

13 1022 229 1074 quantum
249 1028 293 1056 se
310 1029 463 1057 sanum
481 1015 639 1072 putat?
657 1014 726 1058 Sic
747 1025 871 1058 erant
888 1023 930 1058 et
947 1014 1106 1058 Judaei.
1132 1013 1201 1058 Ad
1216 1022 1401 1073 aegrotos

14 1084 134 1128 venit
163 1084 384 1138 Christus,
409 1099 558 1128 omnes
581 1093 764 1142 aegrotos
789 1084 969 1128 invenit.
990 1087 1126 1129 Nemo
1149 1084 1230 1127 sibi
1252 1084 1307 1127 de
1329 1100 1397 1127 sa-

15 1152 150 1197 nitate
168 1153 419 1197 blandiatur
440 1173 447 1197 :
469 1169 524 1197 ne
543 1154 762 1198 renuntiet
777 1154 833 1197 ad
854 1153 978 1198 illum
1003 1153 1211 1198 medicus.
1239 1155 1400 1197 Omnes

11 1222 197 1283 ¹‘aegrotos
217 1225 414 1283 invenit,
439 1224 672 1284 apostolica
695 1226 907 1269 sententia
926 1235 988 1269 est
1016 1245 1024 1270 :
1056 1245 1076 1267 «
1101 1228 1261 1270 Omnes
1284 1226 1400 1269 enirn

9 1306 40 1338 κ»
71 1305 366 1355 peccaverunt
385 1330 395 1350 ,
419 1306 461 1340 et
484 1305 613 1355 egent
644 1295 777 1354 gloria
801 1296 916 1340 Dei1.
943 1315 962 1337 η
985 1299 1095 1341 Cum
1119 1311 1220 1354 ergo
1249 1312 1400 1341 omnes

12 1365 246 1410 invenisset
274 1376 484 1424 (egrotos,
511 1366 599 1410 duo
620 1381 777 1424 genera
799 1366 978 1410 fuerunt
1011 1377 1289 1424 aegrotorum.
1315 1367 1400 1411 Alii

0 1423 247 1502 ffi‘veniebant
267 1435 321 1480 ad
340 1435 559 1479 medicum
573 1470 583 1489 ,
608 1435 881 1479 inhaerebant
902 1437 1075 1480 Christo
1095 1471 1105 1491 ,
1131 1436 1394 1491 audiebant,

15 1507 312 1561 honorabant,
350 1507 667 1566 sequebantur,
692 1506 1073 1550 convertebantur.
1101 1506 1181 1551 lue
1213 1508 1397 1566 accipie-

13 1576 86 1621 bat
101 1592 251 1621 omnes
273 1577 365 1621 sine
382 1576 473 1621 ullo
495 1575 669 1620 fastidio
687 1585 931 1630 sanaturus,
945 1576 1021 1635 qui
1044 1577 1173 1634 gratis
1196 1579 1392 1633 sanabat,

11 1649 86 1710 qui
113 1648 427 1708 omnipotentia
460 1647 656 1694 curabat.
687 1648 800 1690 Cum
822 1661 925 1704 ergo
953 1647 1189 1706 susciperet
1223 1662 1318 1701 eos,
1350 1657 1393 1691 et

10 1717 268 1779 adjungeret
300 1717 380 1761 sibi
406 1715 619 1760 sanandos
636 1750 647 1770 ,
681 1715 744 1759 illi
780 1715 1100 1760 exultaverunt.
1127 1717 1260 1761 Aliud
1286 1733 1389 1762 vero

12 1799 144 1848 genus
161 1797 438 1845 aegrotorum,
459 1786 535 1846 qui
551 1787 641 1846 jam
659 1785 918 1844 aegritudine
936 1787 1176 1846 iniquitatis
1199 1797 1390 1832 mentem

12 1858 304 1918 perdiderant,
323 1865 366 1899 et
385 1870 430 1898 se
450 1861 657 1910 aegrotare
674 1855 922 1896 nesciebant
940 1873 950 1908 3
968 1856 1284 1897 insultaverunt
1304 1859 1389 1909 illi,

0 1931 108 1975 '''uia
138 1927 400 1987 suscipiebat
438 1933 648 1983 aegrotos,
689 1932 732 1966 et
767 1922 970 1965 dixerunt
1002 1922 1229 1981 Discipulis
1266 1930 1386 1979 ejus:

0 2002 3 2047 i
67 2003 179 2045 Ecce
201 1997 339 2059 qualis
360 2005 424 2040 est
444 1994 644 2052 magister
664 2001 804 2037 vester
821 2027 831 2046 ,
862 1992 939 2052 qui
968 2007 1069 2036 cum
1092 1994 1391 2051 peccatoribus

38 2089 42 2107 τ
67 2079 111 2115 et
131 2069 373 2130 publicanis
391 2065 675 2110 manducat.»
702 2066 757 2107 Et
777 2062 872 2117 ille,
898 2062 974 2122 qui
996 2073 1176 2107 noverat
1198 2064 1305 2124 quid
1323 2080 1390 2109 es-

23 2154 26 2155 ’
89 2150 127 2196 t,
152 2150 195 2185 et
222 2140 298 2200 qui
319 2147 485 2191 essent,
511 2134 735 2195 respondit
756 2134 840 2178 illis
862 2153 870 2178 z
896 2152 915 2175 ι(
941 2137 1038 2179 Νοη
1060 2143 1122 2179 est
1145 2150 1253 2194 opus
1274 2137 1386 2181 sanis

46 2211 260 2255 fmedicus
280 2245 291 2264 ,
317 2208 392 2252 sed
416 2207 525 2251 male
547 2205 809 2250 habentibus
824 2208 855 2246 Ἰ.
877 2222 896 2245 »
915 2206 970 2248 Et
993 2204 1182 2249 ostendit
1207 2205 1290 2250 illis
1311 2208 1387 2266 qui

77 2291 152 2327 ent
170 2281 291 2335 sani,
316 2288 359 2323 et
380 2279 456 2339 qui
482 2286 754 2336 aegrotantes.
784 2295 803 2318 «
824 2278 921 2321 Non
950 2275 1051 2318 veni
1069 2309 1080 2329 ,
1110 2276 1282 2335 inquit,
1306 2293 1389 2322 vo-

38 2360 162 2399 sscare
176 2352 330 2412 justos,
344 2348 421 2393 sed
443 2356 704 2407 peccatores.
727 2347 768 2390 Si
787 2354 1048 2405 peccatoreS,
1066 2344 1226 2405 inquit,
1241 2346 1296 2390 ad
1318 2363 1387 2392 me

39 2435 156 2468 mon
177 2420 414 2474 accedunt,
450 2433 584 2479 quare
620 2417 752 2462 veni?
780 2435 798 2458 »
832 2425 1009 2476 propter
1040 2431 1148 2475 quos
1175 2417 1308 2462 veni?
1343 2420 1384 2464 Si

80 2506 157 2538 nes
177 2493 269 2538 sani
298 2500 400 2536 sunt
415 2525 426 2546 ,
452 2504 586 2550 quare
604 2497 749 2533 tantus
770 2487 962 2532 medicus
986 2487 1042 2531 de
1062 2487 1177 2532 coelo
1202 2487 1385 2534 descen-

36 2580 48 2599 ¹
63 2581 148 2612 Rom
162 2589 235 2620 .n1,
253 2577 308 2610 23.
331 2593 372 2599 —-
392 2583 405 2599 2
431 2574 550 2607 Mauh.
573 2583 617 2615 ix,
638 2584 688 2612 11,
705 2577 769 2606 etc.

0 2410 7 2697 ’ἡὴ-’,ψ
0 2281 7 2398 νᾼτᾼἼψν
0 2158 7 2257 nar-*fl
0 2090 4 2113 w

1185 2626 1252 2667 24.
