<?xml version="1.0" encoding="UTF-8"?>
<!DOCTYPE html PUBLIC "-//W3C//DTD XHTML 1.0 Transitional//EN"
    "http://www.w3.org/TR/xhtml1/DTD/xhtml1-transitional.dtd">
<html xmlns="http://www.w3.org/1999/xhtml" xml:lang="en" lang="en">
 <head>
  <title>
</title>
<meta http-equiv="Content-Type" content="text/html;charset=utf-8" />
  <meta name='ocr-system' content='tesseract 3.04.00' />
  <meta name='ocr-capabilities' content='ocr_page ocr_carea ocr_par ocr_line ocrx_word'/>
</head>
<body>
  <div class='ocr_page' id='page_1' title='image "./operaomniaaccura18auguuoft_0026.png"; bbox 0 0 1898 3178; ppageno 0'>
   <div class='ocr_carea' id='block_1_1' title="bbox 385 189 1318 225">
    <p class='ocr_par' dir='ltr' id='par_1_1' title="bbox 385 189 1318 225">
     <span class='ocr_line' id='line_1_1' title="bbox 385 189 1318 225; baseline -0.003 0"><span class='ocrx_word' id='word_1_1' title='bbox 385 189 433 225; x_wconf 78' lang='lat'>16</span> <span class='ocrx_word' id='word_1_2' title='bbox 811 198 842 222; x_wconf 83' lang='lat' dir='ltr'>s.</span> <span class='ocrx_word' id='word_1_3' title='bbox 880 195 1108 222; x_wconf 72' lang='lat' dir='ltr'>Aucoszrim</span> <span class='ocrx_word' id='word_1_4' title='bbox 1140 196 1318 223; x_wconf 68' lang='lat' dir='ltr'>Erlscom</span> 
     </span>
    </p>
   </div>
   <div class='ocr_carea' id='block_1_2' title="bbox 376 259 1764 2488">
    <p class='ocr_par' dir='ltr' id='par_1_2' title="bbox 376 259 1764 1228">
     <span class='ocr_line' id='line_1_2' title="bbox 378 259 1756 321; baseline -0.001 -15"><span class='ocrx_word' id='word_1_5' title='bbox 378 265 633 321; x_wconf 77' lang='lat' dir='ltr'>Opportune</span> <span class='ocrx_word' id='word_1_6' title='bbox 651 262 798 319; x_wconf 86' lang='lat' dir='ltr'>utique</span> <span class='ocrx_word' id='word_1_7' title='bbox 815 259 1076 313; x_wconf 86' lang='lat' dir='ltr'>volentibus,</span> <span class='ocrx_word' id='word_1_8' title='bbox 1094 260 1342 318; x_wconf 81' lang='lat' dir='ltr'>importune</span> <span class='ocrx_word' id='word_1_9' title='bbox 1356 260 1619 304; x_wconf 86' lang='lat' dir='ltr'>nolentibus.</span> <span class='ocrx_word' id='word_1_10' title='bbox 1634 265 1756 305; x_wconf 88' lang='lat' dir='ltr'>Pror-</span> 
     </span>
     <span class='ocr_line' id='line_1_3' title="bbox 377 329 1760 391; baseline 0 -15"><span class='ocrx_word' id='word_1_11' title='bbox 377 348 446 376; x_wconf 87' lang='lat' dir='ltr'>sus</span> <span class='ocrx_word' id='word_1_12' title='bbox 468 334 742 391; x_wconf 87' lang='lat' dir='ltr'>importunus</span> <span class='ocrx_word' id='word_1_13' title='bbox 763 344 875 383; x_wconf 80' lang='lat' dir='ltr'>sum,</span> <span class='ocrx_word' id='word_1_14' title='bbox 901 329 1040 373; x_wconf 87' lang='lat' dir='ltr'>audeo</span> <span class='ocrx_word' id='word_1_15' title='bbox 1063 329 1206 373; x_wconf 81' lang='lat' dir='ltr'>dicere</span> <span class='ocrx_word' id='word_1_16' title='bbox 1229 349 1237 374; x_wconf 74' lang='grc' dir='ltr'>ε</span> <span class='ocrx_word' id='word_1_17' title='bbox 1266 333 1330 374; x_wconf 91' lang='lat' dir='ltr'>Tu</span> <span class='ocrx_word' id='word_1_18' title='bbox 1355 331 1417 374; x_wconf 88' lang='lat' dir='ltr'>vis</span> <span class='ocrx_word' id='word_1_19' title='bbox 1435 345 1602 386; x_wconf 86' lang='lat' dir='ltr'>errare,</span> <span class='ocrx_word' id='word_1_20' title='bbox 1629 340 1679 374; x_wconf 85' lang='lat' dir='ltr'>tu</span> <span class='ocrx_word' id='word_1_21' title='bbox 1697 332 1760 377; x_wconf 86' lang='lat' dir='ltr'>vis</span> 
     </span>
     <span class='ocr_line' id='line_1_4' title="bbox 377 399 1758 462; baseline -0.001 -16"><span class='ocrx_word' id='word_1_22' title='bbox 377 403 544 462; x_wconf 88' lang='lat' dir='ltr'>perire:</span> <span class='ocrx_word' id='word_1_23' title='bbox 571 417 650 460; x_wconf 84' lang='lat' dir='ltr'>ego</span> <span class='ocrx_word' id='word_1_24' title='bbox 673 400 789 445; x_wconf 89' lang='lat' dir='ltr'>nolo.</span> <span class='ocrx_word' id='word_1_25' title='bbox 816 402 913 445; x_wconf 92' lang='lat' dir='ltr'>Non</span> <span class='ocrx_word' id='word_1_26' title='bbox 934 399 1030 444; x_wconf 88' lang='lat' dir='ltr'>vult</span> <span class='ocrx_word' id='word_1_27' title='bbox 1056 409 1274 459; x_wconf 90' lang='lat' dir='ltr'>postremo</span> <span class='ocrx_word' id='word_1_28' title='bbox 1294 400 1368 444; x_wconf 88' lang='lat' dir='ltr'>ille</span> <span class='ocrx_word' id='word_1_29' title='bbox 1399 401 1475 460; x_wconf 90' lang='lat' dir='ltr'>qui</span> <span class='ocrx_word' id='word_1_30' title='bbox 1506 416 1575 445; x_wconf 89' lang='lat' dir='ltr'>me</span> <span class='ocrx_word' id='word_1_31' title='bbox 1598 410 1758 456; x_wconf 88' lang='lat' dir='ltr'>terret,</span> 
     </span>
     <span class='ocr_line' id='line_1_5' title="bbox 378 467 1762 529; baseline -0.001 -13"><span class='ocrx_word' id='word_1_32' title='bbox 378 473 419 516; x_wconf 90' lang='lat' dir='ltr'>Si</span> <span class='ocrx_word' id='word_1_33' title='bbox 441 471 644 526; x_wconf 87' lang='lat' dir='ltr'>voluero,</span> <span class='ocrx_word' id='word_1_34' title='bbox 669 470 768 514; x_wconf 89' lang='lat' dir='ltr'>vide</span> <span class='ocrx_word' id='word_1_35' title='bbox 784 467 892 528; x_wconf 89' lang='lat' dir='ltr'>quid</span> <span class='ocrx_word' id='word_1_36' title='bbox 910 469 1026 513; x_wconf 82' lang='lat' dir='ltr'>dicat</span> <span class='ocrx_word' id='word_1_37' title='bbox 1041 503 1052 524; x_wconf 89' lang='lat'>‚</span> <span class='ocrx_word' id='word_1_38' title='bbox 1076 469 1176 514; x_wconf 92' lang='lat' dir='ltr'>vide</span> <span class='ocrx_word' id='word_1_39' title='bbox 1198 470 1306 529; x_wconf 89' lang='lat' dir='ltr'>quid</span> <span class='ocrx_word' id='word_1_40' title='bbox 1333 470 1528 529; x_wconf 89' lang='lat' dir='ltr'>increpet</span> <span class='ocrx_word' id='word_1_41' title='bbox 1549 489 1558 514; x_wconf 89' lang='lat'>:</span> <span class='ocrx_word' id='word_1_42' title='bbox 1588 489 1608 512; x_wconf 91' lang='lat'>«</span> <span class='ocrx_word' id='word_1_43' title='bbox 1632 471 1762 524; x_wconf 86' lang='lat' dir='ltr'>Quod</span> 
     </span>
     <span class='ocr_line' id='line_1_6' title="bbox 380 540 1761 601; baseline 0.001 -18"><span class='ocrx_word' id='word_1_44' title='bbox 380 560 401 583; x_wconf 91' lang='lat'>»</span> <span class='ocrx_word' id='word_1_45' title='bbox 437 543 627 596; x_wconf 87' lang='lat' dir='ltr'>errabat,</span> <span class='ocrx_word' id='word_1_46' title='bbox 652 555 742 584; x_wconf 92' lang='lat' dir='ltr'>non</span> <span class='ocrx_word' id='word_1_47' title='bbox 764 540 1022 597; x_wconf 69' lang='lat' dir='ltr'>revocastis,</span> <span class='ocrx_word' id='word_1_48' title='bbox 1056 550 1099 584; x_wconf 92' lang='lat' dir='ltr'>et</span> <span class='ocrx_word' id='word_1_49' title='bbox 1120 540 1239 600; x_wconf 91' lang='lat' dir='ltr'>quod</span> <span class='ocrx_word' id='word_1_50' title='bbox 1261 541 1387 599; x_wconf 89' lang='lat' dir='ltr'>periit</span> <span class='ocrx_word' id='word_1_51' title='bbox 1402 575 1413 596; x_wconf 85' lang='lat'>,</span> <span class='ocrx_word' id='word_1_52' title='bbox 1439 556 1529 584; x_wconf 93' lang='lat' dir='ltr'>non</span> <span class='ocrx_word' id='word_1_53' title='bbox 1555 541 1761 601; x_wconf 86' lang='lat' dir='ltr'>inquisis-</span> 
     </span>
     <span class='ocr_line' id='line_1_7' title="bbox 380 610 1762 670; baseline 0.003 -18"><span class='ocrx_word' id='word_1_54' title='bbox 380 631 400 654; x_wconf 89' lang='lat'>»</span> <span class='ocrx_word' id='word_1_55' title='bbox 436 613 532 656; x_wconf 86' lang='lat' dir='ltr'>tis.»</span> <span class='ocrx_word' id='word_1_56' title='bbox 552 614 610 655; x_wconf 92' lang='lat' dir='ltr'>Te</span> <span class='ocrx_word' id='word_1_57' title='bbox 627 611 760 669; x_wconf 86' lang='lat' dir='ltr'>magis</span> <span class='ocrx_word' id='word_1_58' title='bbox 781 610 944 654; x_wconf 84' lang='lat' dir='ltr'>timebo</span> <span class='ocrx_word' id='word_1_59' title='bbox 969 626 1101 670; x_wconf 90' lang='lat' dir='ltr'>quam</span> <span class='ocrx_word' id='word_1_60' title='bbox 1117 611 1257 670; x_wconf 88' lang='lat' dir='ltr'>ipsum</span> <span class='ocrx_word' id='word_1_61' title='bbox 1276 612 1491 670; x_wconf 78' lang='lat' dir='ltr'>⁶?Oportet</span> <span class='ocrx_word' id='word_1_62' title='bbox 1512 626 1590 655; x_wconf 91' lang='lat' dir='ltr'>nos</span> <span class='ocrx_word' id='word_1_63' title='bbox 1612 626 1762 656; x_wconf 89' lang='lat' dir='ltr'>omnes</span> 
     </span>
     <span class='ocr_line' id='line_1_8' title="bbox 377 679 1761 744; baseline 0.001 -19"><span class='ocrx_word' id='word_1_64' title='bbox 377 682 568 726; x_wconf 76' lang='lat' dir='ltr'>exhiberi</span> <span class='ocrx_word' id='word_1_65' title='bbox 589 691 689 726; x_wconf 90' lang='lat' dir='ltr'>ante</span> <span class='ocrx_word' id='word_1_66' title='bbox 707 679 905 744; x_wconf 25' lang='lat' dir='ltr'>,tribunal</span> <span class='ocrx_word' id='word_1_67' title='bbox 933 681 1135 725; x_wconf 82' lang='lat' dir='ltr'>Christi1.</span> <span class='ocrx_word' id='word_1_68' title='bbox 1160 684 1258 727; x_wconf 91' lang='lat' dir='ltr'>Non</span> <span class='ocrx_word' id='word_1_69' title='bbox 1280 690 1322 724; x_wconf 88' lang='lat' dir='ltr'>te</span> <span class='ocrx_word' id='word_1_70' title='bbox 1344 681 1477 726; x_wconf 88' lang='lat' dir='ltr'>timeo</span> <span class='ocrx_word' id='word_1_71' title='bbox 1500 701 1510 737; x_wconf 85' lang='lat'>·,</span> <span class='ocrx_word' id='word_1_72' title='bbox 1533 697 1622 726; x_wconf 90' lang='lat' dir='ltr'>non</span> <span class='ocrx_word' id='word_1_73' title='bbox 1645 682 1761 726; x_wconf 91' lang='lat' dir='ltr'>enim</span> 
     </span>
     <span class='ocr_line' id='line_1_9' title="bbox 377 751 1759 811; baseline -0.001 -15"><span class='ocrx_word' id='word_1_74' title='bbox 377 762 498 811; x_wconf 89' lang='lat' dir='ltr'>potes</span> <span class='ocrx_word' id='word_1_75' title='bbox 519 760 709 796; x_wconf 88' lang='lat' dir='ltr'>evertere</span> <span class='ocrx_word' id='word_1_76' title='bbox 731 751 921 795; x_wconf 88' lang='lat' dir='ltr'>tribunal</span> <span class='ocrx_word' id='word_1_77' title='bbox 943 751 1118 806; x_wconf 79' lang='lat' dir='ltr'>Christi,</span> <span class='ocrx_word' id='word_1_78' title='bbox 1137 751 1457 795; x_wconf 81' lang='lat' dir='ltr'>et&#39;constituere</span> <span class='ocrx_word' id='word_1_79' title='bbox 1471 751 1664 795; x_wconf 87' lang='lat' dir='ltr'>tribunal</span> <span class='ocrx_word' id='word_1_80' title='bbox 1678 755 1759 795; x_wconf 93' lang='lat' dir='ltr'>Do-</span> 
     </span>
     <span class='ocr_line' id='line_1_10' title="bbox 378 820 1762 880; baseline 0 -15"><span class='ocrx_word' id='word_1_81' title='bbox 378 822 482 865; x_wconf 85' lang='lat' dir='ltr'>nati.</span> <span class='ocrx_word' id='word_1_82' title='bbox 502 822 732 866; x_wconf 85' lang='lat' dir='ltr'>Revocabo</span> <span class='ocrx_word' id='word_1_83' title='bbox 754 830 968 865; x_wconf 84' lang='lat' dir='ltr'>errantem</span> <span class='ocrx_word' id='word_1_84' title='bbox 982 855 992 875; x_wconf 89' lang='lat'>‚</span> <span class='ocrx_word' id='word_1_85' title='bbox 1019 821 1235 880; x_wconf 84' lang='lat' dir='ltr'>requiram</span> <span class='ocrx_word' id='word_1_86' title='bbox 1264 821 1476 880; x_wconf 82' lang='lat' dir='ltr'>perditam</span> <span class='ocrx_word' id='word_1_87' title='bbox 1496 856 1506 876; x_wconf 92' lang='lat'>,</span> <span class='ocrx_word' id='word_1_88' title='bbox 1527 820 1632 864; x_wconf 87' lang='lat' dir='ltr'>velis</span> <span class='ocrx_word' id='word_1_89' title='bbox 1651 821 1762 865; x_wconf 91' lang='lat' dir='ltr'>nolis</span> 
     </span>
     <span class='ocr_line' id='line_1_11' title="bbox 377 890 1758 950; baseline -0.001 -15"><span class='ocrx_word' id='word_1_90' title='bbox 377 891 421 935; x_wconf 87' lang='lat' dir='ltr'>id</span> <span class='ocrx_word' id='word_1_91' title='bbox 443 906 582 949; x_wconf 88' lang='lat' dir='ltr'>agam.</span> <span class='ocrx_word' id='word_1_92' title='bbox 614 894 672 935; x_wconf 89' lang='lat' dir='ltr'>Et</span> <span class='ocrx_word' id='word_1_93' title='bbox 693 892 727 934; x_wconf 89' lang='lat' dir='ltr'>si</span> <span class='ocrx_word' id='word_1_94' title='bbox 748 906 817 934; x_wconf 91' lang='lat' dir='ltr'>me</span> <span class='ocrx_word' id='word_1_95' title='bbox 838 890 1131 950; x_wconf 83' lang='lat' dir='ltr'>inquirentem</span> <span class='ocrx_word' id='word_1_96' title='bbox 1159 890 1323 933; x_wconf 89' lang='lat' dir='ltr'>lanient</span> <span class='ocrx_word' id='word_1_97' title='bbox 1343 905 1494 949; x_wconf 88' lang='lat' dir='ltr'>vepres</span> <span class='ocrx_word' id='word_1_98' title='bbox 1512 890 1731 947; x_wconf 81' lang='lat' dir='ltr'>sylvarum</span> <span class='ocrx_word' id='word_1_99' title='bbox 1747 925 1758 945; x_wconf 93' lang='lat'>,</span> 
     </span>
     <span class='ocr_line' id='line_1_12' title="bbox 377 960 1764 1020; baseline 0 -16"><span class='ocrx_word' id='word_1_100' title='bbox 377 977 453 1020; x_wconf 81' lang='lat' dir='ltr'>per</span> <span class='ocrx_word' id='word_1_101' title='bbox 492 961 638 1006; x_wconf 82' lang='lat' dir='ltr'>onmia</span> <span class='ocrx_word' id='word_1_102' title='bbox 676 969 856 1018; x_wconf 83' lang='lat' dir='ltr'>angusta</span> <span class='ocrx_word' id='word_1_103' title='bbox 895 975 965 1004; x_wconf 88' lang='lat' dir='ltr'>me</span> <span class='ocrx_word' id='word_1_104' title='bbox 1002 960 1260 1010; x_wconf 87' lang='lat' dir='ltr'>coarctabo;</span> <span class='ocrx_word' id='word_1_105' title='bbox 1295 975 1444 1004; x_wconf 85' lang='lat' dir='ltr'>omnes</span> <span class='ocrx_word' id='word_1_106' title='bbox 1470 976 1591 1020; x_wconf 88' lang='lat' dir='ltr'>sepes</span> <span class='ocrx_word' id='word_1_107' title='bbox 1628 976 1764 1005; x_wconf 77' lang='lat' dir='ltr'>excu-</span> 
     </span>
     <span class='ocr_line' id='line_1_13' title="bbox 377 1030 1762 1090; baseline 0.001 -17"><span class='ocrx_word' id='word_1_108' title='bbox 377 1030 480 1074; x_wconf 83' lang='lat' dir='ltr'>tiam</span> <span class='ocrx_word' id='word_1_109' title='bbox 500 1051 511 1088; x_wconf 77' lang='lat'>3</span> <span class='ocrx_word' id='word_1_110' title='bbox 532 1039 747 1090; x_wconf 89' lang='lat' dir='ltr'>quantum</span> <span class='ocrx_word' id='word_1_111' title='bbox 764 1030 868 1073; x_wconf 87' lang='lat' dir='ltr'>mihi</span> <span class='ocrx_word' id='word_1_112' title='bbox 893 1030 1047 1073; x_wconf 90' lang='lat' dir='ltr'>virium</span> <span class='ocrx_word' id='word_1_113' title='bbox 1073 1039 1237 1074; x_wconf 87' lang='lat' dir='ltr'>terrens</span> <span class='ocrx_word' id='word_1_114' title='bbox 1259 1030 1471 1074; x_wconf 87' lang='lat' dir='ltr'>Dominus</span> <span class='ocrx_word' id='word_1_115' title='bbox 1492 1030 1642 1085; x_wconf 90' lang='lat' dir='ltr'>donat,</span> <span class='ocrx_word' id='word_1_116' title='bbox 1664 1045 1762 1075; x_wconf 87' lang='lat' dir='ltr'>om·-</span> 
     </span>
     <span class='ocr_line' id='line_1_14' title="bbox 376 1101 1757 1159; baseline 0.001 -15"><span class='ocrx_word' id='word_1_117' title='bbox 376 1102 445 1144; x_wconf 88' lang='lat' dir='ltr'>nia</span> <span class='ocrx_word' id='word_1_118' title='bbox 464 1101 701 1159; x_wconf 79' lang='lat' dir='ltr'>peragrabo</span> <span class='ocrx_word' id='word_1_119' title='bbox 723 1120 732 1145; x_wconf 77' lang='lat'>2</span> <span class='ocrx_word' id='word_1_120' title='bbox 757 1101 972 1144; x_wconf 87' lang='lat' dir='ltr'>revocabo</span> <span class='ocrx_word' id='word_1_121' title='bbox 994 1110 1226 1154; x_wconf 86' lang='lat' dir='ltr'>errantem,</span> <span class='ocrx_word' id='word_1_122' title='bbox 1247 1101 1465 1158; x_wconf 81' lang='lat' dir='ltr'>requiram</span> <span class='ocrx_word' id='word_1_123' title='bbox 1488 1110 1757 1159; x_wconf 85' lang='lat' dir='ltr'>pereuntem.</span> 
     </span>
     <span class='ocr_line' id='line_1_15' title="bbox 379 1168 1427 1228; baseline -0.003 -14"><span class='ocrx_word' id='word_1_124' title='bbox 379 1170 422 1214; x_wconf 90' lang='lat' dir='ltr'>Si</span> <span class='ocrx_word' id='word_1_125' title='bbox 445 1184 513 1212; x_wconf 91' lang='lat' dir='ltr'>me</span> <span class='ocrx_word' id='word_1_126' title='bbox 529 1170 619 1228; x_wconf 87' lang='lat' dir='ltr'>pati</span> <span class='ocrx_word' id='word_1_127' title='bbox 641 1184 730 1213; x_wconf 90' lang='lat' dir='ltr'>non</span> <span class='ocrx_word' id='word_1_128' title='bbox 752 1169 813 1212; x_wconf 90' lang='lat' dir='ltr'>vis</span> <span class='ocrx_word' id='word_1_129' title='bbox 829 1202 840 1223; x_wconf 89' lang='lat'>,</span> <span class='ocrx_word' id='word_1_130' title='bbox 865 1168 955 1212; x_wconf 91' lang='lat' dir='ltr'>noli</span> <span class='ocrx_word' id='word_1_131' title='bbox 974 1183 1140 1223; x_wconf 83' lang='lat' dir='ltr'>errare,</span> <span class='ocrx_word' id='word_1_132' title='bbox 1166 1168 1256 1212; x_wconf 91' lang='lat' dir='ltr'>noli</span> <span class='ocrx_word' id='word_1_133' title='bbox 1273 1169 1427 1227; x_wconf 90' lang='lat' dir='ltr'>perire.</span> 
     </span>
    </p>

    <p class='ocr_par' dir='ltr' id='par_1_3' title="bbox 377 1236 1764 2488">
     <span class='ocr_line' id='line_1_16' title="bbox 435 1236 1761 1298; baseline 0.001 -16"><span class='ocrx_word' id='word_1_134' title='bbox 435 1241 531 1282; x_wconf 79' lang='lat' dir='ltr'>XV.</span> <span class='ocrx_word' id='word_1_135' title='bbox 559 1242 718 1282; x_wconf 90' lang='lat' dir='ltr'>Parum</span> <span class='ocrx_word' id='word_1_136' title='bbox 737 1246 800 1280; x_wconf 92' lang='lat' dir='ltr'>est</span> <span class='ocrx_word' id='word_1_137' title='bbox 821 1236 942 1296; x_wconf 94' lang='lat' dir='ltr'>quod</span> <span class='ocrx_word' id='word_1_138' title='bbox 964 1236 1091 1281; x_wconf 87' lang='lat' dir='ltr'>doleo</span> <span class='ocrx_word' id='word_1_139' title='bbox 1113 1246 1156 1280; x_wconf 92' lang='lat' dir='ltr'>te</span> <span class='ocrx_word' id='word_1_140' title='bbox 1178 1247 1394 1281; x_wconf 89' lang='lat' dir='ltr'>errantem</span> <span class='ocrx_word' id='word_1_141' title='bbox 1416 1246 1546 1298; x_wconf 88' lang='lat' dir='ltr'>atque</span> <span class='ocrx_word' id='word_1_142' title='bbox 1570 1254 1761 1298; x_wconf 90' lang='lat' dir='ltr'>pereun-</span> 
     </span>
     <span class='ocr_line' id='line_1_17' title="bbox 377 1306 1757 1366; baseline 0.001 -14"><span class='ocrx_word' id='word_1_143' title='bbox 377 1318 464 1353; x_wconf 87' lang='lat' dir='ltr'>tem</span> <span class='ocrx_word' id='word_1_144' title='bbox 482 1330 492 1366; x_wconf 77' lang='lat'>3</span> <span class='ocrx_word' id='word_1_145' title='bbox 511 1309 643 1352; x_wconf 87' lang='lat' dir='ltr'>timeo</span> <span class='ocrx_word' id='word_1_146' title='bbox 656 1323 711 1351; x_wconf 93' lang='lat' dir='ltr'>ne</span> <span class='ocrx_word' id='word_1_147' title='bbox 726 1306 946 1365; x_wconf 84' lang='lat' dir='ltr'>negligens</span> <span class='ocrx_word' id='word_1_148' title='bbox 967 1316 1024 1362; x_wconf 87' lang='lat' dir='ltr'>te,</span> <span class='ocrx_word' id='word_1_149' title='bbox 1039 1308 1168 1351; x_wconf 88' lang='lat' dir='ltr'>etiam</span> <span class='ocrx_word' id='word_1_150' title='bbox 1185 1308 1305 1366; x_wconf 92' lang='lat' dir='ltr'>quod</span> <span class='ocrx_word' id='word_1_151' title='bbox 1323 1307 1435 1351; x_wconf 90' lang='lat' dir='ltr'>forte</span> <span class='ocrx_word' id='word_1_152' title='bbox 1451 1317 1529 1362; x_wconf 87' lang='lat' dir='ltr'>est,</span> <span class='ocrx_word' id='word_1_153' title='bbox 1547 1308 1757 1354; x_wconf 87' lang='lat' dir='ltr'>occidam.</span> 
     </span>
     <span class='ocr_line' id='line_1_18' title="bbox 377 1376 1761 1437; baseline 0.001 -15"><span class='ocrx_word' id='word_1_154' title='bbox 377 1377 488 1423; x_wconf 88' lang='lat' dir='ltr'>Vide</span> <span class='ocrx_word' id='word_1_155' title='bbox 504 1378 618 1422; x_wconf 89' lang='lat' dir='ltr'>enim</span> <span class='ocrx_word' id='word_1_156' title='bbox 640 1377 748 1437; x_wconf 88' lang='lat' dir='ltr'>quid</span> <span class='ocrx_word' id='word_1_157' title='bbox 770 1376 966 1435; x_wconf 91' lang='lat' dir='ltr'>sequitur</span> <span class='ocrx_word' id='word_1_158' title='bbox 988 1395 996 1421; x_wconf 91' lang='lat'><strong>:</strong></span> <span class='ocrx_word' id='word_1_159' title='bbox 1026 1396 1046 1418; x_wconf 87' lang='lat'>«</span> <span class='ocrx_word' id='word_1_160' title='bbox 1071 1379 1127 1420; x_wconf 90' lang='lat' dir='ltr'>Et</span> <span class='ocrx_word' id='word_1_161' title='bbox 1144 1377 1264 1436; x_wconf 90' lang='lat' dir='ltr'>quod</span> <span class='ocrx_word' id='word_1_162' title='bbox 1285 1377 1398 1421; x_wconf 84' lang='lat' dir='ltr'>forte</span> <span class='ocrx_word' id='word_1_163' title='bbox 1415 1377 1521 1433; x_wconf 85' lang='lat' dir='ltr'>fuit,</span> <span class='ocrx_word' id='word_1_164' title='bbox 1547 1378 1761 1424; x_wconf 87' lang='lat' dir='ltr'>confecis-</span> 
     </span>
     <span class='ocr_line' id='line_1_19' title="bbox 381 1446 1761 1507; baseline 0.003 -18"><span class='ocrx_word' id='word_1_165' title='bbox 381 1466 401 1489; x_wconf 82' lang='lat'>»</span> <span class='ocrx_word' id='word_1_166' title='bbox 436 1449 504 1492; x_wconf 86' lang='lat' dir='ltr'>tis.</span> <span class='ocrx_word' id='word_1_167' title='bbox 535 1468 552 1488; x_wconf 88' lang='lat'>»</span> <span class='ocrx_word' id='word_1_168' title='bbox 581 1448 625 1492; x_wconf 89' lang='lat' dir='ltr'>Si</span> <span class='ocrx_word' id='word_1_169' title='bbox 646 1446 876 1506; x_wconf 79' lang='lat' dir='ltr'>neglexero</span> <span class='ocrx_word' id='word_1_170' title='bbox 897 1455 1111 1490; x_wconf 86' lang='lat' dir='ltr'>errantem</span> <span class='ocrx_word' id='word_1_171' title='bbox 1137 1455 1268 1507; x_wconf 91' lang='lat' dir='ltr'>atque</span> <span class='ocrx_word' id='word_1_172' title='bbox 1293 1457 1549 1507; x_wconf 90' lang='lat' dir='ltr'>pereuntem</span> <span class='ocrx_word' id='word_1_173' title='bbox 1566 1483 1576 1503; x_wconf 87' lang='lat'>,</span> <span class='ocrx_word' id='word_1_174' title='bbox 1601 1458 1644 1493; x_wconf 88' lang='lat' dir='ltr'>et</span> <span class='ocrx_word' id='word_1_175' title='bbox 1659 1464 1761 1493; x_wconf 90' lang='lat' dir='ltr'>eum</span> 
     </span>
     <span class='ocr_line' id='line_1_20' title="bbox 378 1515 1763 1577; baseline 0.001 -16"><span class='ocrx_word' id='word_1_176' title='bbox 378 1518 455 1577; x_wconf 88' lang='lat' dir='ltr'>qui</span> <span class='ocrx_word' id='word_1_177' title='bbox 491 1518 612 1561; x_wconf 79' lang='lat' dir='ltr'>fortis</span> <span class='ocrx_word' id='word_1_178' title='bbox 638 1526 702 1560; x_wconf 91' lang='lat' dir='ltr'>est</span> <span class='ocrx_word' id='word_1_179' title='bbox 729 1515 965 1560; x_wconf 88' lang='lat' dir='ltr'>delectabit</span> <span class='ocrx_word' id='word_1_180' title='bbox 986 1531 1126 1559; x_wconf 87' lang='lat' dir='ltr'>errare</span> <span class='ocrx_word' id='word_1_181' title='bbox 1149 1525 1280 1576; x_wconf 87' lang='lat' dir='ltr'>atque</span> <span class='ocrx_word' id='word_1_182' title='bbox 1303 1517 1457 1575; x_wconf 89' lang='lat' dir='ltr'>perire.</span> <span class='ocrx_word' id='word_1_183' title='bbox 1482 1519 1622 1577; x_wconf 86' lang='lat' dir='ltr'>Cupio</span> <span class='ocrx_word' id='word_1_184' title='bbox 1639 1519 1763 1563; x_wconf 88' lang='lat' dir='ltr'>lucra</span> 
     </span>
     <span class='ocr_line' id='line_1_21' title="bbox 378 1587 1762 1646; baseline 0.001 -14"><span class='ocrx_word' id='word_1_185' title='bbox 378 1588 614 1643; x_wconf 77' lang='lat' dir='ltr'>exteriora,</span> <span class='ocrx_word' id='word_1_186' title='bbox 639 1588 715 1632; x_wconf 90' lang='lat' dir='ltr'>sed</span> <span class='ocrx_word' id='word_1_187' title='bbox 736 1587 868 1631; x_wconf 90' lang='lat' dir='ltr'>timeo</span> <span class='ocrx_word' id='word_1_188' title='bbox 893 1587 990 1646; x_wconf 88' lang='lat' dir='ltr'>plus</span> <span class='ocrx_word' id='word_1_189' title='bbox 1012 1588 1170 1631; x_wconf 87' lang='lat' dir='ltr'>damna</span> <span class='ocrx_word' id='word_1_190' title='bbox 1200 1588 1418 1632; x_wconf 89' lang='lat' dir='ltr'>interiora.</span> <span class='ocrx_word' id='word_1_191' title='bbox 1443 1589 1485 1633; x_wconf 93' lang='lat' dir='ltr'>Si</span> <span class='ocrx_word' id='word_1_192' title='bbox 1507 1588 1762 1634; x_wconf 86' lang='lat' dir='ltr'>indifferen-</span> 
     </span>
     <span class='ocr_line' id='line_1_22' title="bbox 378 1657 1761 1719; baseline 0.002 -18"><span class='ocrx_word' id='word_1_193' title='bbox 378 1668 467 1702; x_wconf 90' lang='lat' dir='ltr'>tem</span> <span class='ocrx_word' id='word_1_194' title='bbox 487 1659 681 1701; x_wconf 88' lang='lat' dir='ltr'>habuero</span> <span class='ocrx_word' id='word_1_195' title='bbox 699 1671 889 1700; x_wconf 90' lang='lat' dir='ltr'>errorem</span> <span class='ocrx_word' id='word_1_196' title='bbox 910 1665 1059 1710; x_wconf 79' lang='lat' dir='ltr'>tuum,</span> <span class='ocrx_word' id='word_1_197' title='bbox 1086 1658 1273 1701; x_wconf 90' lang='lat' dir='ltr'>attendit</span> <span class='ocrx_word' id='word_1_198' title='bbox 1294 1657 1370 1717; x_wconf 89' lang='lat' dir='ltr'>qui</span> <span class='ocrx_word' id='word_1_199' title='bbox 1391 1657 1513 1702; x_wconf 88' lang='lat' dir='ltr'>fortis</span> <span class='ocrx_word' id='word_1_200' title='bbox 1534 1668 1614 1710; x_wconf 80' lang='lat' dir='ltr'>est,</span> <span class='ocrx_word' id='word_1_201' title='bbox 1635 1669 1761 1719; x_wconf 91' lang='lat' dir='ltr'>putat</span> 
     </span>
     <span class='ocr_line' id='line_1_23' title="bbox 379 1726 1760 1787; baseline 0.002 -16"><span class='ocrx_word' id='word_1_202' title='bbox 379 1727 489 1771; x_wconf 83' lang='lat' dir='ltr'>nihil</span> <span class='ocrx_word' id='word_1_203' title='bbox 510 1742 598 1771; x_wconf 88' lang='lat' dir='ltr'>esse</span> <span class='ocrx_word' id='word_1_204' title='bbox 618 1728 680 1770; x_wconf 89' lang='lat' dir='ltr'>ire</span> <span class='ocrx_word' id='word_1_205' title='bbox 697 1728 741 1770; x_wconf 89' lang='lat' dir='ltr'>in</span> <span class='ocrx_word' id='word_1_206' title='bbox 762 1726 974 1770; x_wconf 84' lang='lat' dir='ltr'>haeresim.</span> <span class='ocrx_word' id='word_1_207' title='bbox 1002 1726 1188 1779; x_wconf 89' lang='lat' dir='ltr'>Quando</span> <span class='ocrx_word' id='word_1_208' title='bbox 1211 1726 1389 1787; x_wconf 89' lang='lat' dir='ltr'>aliquod</span> <span class='ocrx_word' id='word_1_209' title='bbox 1409 1728 1689 1774; x_wconf 87' lang='lat' dir='ltr'>commodum</span> <span class='ocrx_word' id='word_1_210' title='bbox 1706 1729 1760 1774; x_wconf 86' lang='lat' dir='ltr'>de</span> 
     </span>
     <span class='ocr_line' id='line_1_24' title="bbox 380 1797 1762 1853; baseline 0 -10"><span class='ocrx_word' id='word_1_211' title='bbox 380 1799 538 1843; x_wconf 84' lang='lat' dir='ltr'>saeculo</span> <span class='ocrx_word' id='word_1_212' title='bbox 556 1799 758 1842; x_wconf 83' lang='lat' dir='ltr'>reluxerit</span> <span class='ocrx_word' id='word_1_213' title='bbox 779 1799 897 1841; x_wconf 89' lang='lat' dir='ltr'>unde</span> <span class='ocrx_word' id='word_1_214' title='bbox 914 1806 1124 1853; x_wconf 88' lang='lat' dir='ltr'>mutetur,</span> <span class='ocrx_word' id='word_1_215' title='bbox 1141 1798 1284 1842; x_wconf 89' lang='lat' dir='ltr'>statim</span> <span class='ocrx_word' id='word_1_216' title='bbox 1302 1798 1407 1841; x_wconf 90' lang='lat' dir='ltr'>mihi</span> <span class='ocrx_word' id='word_1_217' title='bbox 1425 1798 1530 1842; x_wconf 86' lang='lat' dir='ltr'>dicit</span> <span class='ocrx_word' id='word_1_218' title='bbox 1552 1797 1672 1843; x_wconf 88' lang='lat' dir='ltr'>fortis</span> <span class='ocrx_word' id='word_1_219' title='bbox 1689 1799 1762 1843; x_wconf 92' lang='lat' dir='ltr'>ille</span> 
     </span>
     <span class='ocr_line' id='line_1_25' title="bbox 381 1868 1762 1929; baseline 0.001 -16"><span class='ocrx_word' id='word_1_220' title='bbox 381 1871 595 1929; x_wconf 90' lang='lat' dir='ltr'>periturus</span> <span class='ocrx_word' id='word_1_221' title='bbox 615 1905 625 1924; x_wconf 94' lang='lat'>,</span> <span class='ocrx_word' id='word_1_222' title='bbox 661 1885 761 1914; x_wconf 92' lang='lat' dir='ltr'>curn</span> <span class='ocrx_word' id='word_1_223' title='bbox 789 1879 831 1913; x_wconf 94' lang='lat' dir='ltr'>te</span> <span class='ocrx_word' id='word_1_224' title='bbox 859 1868 1081 1928; x_wconf 87' lang='lat' dir='ltr'>perditum</span> <span class='ocrx_word' id='word_1_225' title='bbox 1103 1884 1192 1913; x_wconf 90' lang='lat' dir='ltr'>non</span> <span class='ocrx_word' id='word_1_226' title='bbox 1214 1869 1386 1928; x_wconf 90' lang='lat' dir='ltr'>requiro</span> <span class='ocrx_word' id='word_1_227' title='bbox 1404 1888 1412 1913; x_wconf 86' lang='lat'>:</span> <span class='ocrx_word' id='word_1_228' title='bbox 1436 1872 1493 1913; x_wconf 87' lang='lat' dir='ltr'>Et</span> <span class='ocrx_word' id='word_1_229' title='bbox 1513 1870 1595 1914; x_wconf 88' lang='lat' dir='ltr'>hac</span> <span class='ocrx_word' id='word_1_230' title='bbox 1617 1880 1660 1915; x_wconf 92' lang='lat' dir='ltr'>et</span> <span class='ocrx_word' id='word_1_231' title='bbox 1681 1872 1762 1915; x_wconf 89' lang='lat' dir='ltr'>hac</span> 
     </span>
     <span class='ocr_line' id='line_1_26' title="bbox 380 1939 1760 2000; baseline 0.001 -16"><span class='ocrx_word' id='word_1_232' title='bbox 380 1944 492 1984; x_wconf 90' lang='lat' dir='ltr'>Deus</span> <span class='ocrx_word' id='word_1_233' title='bbox 514 1950 578 1984; x_wconf 87' lang='lat' dir='ltr'>est</span> <span class='ocrx_word' id='word_1_234' title='bbox 591 1975 607 1995; x_wconf 79' lang='lat'>,</span> <span class='ocrx_word' id='word_1_235' title='bbox 644 1939 752 2000; x_wconf 89' lang='lat' dir='ltr'>quid</span> <span class='ocrx_word' id='word_1_236' title='bbox 773 1940 983 1983; x_wconf 77' lang='lat' dir='ltr'>interest?</span> <span class='ocrx_word' id='word_1_237' title='bbox 1014 1939 1221 1983; x_wconf 90' lang='lat' dir='ltr'>Homines</span> <span class='ocrx_word' id='word_1_238' title='bbox 1243 1940 1356 1982; x_wconf 90' lang='lat' dir='ltr'>inter</span> <span class='ocrx_word' id='word_1_239' title='bbox 1375 1954 1418 1982; x_wconf 92' lang='lat' dir='ltr'>se</span> <span class='ocrx_word' id='word_1_240' title='bbox 1439 1939 1655 1999; x_wconf 83' lang='lat' dir='ltr'>litigantes</span> <span class='ocrx_word' id='word_1_241' title='bbox 1676 1942 1760 1986; x_wconf 91' lang='lat' dir='ltr'>hoc</span> 
     </span>
     <span class='ocr_line' id='line_1_27' title="bbox 381 2007 1763 2069; baseline 0.001 -15"><span class='ocrx_word' id='word_1_242' title='bbox 381 2009 579 2054; x_wconf 86' lang='lat' dir='ltr'>fecerunt</span> <span class='ocrx_word' id='word_1_243' title='bbox 593 2044 604 2065; x_wconf 92' lang='lat'>,</span> <span class='ocrx_word' id='word_1_244' title='bbox 625 2010 893 2069; x_wconf 89' lang='lat' dir='ltr'>ubicumque</span> <span class='ocrx_word' id='word_1_245' title='bbox 910 2007 1119 2053; x_wconf 90' lang='lat' dir='ltr'>colendus</span> <span class='ocrx_word' id='word_1_246' title='bbox 1137 2017 1200 2052; x_wconf 90' lang='lat' dir='ltr'>est</span> <span class='ocrx_word' id='word_1_247' title='bbox 1218 2011 1346 2052; x_wconf 85' lang='lat' dir='ltr'>Deus.</span> <span class='ocrx_word' id='word_1_248' title='bbox 1372 2009 1414 2053; x_wconf 92' lang='lat' dir='ltr'>Si</span> <span class='ocrx_word' id='word_1_249' title='bbox 1435 2008 1548 2053; x_wconf 88' lang='lat' dir='ltr'>forte</span> <span class='ocrx_word' id='word_1_250' title='bbox 1565 2009 1628 2054; x_wconf 82' lang='lat' dir='ltr'>illi</span> <span class='ocrx_word' id='word_1_251' title='bbox 1649 2011 1763 2056; x_wconf 84' lang='lat' dir='ltr'>dixe-</span> 
     </span>
     <span class='ocr_line' id='line_1_28' title="bbox 382 2076 1763 2139; baseline 0.001 -17"><span class='ocrx_word' id='word_1_252' title='bbox 382 2080 437 2123; x_wconf 88' lang='lat' dir='ltr'>rit</span> <span class='ocrx_word' id='word_1_253' title='bbox 460 2079 615 2139; x_wconf 88' lang='lat' dir='ltr'>aliquis</span> <span class='ocrx_word' id='word_1_254' title='bbox 654 2080 877 2123; x_wconf 82' lang='lat' dir='ltr'>Donatista</span> <span class='ocrx_word' id='word_1_255' title='bbox 904 2097 912 2122; x_wconf 91' lang='lat'>:</span> <span class='ocrx_word' id='word_1_256' title='bbox 937 2080 1032 2123; x_wconf 91' lang='lat' dir='ltr'>Non</span> <span class='ocrx_word' id='word_1_257' title='bbox 1070 2077 1151 2121; x_wconf 90' lang='lat' dir='ltr'>tibi</span> <span class='ocrx_word' id='word_1_258' title='bbox 1186 2076 1299 2121; x_wconf 89' lang='lat' dir='ltr'>dabo</span> <span class='ocrx_word' id='word_1_259' title='bbox 1321 2077 1453 2120; x_wconf 87' lang='lat' dir='ltr'>filiam</span> <span class='ocrx_word' id='word_1_260' title='bbox 1488 2093 1628 2122; x_wconf 88' lang='lat' dir='ltr'>meam</span> <span class='ocrx_word' id='word_1_261' title='bbox 1646 2114 1657 2133; x_wconf 84' lang='lat'>,</span> <span class='ocrx_word' id='word_1_262' title='bbox 1681 2081 1763 2124; x_wconf 89' lang='lat' dir='ltr'>nisi</span> 
     </span>
     <span class='ocr_line' id='line_1_29' title="bbox 383 2144 1760 2205; baseline 0.002 -14"><span class='ocrx_word' id='word_1_263' title='bbox 383 2147 514 2191; x_wconf 89' lang='lat' dir='ltr'>fueris</span> <span class='ocrx_word' id='word_1_264' title='bbox 547 2148 602 2190; x_wconf 87' lang='lat' dir='ltr'>de</span> <span class='ocrx_word' id='word_1_265' title='bbox 623 2157 743 2205; x_wconf 84' lang='lat' dir='ltr'>parte</span> <span class='ocrx_word' id='word_1_266' title='bbox 764 2160 860 2188; x_wconf 87' lang='lat' dir='ltr'>mea</span> <span class='ocrx_word' id='word_1_267' title='bbox 888 2163 896 2188; x_wconf 92' lang='lat'><strong>:</strong></span> <span class='ocrx_word' id='word_1_268' title='bbox 922 2144 984 2187; x_wconf 85' lang='lat' dir='ltr'>illi</span> <span class='ocrx_word' id='word_1_269' title='bbox 1020 2159 1128 2203; x_wconf 92' lang='lat' dir='ltr'>opus</span> <span class='ocrx_word' id='word_1_270' title='bbox 1151 2153 1213 2188; x_wconf 89' lang='lat' dir='ltr'>est</span> <span class='ocrx_word' id='word_1_271' title='bbox 1235 2153 1284 2188; x_wconf 90' lang='lat' dir='ltr'>ut</span> <span class='ocrx_word' id='word_1_272' title='bbox 1306 2145 1526 2201; x_wconf 88' lang='lat' dir='ltr'>attendat,</span> <span class='ocrx_word' id='word_1_273' title='bbox 1550 2157 1593 2191; x_wconf 90' lang='lat' dir='ltr'>et</span> <span class='ocrx_word' id='word_1_274' title='bbox 1614 2148 1730 2193; x_wconf 85' lang='lat' dir='ltr'>dicat</span> <span class='ocrx_word' id='word_1_275' title='bbox 1751 2169 1760 2194; x_wconf 91' lang='lat'>:</span> 
     </span>
     <span class='ocr_line' id='line_1_30' title="bbox 385 2211 1762 2272; baseline 0.001 -11"><span class='ocrx_word' id='word_1_276' title='bbox 385 2218 427 2262; x_wconf 87' lang='lat' dir='ltr'>Si</span> <span class='ocrx_word' id='word_1_277' title='bbox 449 2216 558 2260; x_wconf 89' lang='lat' dir='ltr'>nihil</span> <span class='ocrx_word' id='word_1_278' title='bbox 582 2215 685 2259; x_wconf 85' lang='lat' dir='ltr'>mali</span> <span class='ocrx_word' id='word_1_279' title='bbox 714 2223 822 2258; x_wconf 88' lang='lat' dir='ltr'>esset</span> <span class='ocrx_word' id='word_1_280' title='bbox 849 2228 937 2257; x_wconf 87' lang='lat' dir='ltr'>esse</span> <span class='ocrx_word' id='word_1_281' title='bbox 967 2211 1021 2257; x_wconf 88' lang='lat' dir='ltr'>de</span> <span class='ocrx_word' id='word_1_282' title='bbox 1044 2222 1165 2272; x_wconf 88' lang='lat' dir='ltr'>parte</span> <span class='ocrx_word' id='word_1_283' title='bbox 1188 2228 1338 2258; x_wconf 90' lang='lat' dir='ltr'>eorum</span> <span class='ocrx_word' id='word_1_284' title='bbox 1355 2249 1365 2269; x_wconf 88' lang='lat'>,</span> <span class='ocrx_word' id='word_1_285' title='bbox 1391 2230 1480 2259; x_wconf 90' lang='lat' dir='ltr'>non</span> <span class='ocrx_word' id='word_1_286' title='bbox 1502 2226 1652 2261; x_wconf 90' lang='lat' dir='ltr'>contra</span> <span class='ocrx_word' id='word_1_287' title='bbox 1669 2217 1762 2263; x_wconf 88' lang='lat' dir='ltr'>illos</span> 
     </span>
     <span class='ocr_line' id='line_1_31' title="bbox 383 2284 1764 2345; baseline 0.002 -15"><span class='ocrx_word' id='word_1_288' title='bbox 383 2296 503 2331; x_wconf 86' lang='lat' dir='ltr'>tanta</span> <span class='ocrx_word' id='word_1_289' title='bbox 524 2285 718 2331; x_wconf 87' lang='lat' dir='ltr'>dicerent</span> <span class='ocrx_word' id='word_1_290' title='bbox 738 2293 928 2345; x_wconf 84' lang='lat' dir='ltr'>pastores</span> <span class='ocrx_word' id='word_1_291' title='bbox 946 2284 1104 2339; x_wconf 88' lang='lat' dir='ltr'>nostri,</span> <span class='ocrx_word' id='word_1_292' title='bbox 1129 2300 1218 2328; x_wconf 92' lang='lat' dir='ltr'>non</span> <span class='ocrx_word' id='word_1_293' title='bbox 1239 2300 1318 2344; x_wconf 88' lang='lat' dir='ltr'>pro</span> <span class='ocrx_word' id='word_1_294' title='bbox 1335 2284 1512 2330; x_wconf 85' lang='lat' dir='ltr'>illorum</span> <span class='ocrx_word' id='word_1_295' title='bbox 1533 2303 1678 2332; x_wconf 89' lang='lat' dir='ltr'>errore</span> <span class='ocrx_word' id='word_1_296' title='bbox 1698 2304 1764 2333; x_wconf 90' lang='lat' dir='ltr'>sa-</span> 
     </span>
     <span class='ocr_line' id='line_1_32' title="bbox 384 2356 1764 2415; baseline 0.002 -15"><span class='ocrx_word' id='word_1_297' title='bbox 384 2365 592 2414; x_wconf 81' lang='lat' dir='ltr'>tagerent.</span> <span class='ocrx_word' id='word_1_298' title='bbox 621 2356 663 2400; x_wconf 90' lang='lat' dir='ltr'>Si</span> <span class='ocrx_word' id='word_1_299' title='bbox 680 2370 783 2415; x_wconf 88' lang='lat' dir='ltr'>ergo</span> <span class='ocrx_word' id='word_1_300' title='bbox 805 2369 1016 2400; x_wconf 88' lang='lat' dir='ltr'>cessemus</span> <span class='ocrx_word' id='word_1_301' title='bbox 1039 2363 1082 2398; x_wconf 87' lang='lat' dir='ltr'>et</span> <span class='ocrx_word' id='word_1_302' title='bbox 1098 2363 1338 2411; x_wconf 78' lang='lat' dir='ltr'>taceamUS,</span> <span class='ocrx_word' id='word_1_303' title='bbox 1361 2358 1573 2401; x_wconf 82' lang='lat' dir='ltr'>contraria</span> <span class='ocrx_word' id='word_1_304' title='bbox 1594 2358 1764 2403; x_wconf 88' lang='lat' dir='ltr'>locutu-</span> 
     </span>
     <span class='ocr_line' id='line_1_33' title="bbox 385 2425 1760 2488; baseline 0.002 -16"><span class='ocrx_word' id='word_1_305' title='bbox 385 2444 457 2472; x_wconf 89' lang='lat' dir='ltr'>rus</span> <span class='ocrx_word' id='word_1_306' title='bbox 477 2436 539 2472; x_wconf 90' lang='lat' dir='ltr'>est</span> <span class='ocrx_word' id='word_1_307' title='bbox 559 2446 567 2471; x_wconf 91' lang='lat'><strong>:</strong></span> <span class='ocrx_word' id='word_1_308' title='bbox 594 2427 753 2487; x_wconf 87' lang='lat' dir='ltr'>Utique</span> <span class='ocrx_word' id='word_1_309' title='bbox 775 2427 807 2471; x_wconf 89' lang='lat' dir='ltr'>si</span> <span class='ocrx_word' id='word_1_310' title='bbox 829 2425 994 2472; x_wconf 86' lang='lat' dir='ltr'>malum</span> <span class='ocrx_word' id='word_1_311' title='bbox 1017 2434 1125 2471; x_wconf 89' lang='lat' dir='ltr'>esset</span> <span class='ocrx_word' id='word_1_312' title='bbox 1146 2441 1234 2471; x_wconf 85' lang='lat' dir='ltr'>esse</span> <span class='ocrx_word' id='word_1_313' title='bbox 1269 2427 1314 2471; x_wconf 91' lang='lat' dir='ltr'>in</span> <span class='ocrx_word' id='word_1_314' title='bbox 1335 2437 1456 2488; x_wconf 83' lang='lat' dir='ltr'>parte</span> <span class='ocrx_word' id='word_1_315' title='bbox 1483 2430 1668 2486; x_wconf 90' lang='lat' dir='ltr'>Donati,</span> <span class='ocrx_word' id='word_1_316' title='bbox 1693 2430 1760 2475; x_wconf 93' lang='lat' dir='ltr'>lo-</span> 
     </span>
    </p>
   </div>
   <div class='ocr_carea' id='block_1_3' title="bbox 433 2515 693 2554">
    <p class='ocr_par' dir='ltr' id='par_1_4' title="bbox 433 2515 693 2554">
     <span class='ocr_line' id='line_1_34' title="bbox 433 2515 693 2554; baseline 0 -8"><span class='ocrx_word' id='word_1_317' title='bbox 433 2520 442 2537; x_wconf 85' lang='lat'>¹</span> <span class='ocrx_word' id='word_1_318' title='bbox 464 2515 569 2546; x_wconf 75' lang='lat' dir='ltr'>2Cor.</span> <span class='ocrx_word' id='word_1_319' title='bbox 591 2524 624 2554; x_wconf 92' lang='lat' dir='ltr'>v,</span> <span class='ocrx_word' id='word_1_320' title='bbox 644 2522 693 2546; x_wconf 76' lang='grc' dir='ltr'>ιο.</span> 
     </span>
    </p>
   </div>
  </div>
 </body>
</html>
