1898 3178
424 231 508 270 402
827 240 860 268 S.
896 240 978 268 AUG
986 242 1126 268 usum
1159 242 1339 268 EPISCOPI

418 306 541 351 fratri
561 307 636 368 qui
657 307 702 349 in
719 305 843 349 illum
866 313 1111 364 peccasset3
1136 313 1178 349 et
1201 305 1400 365 quaesivit
1419 313 1570 349 utrum
1589 306 1806 350 sufficeret

418 377 589 437 septies.
614 376 855 436 Respondit
875 375 940 419 illi
957 376 1192 421 Dominus:
1219 394 1239 417 «
1255 378 1353 422 Non
1375 374 1516 420 solum
1539 376 1710 436 septies,
1730 375 1806 420 sed

420 466 442 489 »
466 448 596 492 etiam
617 447 858 506 septuagies
878 446 1035 506 septies
1051 447 1084 489 1.
1112 463 1133 488 »
1155 445 1322 491 Deinde
1343 445 1536 491 narravit
1556 445 1806 490 similitudi-

418 533 518 561 nem
539 517 664 562 valde
684 516 924 562 terribilem
950 532 959 558 ε
987 517 1132 570 «Quia
1149 516 1287 561 simile
1306 525 1370 560 est
1388 532 1570 575 regnum
1593 516 1806 561 coelorum

420 606 440 629 »
459 587 626 632 homini
636 586 949 647 patrifamilias,
962 587 1038 647 qui
1052 587 1200 647 posuit
1212 586 1424 630 rationem
1435 602 1534 632 cum
1545 587 1680 632 servis
1693 587 1781 632 suis
1793 606 1802 632 :

419 677 439 699 »
458 659 502 701 in
511 657 670 718 quibus
683 658 849 703 invenit
861 657 1102 702 debitorem
1113 656 1263 701 decem
1277 656 1463 702 millium
1470 658 1771 702 talentorum2.
1781 676 1802 699 »

417 730 473 772 Et
499 745 600 773 cum
618 729 812 789 jussisset
828 765 839 786 ,
868 738 920 773 ut
938 729 1087 774 omnia'
1106 744 1205 788 quae
1227 728 1420 772 habebat
1438 764 1450 784 ,
1482 738 1524 773 et
1547 729 1687 773 omnis
1714 730 1807 789 ejus

415 798 601 856 familia,
627 808 671 844 et
691 801 784 860 ipse
805 800 1086 855 venderetur,
1108 808 1151 843 et
1171 797 1372 842 debitum
1393 797 1648 855 solveretur,
1674 798 1808 844 advo-

416 868 535 915 lutus
554 870 736 930 genibus
753 870 920 916 domini
937 870 1019 926 sui,
1036 868 1219 928 rogabat
1233 884 1333 913 eum
1351 868 1604 914 dilationem
1618 904 1630 924 ,
1649 869 1809 914 meruit

413 941 727 985 remissionem.
747 941 950 986 Misertus
969 949 1033 984 est
1050 940 1168 983 enim
1190 940 1395 984 dominus
1419 941 1532 999 ejus,
1552 941 1663 985 sicut
1681 938 1809 984 audi-

411 1011 576 1067 vimus,
598 1021 640 1056 et
662 1027 791 1057 omne
812 1012 1014 1056 debitum
1037 1011 1203 1055 dimisit
1224 1009 1303 1055 illi,
1332 1014 1390 1055 At
1415 1011 1490 1055 ille
1509 1011 1658 1056 debito
1676 1010 1804 1066 liber,

413 1081 488 1125 sed
510 1082 750 1141 iniquitatis
769 1097 934 1138 servus,
954 1090 1244 1141 posteaquam
1265 1096 1459 1140 egressus
1479 1091 1543 1126 est
1563 1098 1587 1126 a
1603 1081 1713 1126 facie
1735 1080 1809 1126 do-

413 1151 523 1195 mini
543 1152 626 1206 sui,
643 1151 814 1195 invenit
828 1152 958 1194 etiam
974 1152 1066 1209 ipse
1083 1151 1326 1196 debitorem
1341 1167 1486 1207 suum,
1506 1152 1584 1211 qui
1599 1151 1805 1206 debebat,

415 1237 506 1266 non
534 1222 685 1266 decem
716 1221 852 1265 millia
883 1220 1173 1276 talentorum,
1208 1231 1425 1280 quantum
1456 1223 1590 1281 ipsius
1612 1221 1810 1265 debitum

416 1292 501 1337 suit
512 1328 522 1347 ,
539 1293 615 1337 sed
632 1302 810 1337 centum
827 1291 1026 1336 denarios
1044 1310 1054 1336 ε
1072 1292 1207 1350 coepit
1220 1306 1320 1335 eum
1339 1292 1605 1335 suffocatum
1619 1291 1807 1347 trahere,

417 1372 461 1406 et
479 1362 649 1407 dicere:
673 1361 862 1405 «Redde
879 1361 1001 1421 quod
1015 1361 1188 1405 debes³.
1211 1379 1231 1401 »
1256 1365 1314 1405 At
1330 1360 1403 1404 ille
1425 1362 1607 1420 rogabat
1630 1377 1809 1406 conser-

418 1448 548 1488 vum,
583 1433 695 1477 sicut
722 1442 767 1477 et
786 1433 877 1491 ipse
905 1440 1131 1490 rogaverat
1162 1430 1416 1490 domiuum3
1450 1431 1526 1475 sed
1556 1447 1646 1476 non
1677 1433 1810 1478 talem

418 1504 496 1548 iste
515 1503 679 1547 invenit
698 1518 970 1558 conservum,
991 1502 1167 1562 qualem
1188 1501 1262 1546 ille
1282 1503 1528 1546 dominum.
1551 1506 1649 1549 Non
1667 1504 1810 1548 solum

419 1575 639 1619 remittere
664 1574 728 1617 illi
751 1573 952 1617 debitum
980 1572 1123 1617 noluit
1148 1588 1156 1613 :
1183 1574 1258 1617 sed
1279 1589 1359 1618 nec
1381 1574 1637 1618 dilationem
1668 1574 1804 1619 dedit.

420 1648 682 1691 Contortum
703 1644 899 1703 rapiebat
915 1643 970 1687 ad
989 1643 1251 1688 solutionem
1270 1679 1280 1699 ,
1303 1646 1392 1704 jam
1414 1644 1564 1690 debito
1588 1645 1808 1690 dominico
1859 1670 1862 1677 ·

420 1714 545 1759 liber.
565 1714 793 1774 Displicuit
814 1714 1053 1771 conservis,
1081 1723 1124 1758 et
1145 1714 1508 1759 renuntiaverunt
1530 1716 1708 1761 domino
1729 1731 1808 1761 suo
1828 1746 1829 1749 =

421 1786 527 1847 quid
550 1795 695 1830 actum
713 1794 823 1830 esset
840 1795 909 1830 :et
927 1785 1131 1830 dominus
1149 1784 1255 1830 fecit
1271 1785 1417 1830 adesse
1434 1802 1623 1844 servum,
1644 1797 1687 1833 et
1700 1787 1808 1832 dixit
1874 1816 1877 1823 ·

421 1860 459 1902 ei
487 1876 497 1902 ε
526 1859 697 1902 «Serve
718 1871 932 1916 nequam,
965 1871 1066 1900 cum
1097 1855 1204 1899 mihi
1230 1865 1353 1900 tanta
1373 1857 1579 1914 deberes,
1609 1859 1825 1904 misertus
1877 1841 1898 1875 ¹³

425 1947 447 1970 »
472 1927 558 1983 tui,
585 1927 731 1972 omnia
750 1926 893 1970 dimisi
915 1926 1025 1984 tibi,
1050 1941 1196 1971 nonne
1218 1941 1319 1985 ergo
1342 1936 1385 1972 et
1406 1937 1449 1971 te
1472 1929 1700 1988 oportebat
1725 1929 1808 1974 mi-

426 2018 446 2041 »
469 1999 599 2043 sereri
620 1998 816 2043 conservi
838 1997 920 2053 tui,
940 1998 1052 2041 sicut
1072 2007 1116 2041 et
1136 2012 1216 2056 ego
1231 1997 1296 2042 tui
1319 1998 1518 2043 misertus
1538 2001 1726 2044 sum4‘2»
1751 2002 1824 2045 Et·
1877 1992 1887 2037 ,²⁴

417 2070 542 2130 jussit
563 2070 709 2115 omnia
727 2104 738 2124 ,
759 2085 859 2130 quae
881 2067 944 2111 illi
967 2067 1200 2123 dimiserat,
1227 2068 1351 2127 exigi.

482 2145 541 2186 ΙΙ.
566 2142 683 2201 Ergo
705 2141 819 2185 hanc
839 2137 1166 2184 similitudinem
1187 2138 1244 2183 ad
1264 2148 1456 2184 nostram
1479 2140 1806 2186 instructionem

423 2211 676 2273 proposuit,
692 2220 735 2255 et
756 2209 1032 2256 admonendo
1051 2209 1190 2269 perire
1211 2224 1289 2254 nos
1311 2208 1467 2254 noluit.
1498 2229 1519 2253 «
1540 2211 1626 2267 Sic,
1640 2211 1802 2272 inquit,

426 2302 448 2325 »
473 2293 516 2328 et
540 2283 662 2329 vobis
684 2282 814 2327 faciet
834 2285 962 2326 Pater
983 2289 1123 2325 vester
1144 2280 1354 2336 coelestis,
1380 2282 1414 2325 si
1442 2297 1531 2326 non
1562 2241 1897 2364 remiseritis'i'gg’il

430 2372 450 2394 »
479 2354 776 2414 unusquisque
803 2361 994 2398 vestrum
1018 2350 1139 2396 fratri
1162 2367 1239 2396 suo
1262 2367 1315 2396 ex
1341 2350 1544 2396 cordibus
1565 2353 1712 2397 vestris
1726 2354 1758 2395 ⁵.
1777 2366 1803 2393 τ»

430 2426 542 2469 Ecce
554 2460 564 2480 ,
590 2423 743 2469 fratres
760 2459 772 2480 ,
795 2439 860 2468 res
876 2424 922 2467 in
944 2432 1092 2482 aperto
1109 2431 1172 2467 est
1187 2457 1198 2478 ,
1217 2422 1456 2467 admonitio
1474 2422 1608 2479 utilis,
1626 2432 1670 2468 et
1680 2422 1805 2468 valde
1839 2467 1843 2488 ¹
1871 2464 1889 2487 ,ἶ

1829 2385 1898 2498 Γὲῑω

491 2527 498 2542 ι
522 2522 633 2554 nauh.
654 2532 758 2563 mu,
785 2518 1032 2553 22‚—-21b1d‚
1055 2518 1110 2553 23.
1136 2535 1177 2542 —
1199 2517 1310 2553 ³1bid.
1332 2521 1386 2552 28.
1407 2536 1448 2541 —
1467 2510 1582 2552 ⁴1bid‚
1614 2519 1668 2562 32,
1689 2520 1744 2553 33.
1765 2534 1811 2542 --
1832 2497 1895 2575 ¹.foss

1806 2598 1814 2831 ἕ

433 2574 448 2597 5
472 2575 552 2607 lbid.
569 2577 621 2607 35.
