1898 3178
418 214 501 253 16ss
850 219 885 247 ε.
907 219 1153 248 Ancum-mr
1183 222 1366 250 muscum
1404 225 1408 228 ·

414 288 588 333 Domini
618 288 699 331 tui.
735 288 832 331 Non
854 285 970 328 enim
1003 283 1163 330 frustra
1185 285 1315 331 talem
1348 297 1534 332 mortem
1554 288 1715 348 elegit,
1753 291 1799 334 in

413 361 537 421 cujus
563 365 777 418 potestate
805 365 898 400 erat
920 354 990 400 vel
1020 357 1131 401 mori
1150 356 1221 402 vel
1239 374 1329 402 non
1351 359 1477 404 mori.
1511 360 1555 405 Si
1572 360 1618 404 in
1649 369 1798 420 potes-

411 440 502 476 tate
537 438 628 473 erat
649 427 759 472 mori
780 436 824 471 et
857 442 949 472 non
969 428 1102 484 mori,
1134 445 1270 489 quare
1301 445 1392 474 non
1417 430 1465 474 in
1492 440 1707 490 potestate
1737 432 1799 477 sic

410 502 482 547 vel
515 502 575 546 sic
608 499 750 544 mori?
780 500 880 545 Non
906 498 1068 545 frustra
1099 516 1202 560 ergo
1236 516 1412 545 crucem
1451 502 1604 561 elegit,
1643 502 1723 548 ubi
1756 513 1800 548 te

410 573 514 617 huic
555 569 724 615 mundo
770 570 1084 630 crucifigeret1.
1124 573 1236 617 Nam
1262 571 1450 616 latitudo
1484 581 1549 616 est
1586 573 1633 617 in
1670 589 1800 619 cruce

410 653 703 688 transversum
734 640 931 701 lignum,
969 642 1047 686 ubi
1080 642 1278 701 figuntur
1308 658 1464 687 manus
1489 654 1698 704 :propter
1719 645 1802 691 bo-

409 729 570 759 norum
619 728 803 774 operum
843 713 1218 772 significationem.
1263 713 1514 772 Longitudo
1556 724 1621 759 est
1661 716 1709 760 in
1750 731 1800 761 ea

406 794 530 844 parte
549 783 682 843 ligni,
707 799 808 844 quae
830 784 885 828 ab
906 784 1001 843 ipso
1020 792 1265 828 transverso
1287 783 1343 828 ad
1363 793 1526 829 terram
1547 785 1706 831 tendit.
1730 786 1799 830 Ibi

407 857 525 899 enim
554 869 712 914 corpus
733 854 1001 913 crucifigitur
1020 889 1032 910 ‚
1057 863 1101 897 et
1129 853 1322 915 quodam
1344 854 1476 899 modo
1499 863 1584 899 stat
1607 874 1616 900 ι
1643 865 1688 899 et
1707 855 1799 915 ipsa

405 925 534 970 statio
545 926 907 985 perseverantiam
921 923 1356 984 significat.Altitudo
1368 934 1516 970 autem
1529 925 1576 969 in
1588 924 1664 971 illo
1676 924 1799 985 ligno
1866 958 1867 962 ,

405 1005 491 1051 est,
516 990 639 1057 quod
660 995 716 1040 ab
737 994 892 1041 eodem
926 1005 1170 1040 transverso
1198 1010 1370 1039 sursum
1406 1011 1553 1040 versus
1577 995 1633 1040 ad
1663 1006 1800 1055 caput

406 1067 570 1111 eminet
593 1082 605 1110 .·
630 1075 674 1110 et
693 1081 744 1110 ea
779 1065 1049 1124 significatur
1087 1080 1377 1125 supernorum
1412 1066 1671 1126 expectatio.
1710 1067 1797 1111 Ubi

406 1135 696 1197 profundum,
712 1137 796 1181 nisi
812 1137 859 1180 in
875 1152 926 1180 ea
946 1145 1069 1195 parte
1090 1152 1191 1195 quae
1205 1146 1332 1181 terrae
1349 1137 1492 1181 defixa
1508 1138 1602 1181 est?
1616 1137 1800 1183 Occulta

406 1215 471 1252 est
491 1207 609 1251 enim
633 1206 789 1266 gratia,
810 1215 855 1250 et
870 1207 918 1250 in
938 1205 1089 1251 abdito
1109 1204 1230 1251 latet.
1250 1209 1348 1252 Non
1370 1207 1545 1252 videtur
1563 1242 1576 1262 ‚
1599 1206 1676 1252 sed
1696 1207 1800 1252 inde

408 1278 572 1322 eminet
602 1276 724 1338 quod
751 1275 942 1321 videtur.
969 1279 1071 1321 Post
1100 1277 1195 1321 haec
1214 1276 1250 1321 si
1281 1277 1663 1336 comprehenderis
1703 1278 1799 1324 haec

409 1348 578 1402 omnia,
608 1363 699 1392 non
725 1346 868 1391 solum
898 1345 1209 1405 intelligendo,
1240 1362 1392 1391 verum
1430 1348 1561 1392 etiam
1594 1347 1795 1407 agendo:

410 1435 432 1460 «
465 1416 750 1476 (Intellectus
769 1417 887 1461 enim
907 1417 1051 1462 bonus
1071 1417 1276 1462 omnibus
1293 1418 1370 1478 qui
1385 1417 1553 1462 faciunt
1570 1421 1702 1462 eum²
1717 1419 1755 1476 :)
1775 1436 1795 1461 n

407 1489 620 1548 tuncjam
638 1488 825 1532 extende
843 1497 910 1542 te,
934 1488 971 1532 si
991 1497 1115 1548 potes
1130 1523 1142 1544 ,
1177 1488 1233 1532 ad
1261 1489 1584 1548 agnoscendam
1611 1489 1798 1547 agnitio-
1862 1515 1863 1519 =

408 1573 511 1603 nem
527 1559 748 1603 charitatis
760 1559 922 1604 Christi
937 1559 1336 1619 supereminentem
1351 1559 1557 1604 scientiae.
1569 1561 1683 1605 Cum
1695 1574 1798 1618 per-
1862 1558 1863 1561 ’

407 1629 599 1685 veneris,
635 1629 912 1689 impleberis,
935 1630 982 1673 in
1003 1644 1179 1674 omnem
1209 1629 1527 1690 plenitudinem
1551 1629 1645 1674 Dei.
1676 1631 1799 1674 Tunc

408 1700 490 1742 erit
516 1699 631 1745 illud
651 1698 759 1744 facie
781 1700 837 1744 ad
877 1699 1050 1743 faciem.
1090 1699 1347 1759 Impleberis
1383 1709 1530 1745 autem
1550 1701 1596 1743 in
1625 1714 1800 1744 omnem

408 1767 731 1828 plenitudinem
752 1767 860 1822 Dei,
884 1781 975 1811 non
996 1776 1046 1811 ut
1067 1768 1133 1811 tui
1154 1770 1310 1826 plenus
1338 1771 1392 1812 sit
1410 1773 1524 1812 Deus
1539 1802 1551 1822 ‚
1583 1769 1660 1812 sed
1680 1777 1731 1812 ut
1750 1778 1800 1813 tu
1860 1816 1861 1819 ,

409 1839 465 1883 sis
486 1839 642 1898 plenus
663 1841 770 1883 Deo.
796 1840 954 1892 Quaere
973 1838 1057 1894 ibi,
1093 1839 1128 1883 si
1155 1847 1300 1898 potes,
1330 1839 1488 1883 faciem
1508 1838 1794 1898 corporalem.
1858 1862 1861 1886 5

409 1913 509 1956 Jam
531 1909 743 1955 tollantur
767 1925 898 1969 nugae
915 1926 939 1954 a
954 1910 1112 1954 mentis
1133 1919 1326 1969 aspectu,
1358 1909 1547 1969 Abjiciat
1567 1925 1677 1970 puer
1696 1925 1799 1970 parm

410 1980 539 2026 vulus
572 1979 740 2025 ludicra
757 2015 768 2036 ,
797 1980 933 2024 discat
971 1989 1156 2024 tractare
1178 1982 1355 2040 majora.
1377 1983 1435 2025 Et
1462 1995 1541 2025 nos
1573 1981 1621 2025 in
1647 1980 1797 2026 multis
1856 1982 1860 2039 ξ

410 2050 583 2112 parvuli
601 2066 750 2095 sumus
777 2069 786 2095 ε
811 2059 966 2094 etcum
988 2049 1086 2110 plus
1108 2066 1241 2110 quam
1259 2066 1409 2094 sumus
1431 2065 1637 2107 essemus,
1661 2067 1687 2096 a
1702 2066 1797 2095 ma·
1816 2096 1822 2104 ,
1856 2045 1860 2099 i

404 2123 574 2184 joribus
594 2121 766 2167 tolerati
785 2136 950 2166 sumus,
980 2139 1002 2163 «
1027 2124 1182 2166 Pacem
1203 2122 1428 2166 sectamini
1446 2120 1546 2166 cum
1564 2122 1791 2177 omnibuS,
1814 2163 1818 2170 .

412 2212 434 2235 »
470 2203 513 2238 et
545 2191 929 2238 sanctificationem
942 2226 958 2247 ,
1007 2191 1100 2235 sine
1140 2207 1227 2252 qua
1263 2207 1394 2237 nemo
1439 2192 1600 2252 poterit
1646 2191 1794 2238 videre
1815 2230 1822 2254 a

413 2282 434 2305 »
468 2267 610 2309 Deum
624 2265 657 2307 ³.
684 2282 704 2305 ι)
726 2265 818 2308 Hac
840 2262 957 2307 enim
978 2271 1021 2307 et
1043 2278 1118 2308 cor
1139 2262 1378 2307 mundatur
1403 2283 1412 2308 :
1438 2264 1540 2324 quia
1561 2264 1622 2308 ibi
1654 2273 1716 2308 est
1737 2264 1793 2307 fi-

410 2336 486 2379 des
506 2352 606 2395 quae
627 2350 707 2395 per
725 2334 1004 2380 dilectionem
1025 2344 1244 2394 operatur.
1276 2336 1388 2380 Hinc
1417 2354 1438 2377 «
1468 2335 1590 2379 Beati
1616 2334 1794 2379 mundi·
1810 2368 1826 2387 2

413 2422 434 2445 »
469 2405 618 2450 cordes
636 2441 646 2461 ,
667 2406 875 2466 quoniam
890 2405 971 2465 ipsi
988 2407 1128 2449 Deum
1143 2404 1371 2449 videbunt.
1395 2423 1416 2446 »

459 2507 470 2521 ¹
491 2500 596 2532 Florus
610 2502 647 2532 ad
666 2502 780 2543 Ephes.
798 2510 845 2533 111.
866 2518 907 2524 —-
929 2508 941 2524 ²
960 2501 1041 2533 Psal.
1060 2511 1111 2538 cx,
1135 2512 1188 2533 10.
1202 2518 1244 2524 —
1260 2500 1272 2525 3
1288 2501 1387 2534 Hebr.
1408 2511 1466 2538 ΧΠ,
1492 2500 1543 2540 14.

1854 2167 1861 2246 ἱ
