1898 3178
334 179 471 207 snxmo
506 178 646 215 nvn,
682 178 735 203 DE
769 177 918 205 ovmus
950 178 993 204 m
1028 175 1172 204 Ezscn.
1403 168 1457 205 65

83 259 104 284 »
138 256 337 302 pascam3
358 261 379 285 n
412 258 502 288 non
521 243 732 287 mentitur
750 242 938 287 dicendo
959 261 968 288 ι
994 261 1014 285 «
1039 246 1137 302 Ipse
1161 253 1308 302 pascet
1334 262 1343 287 :
1372 263 1390 286 »
1417 254 1460 288 et

79 327 181 357 cum
202 311 330 358 dicit:
351 331 372 354 «
392 315 490 372 Ipse
505 322 652 372 pascet
671 333 684 370 3
703 329 724 353 »
746 328 838 357 non
853 313 1064 357 mentitur
1084 312 1270 358 dicendo
1292 332 1302 358 2
1328 332 1348 355 «
1367 315 1462 373 Ego

80 400 102 424 »
137 399 324 443 pascam.
345 385 444 430 Non
465 383 604 429 credis
621 418 633 439 ‚
653 383 797 444 inquit
811 418 822 439 ,
850 385 952 444 quia
973 400 1053 443 ego
1074 384 1120 430 in
1140 387 1288 432 Patre.
1312 394 1356 429 et
1377 388 1462 429 Pa-

79 471 100 495 »
135 463 201 498 ter
215 455 263 498 in
274 469 346 498 me
361 456 455 499 est?
472 453 687 514 Philippe,
707 455 785 514 qui
803 469 871 497 me
887 452 1012 508 vidit,
1032 453 1141 499 vidit
1155 464 1198 499 et
1212 458 1384 500 Patrem
1400 458 1461 498 ¹.»

77 527 212 570 Recte
245 525 404 570 dicitur
430 545 439 570 z
473 544 495 568 «
524 528 620 584 Ego
653 539 826 584 pascam
854 543 863 569 :
890 542 912 565 »
944 534 1060 569 recte
1092 525 1250 570 dicitur
1275 546 1284 571 ;
1313 545 1334 569 «
1367 529 1463 585 Ipse

79 612 100 636 »
133 603 295 654 pascet.
324 614 345 638 »
381 595 609 640 Distinctio
648 604 735 650 est,
761 610 852 639 non
890 595 1131 654 separatioz
1156 600 1295 656 «Ipse
1316 606 1463 657 pascet

78 683 100 707 ³)
135 680 219 710 eas.
241 682 263 708 »
282 666 426 712 Nolite
443 701 454 722 ,
475 681 576 712 oves
591 701 602 722 ,
619 681 926 726 expavescere:
944 682 1034 711 non
1046 666 1267 726 relinquet
1276 684 1351 713 vos
1386 668 1463 728 qui

76 735 184 780 dixit
205 755 214 781 z
244 755 265 779 «
286 739 384 796 Ipse
405 747 552 796 pascet
578 753 662 782 eas.
687 755 708 778 »
734 740 846 782 Deus
869 737 1026 797 pascit,
1052 741 1179 782 Pater
1201 748 1244 782 et
1266 739 1402 782 Filius
1423 748 1466 783 et

77 806 260 866 Spiritus
277 817 452 852 sanctus
479 827 488 853 :
513 809 604 868 ipse
623 811 739 853 Deus
758 808 910 868 pascit.
941 808 1027 852 Sed
1047 807 1356 867 distinguenda
1373 819 1465 854 erat

74 878 216 924 forma
234 880 343 925 servi
365 899 374 925 z
402 895 493 925 non
513 879 753 939 separanda
774 888 818 923 et
833 878 1062 924 alienanda
1084 880 1189 923 etin
1213 879 1340 924 aliam
1363 895 1465 940 pera

74 965 225 995 sonam
238 951 557 996 constituenda.
570 951 753 1010 Accepit
768 950 814 994 in
835 966 879 995 se
901 953 1082 996 Creator
1098 960 1356 1007 creaturam,
1375 967 1466 996 non

73 1030 266 1067 mutatus
288 1031 352 1067 est
373 1025 552 1068 Creator
573 1023 620 1066 in
652 1031 897 1066 creaturam
926 1041 934 1067 ε
966 1024 1195 1082 assumpsit
1227 1023 1347 1083 quod
1375 1039 1465 1068 non

74 1101 165 1136 erat
181 1127 192 1146 ‚
216 1107 306 1136 non
323 1091 465 1136 amisit
485 1090 606 1151 quod
628 1100 734 1135 erat.

131 1163 254 1205 XXI.
285 1180 306 1203 «
330 1164 481 1205 Pascet
502 1176 572 1205 eas
589 1175 735 1204 servus
750 1175 872 1204 meus
895 1160 1045 1205 David.
1064 1164 1161 1220 Ipse
1195 1172 1341 1221 pascet
1367 1179 1458 1219 eaS‚

73 1249 96 1272 »
131 1239 174 1275 et
203 1231 285 1274 erit
306 1231 365 1274 eis
408 1231 454 1274 in
488 1238 705 1289 pastorem
738 1249 746 1273 ε
773 1239 817 1273 et
849 1244 927 1288 ego
959 1231 1173 1275 Dominus
1200 1247 1273 1277 ero
1306 1233 1390 1278 illis
1417 1235 1464 1278 in

73 1319 95 1344 »
130 1304 271 1346 Deum
284 1304 317 1345 2.
344 1318 366 1343 »
391 1300 638 1356 Attendite,
664 1299 816 1344 fratres
842 1320 851 1345 :
875 1300 1021 1345 videte
1044 1302 1256 1346 unitatem
1272 1305 1459 1360 deitatis,

71 1381 115 1416 et
150 1387 434 1431 personarum
464 1380 612 1416 tamen
643 1370 1018 1428 distributionem3
1047 1387 1103 1415 ne
1133 1373 1328 1418 dicamus
1361 1391 1462 1419 eum

71 1457 160 1487 esse
181 1442 342 1486 Filium
361 1442 438 1501 qui
459 1445 587 1486 Pater
605 1450 670 1485 est
686 1475 697 1495 ,
722 1449 798 1484 aut
819 1456 920 1485 eum
934 1456 1024 1485 esse
1038 1445 1211 1486 Patrem
1227 1445 1304 1504 qui
1326 1444 1461 1490 Filius

71 1523 149 1558 est.
175 1515 289 1558 Ecce
307 1512 415 1557 dixit
441 1532 450 1556 ε
479 1531 500 1555 «
521 1515 619 1571 Ipse
641 1520 788 1571 pascet
803 1527 872 1556 eas
900 1531 907 1556 :
927 1530 946 1553 »
973 1512 1049 1572 qui
1063 1513 1195 1572 paulo
1213 1524 1313 1559 ante
1336 1517 1461 1562 dixe-

70 1593 158 1638 rat,
184 1602 203 1625 «
229 1586 322 1641 Ego
343 1596 517 1642 pascam
539 1597 624 1626 eas.
646 1584 702 1626 Et
725 1582 806 1625 erit
827 1582 886 1625 eis
903 1616 913 1636 ‚
939 1582 1105 1641 inquit,
1134 1584 1179 1628 in
1201 1595 1420 1644 pastorem
1447 1608 1456 1632 ε

71 1671 93 1694 »
129 1663 173 1698 et
191 1668 272 1712 ego
283 1653 494 1697 Dominus
512 1666 586 1695 ero
602 1651 686 1694 illis
707 1651 752 1695 in
773 1654 925 1694 Deum.
949 1669 970 1692 »
996 1654 1176 1711 Expone
1201 1656 1343 1712 nobis,
1373 1661 1461 1702 Do-

69 1723 186 1767 mine
212 1741 222 1767 :
246 1736 375 1766 nemo
402 1736 560 1780 aquam
578 1721 749 1775 turbet,
777 1720 897 1780 quod
919 1736 1080 1780 purum
1101 1733 1248 1768 manat
1275 1726 1330 1769 de
1347 1742 1459 1785 puro

68 1793 192 1837 fonte
204 1828 220 1848 ,
243 1801 459 1852 potemus.
478 1790 596 1844 Quid
613 1791 730 1834 enim
751 1791 874 1850 quasi
887 1792 1136 1849 singillatim
1156 1795 1277 1854 quod
1295 1796 1454 1853 dixisti,

72 1883 94 1906 «
127 1863 224 1907 Erit
257 1863 348 1922 ipse
379 1863 424 1906 in
458 1870 697 1921 pastorem,
728 1876 808 1918 ego
830 1876 903 1905 ero
922 1862 969 1904 in
995 1865 1135 1906 Deum
1161 1883 1170 1908 :
1200 1883 1220 1905 »
1245 1875 1457 1927 tanquam

67 1934 159 1992 ipse
180 1933 233 1977 sit
251 1942 395 1992 pastor
406 1941 569 1987 noster,
586 1941 636 1976 tu
659 1932 713 1975 sis
737 1934 852 1975 Deus
872 1936 1048 1977 noster?
1070 1938 1225 1990 Quare,
1252 1939 1451 1994 Domine,

69 2013 120 2050 tu
140 2020 230 2049 non
247 2019 291 2048 es
313 2012 458 2063 pastor
478 2011 624 2048 noster
635 2037 647 2058 ‚
662 2011 705 2046 et
720 2001 793 2046 ille
811 2018 901 2047 non
917 2013 981 2048 est
999 2008 1112 2048 Deus
1129 2010 1303 2050 noster?
1324 2012 1454 2054 Tran-

69 2074 205 2134 quille
226 2075 358 2129 audi,
388 2082 479 2119 esto
504 2082 756 2118 mansuetus
789 2074 843 2118 ad
865 2074 1131 2119 audiendum
1165 2078 1374 2134 verbum,
1406 2090 1457 2125 ut

69 2144 301 2203 intelligas.
323 2147 455 2189 Forte
478 2144 594 2187 enim
612 2142 746 2188 modo
767 2143 890 2188 audit
911 2160 981 2188 me
996 2145 1140 2205 aliqua
1161 2149 1274 2192 auris
1287 2149 1455 2196 diversa

70 2214 259 2259 sentiens
275 2249 287 2269 ‚
313 2224 357 2259 et
377 2215 582 2259 haeretico
602 2229 773 2259 veneno
794 2213 1035 2271 tabefacta,
1061 2225 1104 2261 et
1120 2218 1270 2262 irridet
1290 2235 1361 2264 me
1381 2221 1452 2265 di-

50 2294 241 2330 “centem
266 2288 469 2329 :Patrem
489 2293 533 2328 et
555 2284 716 2328 Filium
749 2301 888 2329 unum
920 2290 1082 2345 Deum3
1109 2304 1209 2333 cum
1237 2306 1328 2335 non
1357 2293 1455 2337 irri-

71 2354 173 2400 deat
200 2364 267 2399 tot
293 2355 429 2400 millia
456 2353 641 2398 fratrum
669 2355 926 2399 habentium
964 2357 1151 2402 animam
1183 2364 1348 2405 unam3
1376 2382 1384 2407 z
1410 2373 1454 2408 et

72 2424 179 2470 dicit
197 2424 307 2469 mihi
327 2443 336 2470 z
358 2427 473 2469 Ecce
495 2433 643 2483 aperte
670 2427 784 2468 Deus
798 2425 925 2470 dicit:
948 2427 1078 2471 «Erit
1099 2428 1158 2473 eis
1174 2429 1219 2473 in
1235 2441 1451 2490 pastorem

120 2515 132 2532 ¹
152 2510 243 2543 Joan.
266 2519 334 2551 xiv,
351 2520 386 2552 9,
403 2520 454 2543 10.
475 2525 515 2533 —-
537 2514 550 2531 ²
570 2507 685 2541 Ezech.
705 2519 815 2551 xxxiv,
834 2509 889 2552 24.
912 2526 950 2534 -
974 2508 987 2533 3
1007 2513 1137 2555 Achiv,
1155 2514 1207 2547 32.

232 2571 369 2603 cxxv.
1242 2567 1266 2606 5
