1898 3178
420 247 559 275 sunno
589 246 699 285 Lxx,
734 247 788 275 mi
820 247 966 274 VERBIS
997 243 1161 275 ΜΑΤΤΗ.
1197 245 1260 273 xi.
1450 234 1532 273 283

156 313 308 367 litatis,
340 320 383 356 et
412 311 637 371 pervenies
657 310 711 355 ad
741 309 964 370 fastigium
984 310 1218 356 charitatis.
1251 310 1458 355 Conversi
1479 309 1534 354 ad

155 383 414 437 Dominum,
436 390 520 426 etc.

155 551 507 568 mmmmm
792 547 1535 565 *mmmmmmmmm

631 689 860 736 SERMO
897 689 1027 734 LXX
1042 687 1073 734 ¹.

155 865 346 907 Rursum
373 861 428 906 de
459 862 600 906 verbis
622 860 845 920 Evangelii
864 861 1022 905 Matth.
1048 877 1095 904 n
1123 878 1132 905 ε
1163 858 1341 905 Venite
1368 857 1440 904 ad
1464 875 1539 904 me

213 947 376 976 omnes
406 933 490 989 qui
509 930 773 988 laboratis,
808 939 853 976 et
874 930 1067 975 onerati
1085 930 1226 985 estis,
1251 939 1296 974 et
1318 945 1406 992 ego
1430 931 1540 990 refi-

212 1002 343 1046 ciam
364 1016 448 1047 vos
460 1037 475 1058 ,
501 1011 588 1046 etc.

214 1174 249 1214 I.
272 1174 431 1215 Mmtm
447 1170 710 1229 quibusdam
731 1169 920 1222 videtur,
940 1170 1096 1212 fratres
1109 1168 1215 1223 mei,
1236 1183 1338 1213 cum
1354 1168 1540 1213 audiunt

153 1241 390 1286 Dominum
412 1239 629 1284 dicentem
650 1258 659 1284 ε
681 1258 700 1281 «
721 1240 878 1283 Venite
899 1239 954 1283 ad
971 1254 1040 1282 me
1057 1254 1206 1283 omnes
1220 1239 1296 1299 qui
1314 1239 1536 1295 laboratis,

158 1331 178 1354 »
205 1322 249 1356 et
283 1311 448 1356 onerati
480 1311 601 1365 estis,
643 1319 686 1354 et
722 1326 803 1369 ego
835 1311 1024 1354 reficiam
1062 1325 1152 1354 VOS.
1195 1310 1350 1354 Tollite
1382 1312 1539 1370 jugum

158 1400 179 1423 »
205 1397 350 1426 meum
372 1396 501 1440 super
514 1396 590 1425 vos
605 1415 616 1435 ‚
640 1389 684 1425 et
705 1380 856 1424 discite.
878 1397 901 1424 a
923 1395 993 1423 me
1013 1381 1219 1439 quoniam
1241 1381 1357 1424 mitis
1379 1396 1475 1424 sum
1497 1389 1540 1424 et

159 1469 180 1493 »
206 1451 383 1495 humilis
404 1450 559 1505 corde,
591 1458 635 1494 et
654 1450 878 1494 invenietis
899 1450 1093 1510 requiem
1122 1450 1347 1493 animabus
1369 1450 1535 1494 vestris.

158 1540 179 1563 ῃ
205 1524 231 1566 J
235 1537 369 1580 ugum
385 1522 498 1565 enim
516 1536 664 1564 meum
684 1520 782 1564 lene
798 1530 886 1576 est,
907 1530 951 1565 et
966 1520 1131 1565 sarcina
1146 1536 1240 1565 mea
1262 1519 1367 1564 levis
1384 1524 1494 1565 est22
1514 1540 1533 1561 >›

156 1601 200 1636 et
220 1591 496 1637 considerant
514 1606 585 1635 eos
609 1591 684 1650 qui
701 1591 857 1649 jugum
877 1592 1018 1651 ipsum
1043 1591 1257 1651 intrepida
1276 1592 1442 1636 cervice
1463 1607 1537 1636 su-

155 1662 331 1706 bierunt
350 1670 393 1705 et
408 1661 529 1704 iliam
549 1661 757 1712 sarcinam
774 1661 1125 1705 mansuetissimis
1142 1661 1334 1705 humeris
1357 1677 1538 1721 accepe-

155 1741 260 1776 runt
272 1766 283 1786 ‚
304 1731 434 1775 tantis
448 1731 599 1789 agitari
617 1740 660 1774 et
677 1730 862 1774 exerceri
879 1729 1212 1774 difficultatibus
1225 1731 1356 1790 hujus
1373 1732 1535 1787 saeculi,

154 1811 205 1847 ut
226 1817 315 1847 non
343 1817 366 1845 a
388 1801 610 1846 laboribus
634 1800 688 1845 ad
715 1801 928 1861 quietem,
953 1800 1028 1845 sed
1050 1815 1074 1844 a
1093 1801 1240 1861 quiete
1263 1801 1318 1845 ad
1343 1801 1538 1846 laborem

155 1874 298 1918 vocati
322 1871 579 1916 videantur:
603 1887 703 1916 cum
726 1881 769 1916 et
796 1871 1030 1931 Apostolus
1063 1871 1180 1916 dicat
1203 1891 1212 1917 :
1237 1891 1256 1914 «
1281 1873 1440 1917 Omnes
1462 1874 1538 1933 qui

159 1960 179 1984 »
205 1942 413 1987 voluntin
429 1943 602 1987 Christo
615 1942 684 2001 pie
696 1942 857 1997 vivere,
871 1943 1215 2002 persecutionem
1234 1943 1494 2002 patientur&
1514 1962 1534 1985 »

156 2013 228 2057 Ait
242 2027 345 2071 ergo
367 2012 544 2072 aliquis:
569 2011 796 2065 Quomodo
807 2014 964 2073 jugum
987 2013 1084 2056 lene
1106 2022 1190 2067 est,
1217 2021 1260 2056 et
1286 2013 1452 2057 sarcina
1471 2014 1536 2057 le-

155 2083 243 2138 vis,
269 2082 627 2142 quandoquidem
650 2082 761 2127 illud
777 2084 933 2143 jugum
967 2092 1010 2127 et
1031 2083 1240 2128 sarcinam
1263 2082 1377 2127 ferre
1393 2118 1404 2138 ‚
1429 2083 1538 2128 nihil

156 2162 220 2197 est
238 2152 374 2208 aliud,
397 2167 530 2212 quam
551 2153 622 2212 pie
646 2153 791 2198 vivere
812 2154 857 2197 in
887 2155 1087 2199 Christo?
1109 2157 1165 2198 Et
1186 2153 1408 2214 quomodo
1430 2154 1539 2199 dici-

155 2231 254 2267 tur:
278 2240 298 2264 «
322 2222 479 2266 Venite
503 2222 559 2266 ad
572 2238 642 2267 me
663 2238 812 2268 omnes
834 2224 911 2283 qui
930 2223 1153 2278 laboratis,
1174 2233 1217 2267 et
1234 2225 1401 2268 onerati
1421 2226 1535 2280 estis,

159 2310 180 2334 »
204 2301 248 2336 et
278 2307 360 2351 ego
389 2291 580 2336 reficiam
607 2308 683 2338 vos
711 2313 719 2338 :
746 2312 764 2335 »
790 2309 839 2338 ac
868 2309 958 2339 non
987 2295 1131 2354 potius
1163 2293 1324 2338 dieitur
1347 2310 1355 2335 ε
1383 2295 1538 2340 Venite

155 2363 232 2422 qui
259 2363 420 2407 vacatis
436 2397 446 2417 ,
491 2371 541 2406 ut
580 2362 784 2408 laboretis
805 2366 823 2409 P
868 2367 977 2410 Nam
1020 2374 1063 2409 et
1100 2374 1301 2409 vacantes
1343 2365 1508 2410 invenit
1523 2401 1534 2421 ‚

155 2447 264 2493 quos
281 2431 491 2477 conduxit
511 2433 555 2476 in
576 2433 746 2478 vineam
757 2436 790 2490 4,
820 2444 869 2480 ut
889 2435 1053 2479 ferrent
1074 2443 1228 2479 aestum
1257 2435 1357 2479 diei.
1380 2438 1437 2480 Et
1455 2437 1538 2480 sub

203 2534 214 2550 ¹
239 2526 323 2559 Alias
339 2538 361 2569 9
382 2527 423 2560 de
443 2527 552 2561 verbis
577 2528 713 2562 Domini.
733 2546 774 2553 —
799 2536 812 2553 ²
832 2529 946 2562 Matth.
971 2541 1014 2571 xx,
1032 2529 1150 2562 28-30.
1170 2547 1212 2553 —
1232 2528 1245 2553 3
1263 2539 1282 2563 2
1300 2531 1382 2563 Tim.
1403 2542 1452 2572 ιιι,
1481 2539 1534 2564 12.

161 2598 202 2606 —
217 2582 234 2614 ⁴
250 2583 370 2617 Matth.
390 2594 447 2625 xx,
465 2584 498 2626 4.
