1898 3178
319 193 455 220 SERMO
488 193 618 230 mxlv,
655 193 707 218 DE
744 190 886 219 VERsstS
919 188 1082 218 MATTH.
1120 191 1163 216 x.
1348 179 1432 217 255

0 274 3 319 !
57 264 174 299 retur
197 275 205 299 :
239 256 487 300 columbam
517 271 619 300 vero
652 271 827 300 securus
849 256 1032 299 imitare.
1059 255 1248 299 Attende
1266 254 1439 298 colum-

56 325 132 368 bas
175 326 219 368 in
255 327 459 371 societate
486 325 674 383 gaudere
709 345 717 369 :
752 326 916 385 ubique
955 324 1081 369 simul
1113 323 1286 378 volant,
1311 324 1439 367 simul

56 404 312 453 pascuntur,
338 395 497 439 nolunt
515 410 603 439 esse
625 395 751 449 solae,
773 396 1082 440 communione
1105 393 1321 453 gaudent,
1342 394 1442 437 cha-

55 464 228 508 ritatem
261 474 460 519 servant,
498 465 732 524 gemitibus
754 465 910 508 amoris
945 473 1252 521 murmurant3
1284 463 1442 507 osculis

55 533 165 578 filios
188 543 408 591 generant.
433 537 543 580 Nam
566 536 743 595 quando
765 534 984 579 columbae
1000 570 1011 589 ,
1040 534 1161 594 quod
1182 533 1443 594 plerumque

57 602 321 649 advertimus
340 640 351 660 ,
376 606 489 649 inter
524 621 567 650 se
604 606 800 650 rixantur
828 604 883 648 de
911 604 1078 649 cellulis
1111 605 1218 659 suis,
1250 603 1443 665 quodam

54 673 188 719 modo
221 684 374 734 pacata
395 676 617 722 contentio
641 685 719 720 est.
749 674 977 735 Numquid
996 676 1098 735 quia
1118 676 1312 720 rixantur
1329 710 1341 730 ,
1374 690 1443 718 se—

56 749 296 804 parantur?
317 746 456 790 Simul
477 747 643 802 volant,
668 746 798 792 simul
815 761 1076 806 pascuntur,
1098 754 1141 790 et
1157 746 1247 804 ipsa
1265 745 1379 789 inter
1400 761 1444 789 se

56 825 207 875 pacata
220 826 282 861 est
296 818 566 862 rixa.Videte
579 819 714 862 rixam
730 817 1054 862 columbarum.
1067 816 1300 875 Apostolus
1313 817 1419 861 dicit
1433 835 1442 861 :

62 905 82 929 «
118 888 161 932 Si
185 888 282 947 quis
300 889 436 933 verbo
458 897 607 933 nostro
629 904 718 934 non
742 888 925 933 obaudit
947 904 1024 949 per
1046 886 1271 947 epistolam
1291 923 1301 942 ,
1326 889 1446 931 hunc

58 975 79 998 »
113 966 262 1002 notate
277 993 288 1013 ,
314 968 358 1003 et
380 958 516 1003 nolite
533 959 802 1004 commisceri
820 975 921 1004 cum
942 974 996 1003 eo
1010 961 1041 1002 ¹.
1057 977 1077 1000 »
1099 961 1212 1003 Ecce
1230 958 1321 1002 rixa
1341 977 1349 1002 z
1371 959 1447 1002 sed

15 1040 19 1070 5
57 1028 232 1072 attende
253 1029 461 1089 quoniam
497 1029 800 1082 columbarum
840 1030 929 1074 rixa
966 1038 1054 1085 est,
1093 1045 1183 1074 non
1218 1029 1442 1089 luporum.

17 1119 23 1126 ’
55 1099 277 1144 Continuo
295 1100 482 1160 subjecit
504 1119 513 1144 :
548 1119 567 1141 «
585 1103 641 1144 Et
663 1116 753 1145 non
769 1109 820 1144 ut
839 1100 1062 1144 inimicum
1086 1100 1351 1155 existimetis,
1371 1098 1447 1143 sed

60 1189 82 1213 »
117 1171 321 1230 corripite
344 1180 394 1216 ut
416 1170 592 1216 fratrem
608 1174 670 1215 2.»
697 1172 913 1217 Columba
937 1181 1053 1216 amat
1075 1181 1119 1216 et
1139 1171 1317 1232 quando
1340 1172 1447 1216 rixa-

59 1250 128 1286 tur
153 1261 162 1286 :
184 1241 314 1301 lupus
337 1242 429 1286 odit
456 1252 498 1287 et
530 1242 708 1302 quando
731 1242 972 1287 blanditur.
1004 1241 1322 1288 Columbarum
1344 1258 1447 1302 ergo

55 1311 375 1374 simplicitatem
397 1312 606 1356 habentes
623 1347 633 1366 ‚
659 1321 702 1356 et
724 1313 925 1357 astutiam
951 1321 1218 1372 serpentum,
1237 1312 1447 1357 solemnia

53 1384 298 1439 Martyrum
316 1381 531 1426 celebrate
552 1383 599 1426 in
616 1382 850 1427 sobrietate
868 1383 1026 1426 mentis
1038 1417 1049 1438 ,
1069 1397 1160 1426 non
1176 1383 1222 1426 in
1239 1382 1448 1426 ebrietate

54 1452 214 1496 ventris
232 1488 242 1508 ‚
269 1455 359 1497 Deo
381 1451 531 1497 laudes
557 1453 701 1497 dicite.
730 1456 827 1512 Ipse
850 1460 915 1496 est
942 1452 1059 1496 enim
1092 1452 1301 1497 Dominus
1332 1455 1448 1496 Deus

56 1531 223 1577 noster,
262 1523 338 1582 qui
370 1525 614 1581 Martyrum
647 1526 791 1581 Deus3
821 1524 914 1583 ipse
951 1531 1183 1568 coronator
1212 1531 1373 1567 noster.
1403 1522 1448 1567 Si

55 1592 167 1637 bene
193 1592 346 1638 luctati
368 1591 577 1638 fuerimus
593 1629 604 1649 ,
629 1609 895 1639 coronamur
926 1594 980 1638 ab
1015 1609 1067 1638 eo
1083 1628 1094 1650 ‚
1119 1593 1195 1654 qui
1222 1592 1447 1639 coronavit

0 1673 27 1716 ,εν
56 1679 127 1709 eos
145 1679 254 1724 quos
275 1664 439 1708 imitari
455 1664 819 1724 concupiscimus.

100 1763 113 1781 ¹
131 1769 150 1793 2
164 1760 275 1794 Thess.
297 1771 347 1802 ιιι,
366 1760 416 1803 14.
435 1777 474 1784 -
491 1767 503 1783 ²
522 1760 604 1793 lbid.
631 1760 682 1793 15.
