1898 3178
421 189 504 227 230
850 198 882 224 s.
920 197 1150 224 AUGUSTINI
1183 195 1362 223 Emscom

419 280 540 320 rum,
564 266 787 317 hortatur,
818 270 861 305 et
887 261 993 306 dicit
1010 262 1114 307 tibi:
1147 265 1274 318 Pete,
1306 276 1476 322 quaere,
1507 260 1646 321 pulsa.
1682 261 1801 313 «Qui
1848 288 1861 318 ἰ,
1888 257 1898 285 ²¹

421 353 444 378 »
477 335 608 395 petit,
632 333 806 392 accipit:
835 347 1034 392 quaerens
1054 333 1244 378 invenit:
1269 333 1460 392 pulsanti
1481 334 1699 394 aperietur
1719 336 1751 380 ¹.
1777 351 1797 376 »
1848 334 1853 424 ἱ
1889 329 1896 357 ¹'

423 409 635 452 Hortatur
656 413 706 448 ut
726 411 846 463 petas
869 422 880 449 z
903 404 1078 462 negabit
1093 403 1214 464 quod
1235 405 1371 464 petis?
1849 425 1853 456 t
1892 388 1898 427 l

479 478 532 519 V.
548 473 995 520 Attendeacontrario
1006 472 1327 518 similitudinem
1341 474 1411 518 vel
1419 475 1802 534 comparationem,

424 548 537 592 sicut
558 544 613 589 de
630 544 705 589 illo
721 544 854 590 divite
868 548 885 572 ²
910 545 1084 606 iniquo,
1113 546 1361 589 hortantem
1375 560 1454 589 nos
1471 545 1525 589 ad
1542 547 1781 590 orationem
1793 581 1804 602 ,

424 616 603 677 quando
620 616 679 660 ait
698 615 934 660 Dominus:
963 635 983 658 «
999 615 1294 676 Erat'quidam
1309 615 1443 675 judex
1457 616 1502 660 in
1519 616 1712 672 civitate,
1732 617 1809 676 qui

425 708 443 730 »
478 702 559 732 nec
583 689 723 731 Deum
752 687 959 743 timebat,
982 701 1063 732 nec
1087 687 1308 731 hominem
1342 686 1635 731 reverebatur.
1677 690 1810 740 Quae-

424 776 447 801 »
481 757 584 804 dam
622 757 755 803 vidua
795 757 1101 818 interpellabat
1131 773 1232 801 eum
1269 757 1466 817 quotidie
1486 790 1497 813 ,
1529 767 1572 802 et
1613 758 1808 804 dicebat:
1851 756 1854 797 ῑ
1892 750 1898 767 “

429 847 450 872 >i
486 828 670 873 Vindica
691 843 777 873 me.
799 829 985 874 Nolebat
1011 828 1084 872 ille
1105 843 1182 889 per
1203 838 1376 888 tempus
1399 830 1414 855 3
1433 848 1441 875 :
1465 848 1485 871 »
1511 829 1584 873 illa
1605 829 1813 888 interpel—
1890 821 1896 853 1

426 900 517 944 lare
550 915 641 944 non
661 898 913 944 desinebat:
937 909 980 944 et
996 898 1101 944 fecit
1117 898 1270 954 taedio,
1307 900 1427 959 quod
1448 899 1625 944 nolebat
1648 900 1814 944 benefi-
1892 902 1898 921 ἴ*

430 970 513 1015 cio.
537 970 605 1016 Sic
626 970 743 1014 enim
765 985 789 1014 a
810 970 1028 1014 contrario
1049 985 1128 1014 nos
1149 969 1377 1014 admonuit
1392 979 1442 1014 ut
1463 979 1675 1029 petamus.
1892 977 1896 995 ³

485 1042 563 1085 VI.
593 1040 760 1084 «Venit
776 1074 788 1095 ,
813 1041 958 1100 inquit
973 1074 984 1095 ,
1009 1039 1064 1085 ad
1086 1041 1274 1084 amicum
1296 1056 1447 1096 suum,
1474 1042 1544 1085 cui
1564 1042 1720 1101 hospes
1744 1056 1818 1086 ve*-
1865 1071 1867 1074 <
1890 1026 1898 1067 3

429 1128 452 1154 »
486 1121 612 1155 nerat
626 1146 637 1167 ‚
658 1120 702 1155 et
723 1111 857 1171 coepit
876 1111 1048 1171 pulsare
1063 1146 1075 1166 ‚
1101 1120 1144 1156 et
1159 1111 1302 1155 dicere
1324 1131 1332 1156 :
1358 1114 1522 1172 Hospes
1543 1113 1652 1156 mihi
1676 1113 1815 1170 venit,

433 1199 457 1224 »
490 1181 721 1227 commoda
735 1182 843 1226 mihi
858 1191 943 1227 tres
957 1182 1817 1243 panes.Responditille:Jamrequiesco,
1865 1170 1867 1191 Α
1892 1175 1898 1208 ²

434 1269 456 1294 »
491 1262 535 1297 et
550 1268 724 1298 mecum
751 1254 862 1299 servi
887 1253 974 1298 mei
991 1254 1282 1313 requiescunt.
1303 1253 1382 1298 Ille
1397 1270 1486 1299 non
1503 1264 1660 1310 cessat,
1694 1263 1818 1311 astat,
1858 1265 1868 1293 ἵ
1891 1251 1898 1278 E

433 1341 457 1366 n
491 1324 644 1380 instat,
662 1324 830 1383 pulsat,
860 1334 905 1369 et
927 1334 1137 1385 tanquam
1161 1326 1324 1370 amicus
1348 1326 1402 1370 ab
1421 1327 1559 1370 amico
1585 1326 1816 1371 mendicat.

440 1412 463 1436 n
495 1397 554 1440 Et
583 1395 692 1455 quid
713 1396 798 1441 ait?
821 1396 926 1441 Dico
948 1395 1097 1451 vobis,
1132 1396 1235 1456 quia
1264 1397 1423 1455 surgit,
1460 1405 1504 1440 et
1529 1411 1619 1440 non
1648 1406 1823 1457 propter
1891 1393 1898 1436 l

440 1483 464 1508 »
499 1466 733 1510 amicitiam
747 1468 860 1526 ejus,
881 1467 957 1511 sed
973 1477 1151 1527 propter
1167 1467 1491 1526 improbitatem
1521 1467 1594 1512 dat
1607 1467 1670 1511 illi
1690 1481 1824 1528 quan·
1891 1464 1898 1491 U

442 1553 465 1578 »
500 1545 567 1581 tos
588 1535 776 1581 voluerit
795 1539 826 1580 4.
846 1555 867 1578 »
892 1540 989 1583 Non
1012 1547 1188 1597 propter
1210 1538 1466 1593 amicitiam,
1492 1539 1689 1598 quamvis
1718 1538 1824 1582 ami«
1892 1534 1896 1561 ῑ

441 1621 517 1650 cus
548 1606 629 1660 sit,
671 1606 744 1650 sed
788 1616 966 1666 propter
997 1607 1336 1667 improbitatem.
1378 1608 1493 1661 Quid
1522 1617 1585 1652 est
1605 1643 1614 1664 ,
1652 1617 1826 1668 propter
1891 1606 1898 1633 ὓ

440 1676 797 1737 improbitatem?
835 1678 947 1731 Quia
974 1677 1147 1737 pulsare
1179 1694 1269 1723 non
1297 1679 1490 1724 destitit:
1521 1680 1623 1739 quia
1653 1688 1696 1723 et
1730 1682 1854 1723 cum·
1891 1663 1898 1704 l

441 1756 552 1792 esset
567 1756 798 1806 negatum,
822 1763 913 1793 non
927 1764 972 1794 se
993 1751 1162 1793 avertit.
1182 1749 1262 1794 Ille
1273 1751 1350 1810 qui
1367 1750 1545 1795 nolebat
1562 1752 1688 1806 dare,
1712 1747 1828 1810 quod
1891 1733 1898 1845 ἒ

1891 1894 1898 1916 δ

1891 1968 1898 1988 l.

1892 2024 1898 2057 l

1892 2103 1898 2129 (

1861 542 1898 585 ¹l

1860 609 1898 671 {s}

1890 684 1898 711 Γ

441 1817 673 1877 petebatur
694 1816 820 1872 fecit,
844 1820 947 1878 quia
967 1818 1040 1863 ille
1070 1820 1116 1863 in
1137 1821 1327 1879 petendo
1349 1836 1438 1865 non
1459 1820 1633 1865 defecit.
1659 1824 1830 1874 Quanto

446 1889 582 1947 magis
603 1888 727 1932 dabit
746 1889 912 1945 bonus,
940 1890 1018 1950 qui
1036 1906 1116 1935 nos
1129 1891 1331 1934 hortatur
1347 1900 1396 1935 ut
1414 1899 1637 1950 petamus,
1654 1893 1725 1936 cui
1744 1891 1829 1936 dis-⁸
1892 1888 1897 1894 ’

446 1958 603 2019 plicet,
628 1959 662 2004 si
692 1975 781 2005 non
808 1962 1033 2019 petamus?
1061 1959 1146 2005 Sed
1168 1975 1269 2004 cum
1292 1960 1528 2020 aliquando
1548 1961 1712 2006 tardius
1735 1961 1830 2018 dat}
1896 1960 1898 1962 ’

446 2028 726 2075 commendat
741 2029 881 2086 dona,
900 2045 990 2075 non
1011 2039 1156 2090 negat.
1178 2031 1263 2074 Diu
1284 2029 1546 2087 desiderata,
1571 2031 1742 2077 dulcius
1759 2026 1833 2077 oh*-

448 2101 666 2146 tinentur:
690 2101 778 2146 cito
796 2109 942 2145 autem
963 2099 1086 2152 data,
1109 2101 1336 2146 vilescunt.
1359 2105 1463 2146 Pete
1478 2137 1489 2156 ,
1514 2118 1684 2162 quaere,
1706 2104 1828 2147 insta:

450 2171 646 2217 Petendo
662 2180 706 2216 et
727 2170 966 2231 quaerendo
987 2171 1163 2229 crescis,
1187 2180 1237 2216 ut
1256 2173 1412 2231 capias.
1432 2174 1582 2217 Servat
1599 2173 1680 2217 tibi
1701 2176 1830 2227 Deus,
1865 2211 1869 2214 .
1893 2173 1898 2199 ἒ

451 2241 573 2303 quod
593 2257 683 2287 non
700 2240 796 2287 vult
818 2241 906 2286 cito
924 2240 1049 2300 dare3
1067 2250 1116 2286 ut
1138 2250 1180 2285 et
1199 2251 1247 2286 tu
1262 2242 1398 2287 discas
1414 2256 1570 2301 magna
1587 2257 1744 2302 magne
1761 2241 1835 2286 des
1893 2243 1898 2270 1

454 2313 654 2358 siderare.
683 2330 702 2353 «
720 2310 829 2357 Inde
850 2321 1023 2371 oportet
1042 2327 1212 2371 semper
1233 2325 1356 2357 orare
1370 2347 1380 2367 ,
1407 2322 1450 2357 et
1465 2327 1554 2357 non
1573 2312 1758 2357 deficere
1772 2315 1830 2356 ⁵.»
1893 2314 1898 2335 ¹

514 2384 615 2426 VII.
639 2381 683 2427 Si
697 2396 799 2440 ergo
811 2415 823 2437 ,
842 2379 994 2426 fratres
1011 2382 1118 2437 mei,
1137 2382 1360 2427 mendicos
1376 2394 1476 2427 suos
1491 2396 1569 2426 nos
1582 2381 1686 2426 fecit
1705 2385 1831 2436 Deus,
1894 2384 1898 2411 ³

509 2483 519 2500 ¹
538 2477 651 2510 Matth.
670 2488 729 2518 vu,
749 2488 833 2519 7.—
853 2485 866 2502 ²
884 2475 988 2511 Forte
1001 2477 1122 2517 judice.
1145 2494 1184 2501 -—
1206 2476 1218 2501 3
1235 2480 1310 2510 Luc.
1339 2489 1425 2520 xviu,
1452 2477 1527 2519 2-4.
1543 2495 1584 2501 --
1602 2475 1615 2507 4
1639 2479 1685 2509 Id.
1705 2474 1830 2518 x1,5-8.

465 2548 506 2555 —
524 2529 539 2555 5
557 2532 603 2563 ld.
629 2544 719 2571 nm,
743 2543 770 2563 ι.

1859 2569 1864 2808 ἐ

1860 2809 1864 2959 l

1860 3022 1889 3178 i
