1898 3178
409 273 492 310 102
697 284 701 288 ·
847 277 880 306 s.
916 277 1146 307 Auenscrrm
1182 280 1361 311 eriscom

407 348 453 391 in
483 345 689 390 membris
715 358 959 403 repugnans
987 341 1072 400 legi
1100 344 1288 391 mentis:
1319 345 1422 404 quia
1454 362 1475 388 «
1505 346 1557 388 In
1587 343 1684 390 loco
1706 344 1788 389 isto

411 435 430 458 »
466 415 582 459 dabo
602 428 776 473 pacem,
797 412 904 457 dicit
926 412 1136 457 Dominus
1153 415 1433 459 exercituum.
1461 431 1482 457 >›

463 488 588 530 XIII.
615 487 722 529 Nam
745 482 800 526 de
821 492 1076 543 contemptu
1105 484 1265 527 terreni
1294 485 1388 528 auri
1419 493 1463 528 et
1490 484 1660 542 argenti
1692 501 1792 545 quae

407 556 636 615 Prophetae
660 553 829 608 dicant,
854 553 951 612 quis
972 552 1175 597 adversus
1198 553 1366 598 divinas
1379 568 1506 597 voces
1528 562 1616 599 tam
1636 554 1794 599 surdus

405 635 470 671 est
487 660 499 680 ‚
520 633 567 668 ut
589 625 790 681 ignoret?
815 623 883 668 Sic
906 623 1023 667 enim
1044 622 1109 667 illi
1138 622 1192 666 ad
1221 622 1500 682 decipiendos
1520 623 1718 668 homines
1739 625 1795 668 de

405 694 614 755 Apostolo
636 693 865 753 proferunt
882 694 1003 753 quod
1022 693 1080 737 ait
1106 712 1116 739 :
1141 712 1161 735 «
1184 693 1323 737 Radix
1344 702 1408 737 est
1429 702 1574 738 autem
1598 695 1794 739 omnium

406 784 426 806 n
461 764 677 809 malorum
700 765 892 819 avaritia,
919 779 1051 823 quam
1072 763 1252 823 quidam
1276 772 1487 809 sectantes
1506 779 1529 808 a
1552 764 1640 808 fide
1653 779 1794 823 perer-

405 854 425 878 »
461 842 668 879 raverunt
682 868 694 887 ,
720 843 763 878 et
784 834 1062 878 inseruerunt
1081 848 1126 876 se
1144 831 1368 878 doloribus
1389 833 1563 877 multis1
1582 868 1593 888 ,
1624 852 1644 875 »
1670 835 1794 894 quasi
1847 882 1850 884 ,

391 905 530 950 ,facile
563 905 756 949 invenias
790 904 982 964 aliquem
1015 903 1178 947 librum
1211 912 1412 949 veterum
1443 904 1790 962 Scripturarum,

403 976 482 1020 ubi
500 990 589 1019 non
611 974 813 1033 culpetur
831 974 1023 1028 avaritia,
1040 982 1083 1017 et
1098 973 1231 1032 digna
1247 973 1518 1018 execratione
1539 972 1790 1018 damnetur.

407 1045 492 1090 Sed
512 1046 613 1104 quia
636 1044 691 1088 de
714 1060 820 1089 auro
843 1053 886 1088 et
921 1052 1100 1102 argento
1135 1058 1254 1087 nunc
1276 1044 1459 1102 quaestio
1489 1052 1552 1087 cst
1568 1077 1579 1098 ,
1605 1058 1684 1088 cur
1705 1058 1796 1088 non
1851 1081 1855 1083 .

405 1115 592 1160 audiunt
611 1116 872 1173 Prophetam
891 1115 1107 1158 dicentem
1128 1133 1137 1158 ε
1163 1132 1184 1155 «
1207 1114 1290 1158 Sed
1308 1123 1350 1158 et
1369 1123 1792 1172 argentumcorum,

407 1204 427 1226 »
463 1194 507 1228 et
524 1200 679 1229 aurum
703 1199 854 1228 eorum
872 1199 961 1228 non
979 1183 1140 1242 poterit
1160 1183 1346 1228 liberare
1364 1199 1437 1228 eos
1453 1184 1500 1227 in
1522 1184 1593 1229 die
1613 1184 1689 1229 irae
1711 1187 1794 1229 Do-

407 1273 428 1298 »
464 1255 570 1300 mini
587 1257 636 1298 2Ρ
663 1272 682 1297 »
711 1257 803 1300 Hoc
821 1254 963 1299 solum
979 1255 1013 1298 si
1029 1254 1258 1313 quisquam
1283 1254 1429 1299 sitiens
1451 1254 1621 1309 audiat,
1647 1263 1691 1298 et
1707 1255 1795 1299 ani·

404 1341 488 1370 mae
510 1340 600 1369 suae
621 1323 823 1368 medullis
839 1322 1059 1378 infundat,
1080 1338 1226 1368 nonne
1248 1339 1292 1368 se
1313 1333 1455 1368 totum
1475 1340 1499 1368 a
1521 1323 1795 1369 blandimen-

405 1396 460 1440 tis
496 1394 615 1439 falsae
645 1394 862 1439 felicitatis
898 1393 1090 1438 alienans
1107 1429 1118 1448 ,
1155 1395 1200 1437 in
1237 1394 1485 1453 amplexum
1522 1395 1624 1450 Dei,
1650 1404 1796 1440 vetere

405 1465 583 1510 homine
605 1473 759 1515 exutus
780 1473 829 1507 ut
846 1479 890 1508 se
912 1463 1237 1508 immortalitate
1260 1465 1503 1523 cooperiat,
1533 1464 1795 1510 advocabit?

409 1536 495 1580 Sed
516 1535 625 1594 quid
641 1536 730 1594 jam
753 1533 916 1579 diutius
938 1533 992 1577 de
1013 1535 1096 1579 hac
1114 1535 1354 1593 quaestione
1373 1537 1633 1580 tractemus?
1650 1535 1794 1581 Credo

407 1623 497 1653 esse
518 1607 795 1651 manifestum
819 1606 1031 1651 Charitati
1055 1609 1241 1662 Vestrae,
1266 1608 1611 1653 Manichaeorum
1632 1617 1794 1654 sectam

406 1694 498 1723 non
515 1666 717 1733 veritate,
741 1678 817 1723 sed
838 1677 994 1723 fraude
1012 1692 1138 1735 agere
1159 1693 1259 1722 cum
1280 1679 1513 1738 imperitis,
1538 1689 1589 1724 ut
1605 1681 1794 1739 Scriptu-

408 1764 476 1793 ras
500 1763 590 1792 non
611 1757 720 1792 totas
746 1749 846 1792 totis
861 1783 873 1803 ,
899 1764 1031 1794 novas
1052 1749 1272 1794 veteribus
1295 1748 1560 1808 praeferant,
1591 1749 1668 1794 sed
1695 1762 1794 1794 sen·

409 1818 565 1863 tentias
590 1818 859 1877 excerpendo
875 1853 886 1873 ,
921 1834 1031 1878 quas
1051 1817 1174 1863 velut
1197 1819 1394 1863 adversas
1415 1819 1496 1863 sibi
1521 1835 1610 1863 esse
1632 1834 1794 1864 conan⁴

409 1899 482 1934 tur
499 1888 747 1943 ostendere,
767 1898 817 1934 ut
838 1889 1054 1948 decipiant
1075 1889 1311 1948 imperitos.
1337 1889 1467 1934 Nulla
1489 1899 1552 1934 est
1568 1900 1715 1934 autem
1739 1890 1795 1935 de

408 1959 501 2017 ipso
519 1960 641 2002 Novo
666 1956 940 2002 Testamento'
959 1957 1028 2002 vel
1045 1958 1241 2016 Apostoli
1259 1958 1473 2017 Epistola,
1498 1959 1568 2004 vel
1585 1961 1715 2004 etiam
1731 1959 1808 2003 ·li-·

409 2030 487 2073 ber
503 2028 745 2086 Evangelii,
764 2028 819 2072 de
836 2044 924 2088 quo
941 2044 1030 2072 non
1049 2028 1213 2087 possint
1229 2029 1308 2072 ista
1326 2030 1443 2087 fieri,
1463 2039 1513 2074 ut
1531 2029 1795 2090 quibusdam

410 2098 633 2143 sententiis
660 2098 750 2157 ipse
785 2113 898 2143 unus
931 2098 1041 2142 liber
1069 2099 1151 2142 sibi
1185 2098 1384 2144 videatur
1416 2115 1506 2144 esse
1527 2100 1808 2156 contrariu&

410 2169 493 2212 nisi
514 2169 604 2227 ejus
631 2177 722 2214 tota
754 2169 970 2214 contextio
1004 2168 1329 2228 diligentissima
1354 2169 1525 2216 lectoris
1551 2170 1808 2216 intentione·
1876 2175 1880 2182 '

413 2248 639 2284 trac-tetur.

465 2353 475 2369 ¹
502 2359 515 2380 ι
539 2348 618 2381 Tim.
640 2360 687 2389 VI,
710 2360 760 2382 ιο.
779 2364 821 2372 -
840 2355 853 2371 ²
871 2346 989 2381 Ezech.
1006 2358 1064 2388 vu,
1086 2358 1139 2389 ¹9·
