1898 3178
380 227 463 266 444
816 236 849 265 s.
887 234 1115 265 Aueus‘rrm
1147 237 1327 265 Emscom

378 321 464 349 non
489 313 675 365 possent.
705 306 866 347 Tamen
889 313 1082 349 mortuos
1112 319 1183 348 eos
1205 313 1331 348 vocat
1359 321 1367 348 ε
1393 304 1468 347 ubi
1487 339 1497 358 ,
1530 304 1609 347 nisi
1641 304 1756 348 intus

377 377 421 420 in
444 376 614 419 anima?
632 375 748 419 Sicut
766 374 883 417 enim
900 374 1029 418 etiam
1046 373 1269 418 visibiliter
1287 373 1544 433 plerumque
1561 374 1605 417 in
1627 373 1758 419 domo

377 447 543 504 integra
564 454 606 488 et
629 444 744 488 salva
771 443 973 489 dominus
998 445 1188 505 ejusdem
1211 444 1366 489 domus
1396 453 1595 489 mortuus
1619 446 1756 505 jacet3

377 517 435 560 sio
459 517 503 559 in
525 530 703 574 corpore
734 516 901 574 integro
933 514 1061 560 multi
1089 515 1253 559 habent
1281 516 1398 559 intus
1430 515 1615 559 animam
1639 530 1759 560 mor-

376 595 496 630 tuam
513 605 521 630 :
538 594 580 629 et
594 586 672 630 hos
691 585 750 629 sie
769 586 924 631 excitat
941 585 1173 645 Apostolus
1191 600 1199 626 :
1223 604 1242 626 (ι.
1261 587 1396 644 Surge
1418 586 1493 645 qui
1515 585 1698 641 dormis,
1717 594 1760 630 et

378 675 396 697 »
425 671 584 715 exurge
598 672 621 700 a
637 657 834 712 mortuis,
855 666 898 701 et
919 655 1184 701 illuminabit
1198 665 1240 699 te
1258 655 1491 700 Christus¹.
1509 673 1530 697 »
1548 659 1645 715 Ipse
1659 655 1761 700 illu-

374 727 510 771 minat
533 736 820 782 excaecatum,
846 727 922 786 qui
946 729 1102 772 excitat
1130 735 1369 771 mortuum.
1399 726 1502 785 Ejus
1523 726 1637 770 enim
1655 741 1761 771 voce

374 812 450 855 per
469 797 726 856 Apostolum
759 797 973 842 clamatur
995 798 1049 841 ad
1072 805 1298 841 mortuum
1317 815 1325 841 :
1352 815 1372 839 «
1394 799 1529 856 Surge
1557 797 1634 856 qui
1656 796 1761 842 dor-

377 885 396 908 »
424 868 517 911 mis.
537 886 556 909 »
572 870 722 913 Caecus
739 868 836 912 luce
853 867 1187 919 illuminabitur,
1206 881 1307 911 cum
1326 867 1572 911 surrexerit.
1600 867 1760 912 Surdos

374 948 518 982 autem
536 955 668 999 quam
684 940 845 984 multos
863 949 962 983 ante
981 938 1129 983 oculos
1144 954 1242 983 suos
1261 938 1470 983 Dominus
1487 938 1758 995 intuebatur,

374 1025 473 1053 eum
496 1009 687 1055 diceret:
709 1012 831 1064 «Qui
852 1011 986 1054 habet
1009 1025 1133 1054 aures
1156 1009 1384 1065 audiendi,
1406 1009 1596 1054 audiat2.
1617 1027 1636 1050 »
1658 1010 1762 1063 Quis

374 1080 493 1122 enim
517 1089 617 1124 ante
640 1080 764 1124 illum
788 1082 879 1124 sine
911 1081 1103 1140 corporis
1127 1081 1303 1125 auribus
1331 1081 1502 1126 stabat?
1524 1084 1636 1133 Quas
1658 1095 1761 1139 ergo

376 1150 476 1194 alias
499 1166 622 1194 aures
644 1151 724 1194 nisi
747 1151 962 1195 interioris
979 1152 1167 1196 hominis
1188 1151 1467 1212 requirebat?

436 1224 510 1265 IV.
533 1225 643 1266 Item
666 1221 814 1281 quales
836 1222 985 1267 oculos
1001 1224 1225 1282 quaerebat
1242 1258 1252 1278 ,
1278 1239 1378 1267 eum
1397 1223 1650 1282 loqueretur
1671 1223 1761 1267 uti-

373 1308 459 1353 que
479 1293 751 1349 videntibus,
784 1294 859 1338 sed
888 1294 1141 1338 videntibus
1169 1309 1247 1353 per
1281 1293 1430 1338 oculos
1458 1293 1627 1337 carnis?
1653 1295 1760 1339 Nam

373 1379 472 1407 eum
501 1365 538 1407 ei
563 1363 727 1408 diceret
759 1364 986 1424 Philippus
1007 1383 1015 1408 :
1047 1383 1066 1405 «
1096 1366 1280 1408 Domine
1298 1399 1308 1419 ,
1334 1364 1513 1408 ostende
1535 1363 1659 1407 nobis
1683 1367 1760 1407 Pa-

376 1452 395 1475 »
423 1443 546 1489 trem,
568 1443 611 1478 et
628 1435 787 1479 sufficit
805 1435 930 1479 nobis
945 1436 986 1479 3:
1007 1453 1026 1475 »
1045 1435 1156 1478 bene
1174 1435 1352 1494 quidem
1370 1435 1454 1478 hoe
1469 1433 1755 1492 intelligebat,

373 1513 421 1547 ut
444 1504 763 1549 demonstratus
782 1507 907 1548 Pater
927 1514 1069 1563 posset
1087 1505 1285 1548 sufficere
1303 1525 1313 1560 3
1336 1504 1412 1548 sed
1433 1504 1504 1548 cui
1527 1519 1616 1549 non
1638 1506 1760 1548 suffi-

372 1575 513 1618 ciebat
535 1574 713 1634 aequalis
736 1576 871 1618 Patris
887 1610 897 1630 ,
935 1574 1157 1634 quomodo
1185 1575 1405 1620 sufficeret
1440 1577 1590 1620 Pater?
1614 1577 1757 1629 Quare

374 1644 519 1688 autem*
551 1660 642 1689 non
663 1645 938 1689 sufficiebat?
962 1645 1073 1697 Quia
1103 1661 1193 1689 non
1222 1646 1468 1690 videbatur.
1498 1649 1641 1699 Quare
1668 1662 1758 1691 non

371 1716 626 1760 videbatur?
648 1717 756 1768 Quia
774 1715 973 1760 nondum
1000 1725 1092 1760 erat
1113 1732 1242 1761 sanus
1271 1716 1422 1761 oculus
1438 1752 1448 1772 ,
1475 1716 1594 1761 unde
1615 1728 1758 1777 posset

371 1785 519 1830 videri.
538 1788 633 1830 Hoc
653 1787 768 1829 enim
788 1786 908 1846 quod
925 1788 970 1831 in
988 1803 1116 1831 carne
1129 1788 1302 1832 Domini
1319 1787 1547 1832 videbatur
1567 1789 1632 1832 his
1654 1804 1757 1833 ocu-

371 1856 422 1899 lis
439 1891 450 1911 ,
471 1872 561 1900 non
584 1856 661 1900 soli
685 1857 893 1915 Discipuli
916 1856 1118 1901 viderunt
1136 1858 1211 1917 qui
1233 1859 1559 1901 honoraverunt
1576 1893 1586 1912 ,
1616 1860 1690 1902 sed
1714 1868 1756 1903 et

372 1929 396 1969 J
401 1927 513 1970 udaei
535 1927 610 1986 qui
632 1927 954 1972 crucifixerunt.
976 1929 1062 1981 Qui
1079 1943 1179 1986 ergo
1197 1927 1320 1972 aliter
1339 1944 1382 1972 se
1403 1929 1540 1972 videri
1561 1929 1752 1985 volebat,

372 1996 476 2041 alios
510 1997 657 2041 oculos
694 1998 959 2057 requirebat.
1000 2001 1056 2041 Et
1088 1997 1186 2042 ideo
1213 1999 1270 2042 sic
1304 1998 1527 2058 respondit
1557 1998 1717 2043 dicenti
1743 2019 1751 2044 :

375 2087 394 2110 «
417 2067 607 2112 Ostende
629 2069 752 2112 nobis
768 2072 961 2123 Patrem,
980 2077 1022 2112 et
1037 2069 1196 2112 sufficit
1212 2069 1336 2112 nobis
1355 2089 1364 2113 ι
1385 2072 1523 2113 Tanto
1539 2078 1750 2128 tempore,

373 2157 392 2179 »
417 2139 642 2183 vobiscum
660 2154 771 2193 sum,
790 2148 833 2183 et
854 2154 943 2189 non
960 2154 1030 2182 me
1051 2140 1341 2197 cognovistis?
1358 2139 1574 2199 Philippe,
1595 2141 1669 2200 qui
1684 2155 1753 2184 me

373 2226 392 2248 »
417 2208 540 2263 vidit,
561 2208 670 2253 vidit
691 2218 734 2252 et
756 2212 940 2253 Patrem.
960 2227 980 2249 »
998 2211 1055 2252 Et
1072 2217 1121 2252 ut
1142 2209 1316 2253 interim
1338 2208 1439 2252 fidei
1462 2208 1607 2254 oculos
1629 2225 1753 2254 sana-

370 2287 434 2322 ret
452 2313 462 2332 ,
487 2280 604 2337 prius
627 2278 886 2323 admonetur
907 2277 1149 2322 secundum
1172 2277 1301 2322 fidem
1315 2314 1325 2333 ,
1353 2287 1401 2322 ut
1422 2279 1555 2338 possit
1577 2278 1632 2323 ad
1652 2295 1751 2339 spe-

370 2348 478 2391 ciem
500 2350 739 2407 pervenire.
781 2352 836 2393 Et
869 2365 924 2393 ne
948 2349 1006 2393 sic
1029 2358 1201 2408 putaret
1225 2349 1448 2409 Philippus
1471 2349 1752 2408 cogitandum

371 2420 506 2460 Deum
521 2453 531 2471 ,
570 2418 792 2477 quomodo
828 2417 1003 2462 videbat
1025 2419 1079 2470 ,in
1117 2434 1298 2477 corpore
1340 2419 1571 2463 Dominum
1604 2421 1752 2463 Jesum

371 2487 590 2530 Christum
609 2523 620 2542 ,
646 2490 790 2532 statim
813 2489 1024 2548 subjecit:
1055 2508 1074 2530 «
1094 2491 1190 2535 Non
1212 2489 1368 2543 eredis,
1389 2490 1490 2549 quia
1509 2504 1589 2548 ego
1607 2489 1652 2533 in
1671 2493 1750 2534 Pa-

419 2576 426 2591 ¹
447 2569 564 2611 Ephes.
586 2582 618 2611 v,
644 2571 692 2613 14.
714 2589 754 2594 —
778 2579 789 2595 ²
810 2572 932 2604 Matth.
957 2583 1004 2613 xr,
1027 2572 1077 2604 15.
1101 2589 1141 2595 —
1162 2571 1174 2595 3
1198 2574 1288 2605 Joan.
1311 2582 1379 2613 xiv,
1396 2572 1427 2604 8.
