1898 3178
355 178 438 217 366
793 189 823 215 s.
861 189 1091 215 Aucustrffll
1123 189 1304 215 EPISCOPI

357 274 376 296 «
411 257 548 299 Nemo
576 253 696 314 quod
717 269 841 297 suum
864 262 928 297 est
948 262 1140 313 quaerat,
1165 253 1240 298 sed
1269 252 1388 313 quod
1416 251 1603 296 alterius.
1628 252 1736 296 »Ait

352 324 405 368 de
423 339 467 368 se
484 324 577 384 ipso
600 343 607 368 :
633 342 653 365 «
674 327 764 381 Ego
784 333 928 368 autem
944 339 1033 368 non
1051 339 1248 384 quaerens
1266 322 1383 383 quod
1402 322 1508 366 mihi
1525 322 1632 366 utile
1654 331 1732 376 est,

355 414 375 435 »
411 394 486 439 sed
508 394 628 454 quod
650 393 798 438 multis
812 429 823 449 ‚
849 403 898 438 ut
919 393 1024 438 salvi
1046 394 1172 439 sint¹.
1204 413 1224 435 »
1246 397 1339 438 Hoc
1359 397 1510 438 Petrus
1536 391 1737 437 nondum

354 465 652 524 intelligebat,
692 465 868 525 quando
890 467 935 510 in
962 475 1110 511 monte
1130 466 1273 510 vivere
1306 481 1405 510 cum
1428 466 1600 511 Christo
1621 464 1737 508 desi-

355 536 548 580 derabat.
577 537 783 581 Servabat
804 537 884 581 tibi
911 537 1021 592 hoc,
1062 540 1187 581 Petre
1205 572 1216 592 ‚
1247 545 1345 596 post
1373 545 1573 580 mortem.
1612 537 1739 581 Nunc

356 617 501 651 autem
522 608 613 668 ipse
635 607 765 653 dicit:
790 607 1012 653 Descende
1041 608 1237 653 laborare
1262 608 1307 651 in
1339 617 1474 662 terra,
1507 607 1666 651 servire
1692 607 1739 650 in

357 688 490 734 terra,
514 679 756 735 contemni,
782 680 976 738 crucifigi
997 679 1041 723 in
1059 689 1186 724 terra.
1206 677 1438 723 Descendit
1459 678 1568 733 vita,
1594 686 1642 722 ut
1664 692 1740 722 oc-

354 749 598 807 cideretur3
618 749 842 794 descendit
859 751 981 810 panis
1002 786 1012 806 ,
1038 760 1086 794 ut
1102 749 1282 794 esuriret
1301 771 1312 806 ς
1335 748 1559 793 descendit
1573 748 1666 803 via,
1691 757 1742 792 ut

354 820 399 863 in
420 821 571 864 itinere
595 820 824 864 lassaretur
842 841 852 878 3
877 820 1101 865 descendit
1123 820 1241 875 fons,
1268 829 1316 863 ut
1337 819 1475 864 sitiret
1501 838 1510 863 ι
1536 828 1579 863 et
1599 827 1649 862 tu
1669 833 1739 862 re-

355 907 475 935 cusas
491 890 719 936 laborare?
736 892 834 937 Noli
857 901 931 936 tua
948 906 1158 951 quaerere.
1182 890 1305 935 Habe
1328 890 1606 947 charitatem,
1631 907 1744 950 prae-

356 961 450 1005 dica
484 962 709 1006 veritatem
734 981 742 1006 ε
768 971 873 1006 tunc
897 962 1119 1022 pervenies
1143 960 1198 1005 ad
1219 961 1506 1005 aeternitatem
1522 996 1533 1016 ‚
1570 961 1646 1005 ubi
1674 961 1744 1005 in-

357 1033 500 1077 venies
517 1033 808 1077 securitatem.

359 1214 399 1229 νὶὶ
403 1214 471 1229 mm
475 1214 542 1229 m
546 1214 754 1229 &ww-§mmmmm
758 1213 825 1228 ΜΜ
829 1213 893 1229 WU
900 1213 1037 1229 mm
1042 1213 1108 1229 ἋΜ
1112 1213 1249 1229 unam
1253 1212 1745 1228 mmmmmmm

789 1355 1017 1401 SERMO
1054 1355 1297 1401 LXXIX2.

356 1517 562 1563 Rursum
586 1515 644 1561 de
680 1514 836 1561 verbis
858 1514 1122 1579 Evangelii
1139 1513 1320 1560 Matth.
1344 1533 1452 1571 xvn,
1473 1513 1555 1559 aba·
1578 1530 1628 1559 se
1649 1513 1682 1560 J
1691 1531 1745 1560 e-

462 1605 540 1633 Sus
562 1588 904 1633 demonstravit
925 1587 973 1632 l'n
995 1597 1154 1632 monte
1176 1584 1324 1631 tribas
1345 1585 1548 1646 Dc'scl'pa
1558 1584 1631 1630 lis.

425 1750 641 1793 Vrsioxmr
662 1762 863 1806 magnam
893 1747 939 1791 in
960 1756 1108 1792 monte
1128 1782 1139 1801 ,
1175 1746 1253 1790 ubi
1284 1762 1327 1791 se
1362 1746 1571 1791 Dominus
1609 1748 1744 1790 Jesus

356 1819 492 1863 tribus
509 1819 736 1877 Discipulis
756 1819 1085 1871 demonstravit,
1108 1821 1252 1871 Petro,
1278 1818 1444 1860 Jacobo
1458 1850 1470 1870 ,
1496 1826 1539 1859 et
1560 1815 1740 1869 Joanni,

355 1902 455 1930 cum
476 1896 676 1931 sanctum
699 1886 983 1944 Evangelium
1002 1886 1235 1945 legeretur,
1261 1886 1518 1930 audivimus.
1541 1903 1561 1927 α
1583 1885 1746 1944 Splen-·

360 1976 380 1998 »
415 1956 512 2001 duit
542 1956 690 2002 vultus
717 1957 809 2016 ejus
839 1957 950 2001 sicut
982 1956 1042 2001 sol
1072 1976 1080 2001 :
1110 1975 1129 1998 »
1162 1957 1246 2001 hoc
1275 1956 1489 2015 significat
1512 1955 1744 2014 Evangelii

358 2028 593 2073 claritatem
627 2047 636 2072 :
676 2046 696 2069 «
731 2027 998 2071 Vestimenta
1026 2028 1116 2087 ejus
1147 2028 1263 2071 facta
1293 2036 1395 2071 sunt
1417 2026 1601 2072 candida
1634 2027 1746 2070 sicut

361 2118 380 2140 n
416 2100 514 2143 nix3
542 2119 550 2144 :
572 2118 591 2140 »
612 2099 697 2143 hoc
718 2098 931 2158 significat
951 2098 1154 2142 Ecclesiae
1175 2097 1527 2154 mundationem,
1551 2098 1621 2143 cui
1641 2098 1742 2141 dic-

359 2180 452 2215 tum
473 2179 537 2215 est
568 2186 644 2230 per
677 2169 940 2229 Prophetam
967 2188 976 2213 2
1000 2187 1020 2211 «
1047 2171 1102 2213 Et
1130 2170 1163 2213 si
1192 2168 1356 2214 fuerint
1387 2178 1563 2229 peccata
1598 2177 1742 2213 vestra

363 2260 382 2282 »
417 2242 526 2286 sicut
556 2240 825 2300 phoenicium
845 2275 856 2295 ‚
884 2249 1092 2299 tanquam
1123 2239 1267 2283 nivem
1295 2238 1560 2284 dealbabo⁴.
1585 2238 1741 2283 »Elias

361 2321 402 2355 et
423 2314 592 2368 Moyses
613 2311 976 2371 colloquebantur
997 2310 1036 2353 ei
1063 2329 1071 2354 :
1092 2310 1194 2369 quia
1217 2308 1441 2368 Evangelii
1463 2309 1596 2367 gratia
1619 2308 1742 2353 testi-

361 2382 553 2426 monium
566 2383 699 2427 habet
717 2398 741 2426 a
756 2385 871 2442 Lege
891 2390 936 2426 et
951 2381 1190 2440 Prophetis
1213 2384 1265 2425 In
1281 2384 1431 2439 Moyse
1449 2383 1552 2436 Lex,
1579 2381 1625 2424 in
1647 2379 1742 2424 Elia

425 2485 433 2500 ¹
464 2489 476 2510 1
505 2481 576 2511 Cor.
609 2491 648 2521 x,
684 2479 737 2512 33.
764 2496 804 2503 —
833 2486 845 2502 ²
872 2478 955 2512 Alias
979 2478 1018 2511 de
1047 2477 1187 2511 Diversis
1212 2478 1265 2511 23.
1287 2495 1327 2501 —
1350 2475 1363 2501 3
1391 2478 1510 2511 Matth.
1531 2489 1610 2521 xvn,
1641 2486 1672 2510 2.
1697 2495 1737 2501 —-

363 2532 461 2566 usai.
478 2545 501 2576 1,
531 2534 582 2567 18.

1890 245 1898 498 ›—-—<v—-1-—-‹-<
