1898 3178
396 248 533 275 sur-mo
565 246 668 282 Lm,
705 245 758 270 DE
791 243 936 272 vERBIS
969 243 1133 272 ΜΑΤΤΗ.
1170 246 1212 270 v.
1414 236 1496 273 159

114 312 190 357 sed
211 312 301 357 noli
333 312 529 356 membra
549 311 740 353 humana
774 310 977 368 cogitare.
1007 310 1050 354 Si
1069 309 1134 354 vis
1166 324 1256 353 esse
1284 310 1498 368 templum

114 382 333 435 veritatis,
366 379 517 437 frange
551 378 721 423 idolum
749 377 962 423 falsitatis.
992 382 1149 424 Manus
1176 379 1278 433 Dei,
1306 381 1498 437 potentia

113 452 206 497 Dei.
237 450 387 495 Facies
417 450 518 505 Dei,
550 448 704 494 notitia
725 448 819 493 Dei.
845 448 982 493 Pedes
1012 450 1112 504 Dei,
1149 448 1378 508 praesentia
1404 450 1497 495 Dei.

115 520 246 567 Sedes
275 520 376 575 Dei,
401 520 436 565 si
467 519 531 564 vis
548 554 560 574 ,
580 528 632 563 tu
660 534 720 562 es.
745 520 816 562 An
836 516 949 562 forte
977 532 1134 576 negare
1155 518 1335 563 audebis
1360 521 1501 563 Deum

113 606 203 636 esse
218 590 468 635 Christum?
482 591 581 636 Non
594 624 606 644 ‚
629 589 791 649 inquis.
811 588 1027 633 Concedis
1047 598 1092 633 et
1105 589 1214 645 hoc,
1243 590 1502 635 «Christum

115 679 138 703 »
171 661 251 705 Dei
280 660 488 705 virtutem
515 669 559 704 et
579 660 658 705 Dei
680 659 936 719 sapientiam
953 661 965 683 ¹
984 661 1002 701 ἰ)
1020 677 1041 700 »
1072 661 1302 716 Concedo,
1328 661 1500 721 inquis:

114 729 232 776 Audi
249 749 258 775 :
279 748 299 772 «
318 730 476 775 Anima
482 731 589 790 justi
600 728 722 774 sedes
735 738 800 774 est
811 729 1033 789 sapientiae
1046 732 1107 773 ².»
1131 730 1217 774 Ubi
1228 731 1344 775 enim
1356 731 1506 775 sedem

114 802 248 845 habet
269 803 405 855 Deus,
429 801 510 843 nisi
529 800 608 844 ubi
629 800 822 845 habitati>
846 800 932 844 Ubi
953 809 1102 844 autem
1123 800 1291 845 habitat
1310 836 1323 856 ,
1347 801 1428 845 nisi
1459 801 1506 846 in

113 870 278 930 templo
291 872 397 915 suo?
422 889 444 912 «
466 870 696 930 Templum
716 871 832 915 enim
849 871 927 915 Dei
943 880 1144 915 sanctum
1159 880 1223 915 est
1237 906 1249 927 ,
1270 872 1391 932 quod
1407 872 1507 916 estis

113 961 135 984 n
169 956 245 987 vos
264 943 297 985 3.
328 959 350 983 »
375 940 487 986 Vid‘e
511 956 613 1000 ergo
633 942 858 1002 quomodo
876 942 1062 1001 excipias
1089 945 1245 986 Deum.
1281 961 1302 985 «
1324 943 1507 1002 Spiritus

115 1031 136 1055 »
172 1023 235 1058 est
248 1016 387 1072 Deus;
404 1013 451 1057 in
464 1013 620 1073 spiritu
634 1022 678 1058 et
692 1015 875 1058 veritate
891 1023 1064 1073 oportet
1078 1014 1258 1059 adorare
1270 1017 1412 1059 Deum
1427 1016 1458 1057 4.
1482 1033 1503 1056 »

112 1086 211 1128 Jam
231 1083 279 1128 in
311 1099 386 1128 cor
407 1093 563 1139 tuum,
600 1085 635 1128 si
662 1083 826 1143 placet,
863 1084 997 1129 intret
1027 1100 1126 1128 arca
1155 1086 1424 1139 testamenti,
1462 1093 1506 1129 et

114 1163 213 1199 ruat
234 1157 386 1212 Dagon
409 1155 439 1197 ⁵.
475 1153 593 1199 Audi
626 1169 730 1213 ergo
760 1170 905 1210 nunc,
939 1164 983 1198 et
1011 1154 1128 1199 disce
1161 1157 1302 1199 Deum
1334 1154 1509 1199 deside-

112 1239 207 1269 rare
223 1259 234 1279 ,
258 1224 376 1269 disce
393 1223 512 1268 unde
531 1227 673 1268 Deum
691 1224 837 1269 videre
855 1225 989 1284 possis
1001 1260 1012 1280 ,
1032 1240 1292 1285 praeparare.
1317 1244 1339 1268 «
1359 1225 1480 1270 Beati
1494 1259 1506 1281 ,

116 1313 138 1337 »
172 1295 317 1354 inquit
332 1329 345 1350 ,
369 1294 679 1339 mundicordes
694 1328 706 1349 ,
731 1295 940 1354 quoniam
964 1296 1046 1355 ipsi
1069 1299 1209 1340 Deum
1230 1295 1460 1341 videbunt.
1485 1314 1507 1337 n

114 1364 230 1419 Quid
253 1379 469 1424 praeparas
497 1364 648 1410 oculos
676 1364 896 1424 corporis?
925 1365 969 1410 Si
996 1366 1055 1410 sic
1081 1365 1320 1422 videbitur,
1344 1367 1391 1411 in
1411 1367 1510 1411 loco

113 1436 195 1479 erit
208 1435 446 1481 videbitur.
460 1437 559 1481 Non
576 1444 641 1480 est
654 1435 701 1479 in
719 1434 819 1481 loco
835 1435 913 1496 qui
927 1435 1095 1497 ubique
1108 1446 1226 1482 totus
1243 1446 1322 1482 est.
1342 1436 1511 1483 Munda

116 1512 236 1556 unde
256 1511 471 1557 videatur.

172 1585 295 1627 VIII.
331 1582 470 1640 Audi,
501 1592 546 1628 et
563 1582 787 1643 intellige,
819 1585 854 1628 si
874 1584 969 1643 ipso
984 1585 1168 1644 juvante
1197 1592 1352 1642 potero
1370 1583 1510 1644 expli-

115 1668 235 1699 care:
251 1654 429 1713 adjuvet
441 1669 520 1699 nos
534 1653 589 1713 ad
602 1653 938 1711 intelligendum
955 1654 1102 1698 omnia
1113 1653 1362 1714 supradicta
1379 1669 1512 1714 opera

116 1733 160 1769 et
185 1739 394 1780 munera,
426 1723 802 1784 quemadmodum
832 1739 1025 1783 congrua
1056 1725 1403 1784 congruentibus
1430 1741 1512 1785 ap-

115 1795 255 1855 posita
290 1794 392 1838 sint.
419 1794 504 1838 Ubi
535 1793 652 1838 enim
675 1794 842 1839 dictum
860 1803 924 1839 est
950 1793 1005 1839 de
1029 1795 1233 1854 praemio,
1267 1795 1390 1856 quod
1420 1811 1511 1841 non

117 1873 380 1924 congrueret
409 1863 558 1923 operi,
596 1864 718 1924 quod
751 1880 842 1910 non
872 1867 1157 1910 consonaret?
1187 1866 1300 1919 Quia
1327 1866 1513 1910 humiles

118 1936 242 1997 quasi
270 1951 294 1980 a
326 1949 462 1994 regno
481 1934 688 1980 videntur
707 1935 864 1980 alieni:
893 1937 1077 1989 «Beati,
1102 1936 1276 1994 inquit,
1300 1951 1513 1994 pauperes

120 2023 142 2049 »
176 2006 346 2066 spiritu,
361 2005 465 2066 quia
477 2005 672 2064 ipsorum
688 2013 751 2049 est
765 2020 951 2064 regnum
969 2003 1200 2049 coelorum.
1220 2022 1241 2046 »
1257 2004 1372 2058 Quia
1388 2005 1515 2050 mites

118 2078 317 2122 homines
339 2075 466 2121 facile
483 2075 779 2121 excluduntur
800 2076 855 2120 de
876 2085 991 2121 terra
1015 2092 1091 2121 sua
1113 2095 1122 2122 ε
1147 2076 1326 2132 «Beati,
1352 2076 1512 2137 inquit,

126 2165 145 2188 1>
177 2149 320 2205 mites,
332 2149 537 2208 quoniam
549 2148 630 2208 ipsi
641 2147 898 2193 haereditate
911 2148 1200 2208 possidebunt
1207 2157 1413 2192 terram.»
1419 2149 1444 2192 J
1446 2162 1515 2192 am

122 2224 280 2261 caetera
294 2227 443 2274 aperta
463 2227 588 2275 sunt,
614 2218 731 2263 clara
751 2234 828 2263 sua
849 2227 1004 2278 sponte
1033 2227 1386 2278 cognoscuntur:
1425 2217 1517 2263 dis-

124 2296 327 2348 putatore
344 2301 436 2331 non
455 2294 584 2344 egent
597 2320 609 2340 ,
629 2299 1018 2336 commemoratore
1034 2305 1144 2350 opus
1161 2290 1343 2334 habent.
1361 2289 1519 2333 «Beati

127 2376 151 2401 >›
185 2358 262 2418 qui
282 2357 451 2416 lugent.
469 2373 491 2398 »
512 2356 620 2408 Quis
635 2355 791 2416 lugens
809 2372 901 2402 non
913 2360 1257 2405 consolationem
1277 2359 1518 2404 desiderat?

130 2448 153 2472 «
189 2430 294 2490 Ipsi,
312 2429 471 2490 inquit,
488 2428 849 2474 consolabuntur.
866 2430 987 2474 Beati
1003 2429 1081 2489 qui
1096 2428 1294 2475 esuriunt
1307 2438 1353 2475 et
1364 2430 1520 2476 sitiunt

185 2526 198 2544 ¹
219 2536 233 2557 1
255 2526 326 2557 Cor.
358 2536 382 2566 1,
409 2522 464 2567 24.
484 2540 525 2547 -—-
546 2530 559 2547 2
580 2524 654 2566 Sap.
673 2534 697 2558 1.
723 2540 766 2547 -
786 2521 800 2547 3
819 2534 832 2556 1
854 2524 928 2557 Cor.
955 2535 1008 2564 111,
1046 2533 1097 2566 ις.
1116 2540 1157 2548 -
1175 2520 1192 2555 4
1208 2525 1300 2560 Joan.
1320 2535 1367 2567 xv,
1401 2523 1456 2567 34.
1476 2542 1518 2549 -

127 2578 144 2606 ⁵
170 2592 183 2615 ι
204 2583 283 2624 ch.
302 2591 336 2624 v,
353 2581 385 2614 3·
