1898 3178
283 264 420 291 SERMO
452 262 665 300 Lxxxvul,
701 264 753 289 nis
788 262 932 293 vnnms
965 262 1129 291 MAT'rn.
1167 266 1239 291 xx.
1372 252 1457 292 449

84 345 105 370 »
129 327 255 372 nobis
289 328 611 373 maledictum¹.
635 345 656 368 »
692 330 870 372 Etcum
900 328 935 372 ei
965 327 1173 388 pendenti
1205 330 1460 373 Judaeorum

81 399 250 443 caecitas
275 398 504 443 insultaret
521 432 532 453 ,
567 406 710 457 posset
737 398 891 458 utique
923 398 1184 444 descendere
1217 398 1271 443 de
1303 415 1457 454 cruce,

81 469 158 529 qui
179 469 214 514 si
235 468 393 525 nollet,
415 484 504 514 non
526 477 634 513 esset
653 468 699 512 in
721 483 876 527 cruce3
902 469 977 514 sed
999 469 1183 530 amplius
1204 478 1295 514 erat
1318 470 1372 514 de
1391 485 1461 514 sea

81 528 235 599 pulcro
255 554 477 599 resurgere
491 574 503 595 ,
535 554 668 600 quam
689 538 744 583 de
767 554 895 584 cruce
916 539 1194 585 descendere.
1235 542 1338 585 Haec
1360 555 1462 599 ergo

82 611 291 655 Dominus
323 609 484 655 faciens
505 608 675 664 divina,
712 609 879 668 patiens
910 610 1122 665 humana,
1155 610 1359 656 admonet
1386 626 1464 655 nos

82 680 380 740 corporalibus
393 680 612 726 miraculis
629 689 673 724 et
686 679 893 739 patientia
909 681 1140 740 corporali,
1155 691 1205 726 ut
1219 681 1461 736 credamus,

83 761 127 797 et
140 768 342 798 sanemur
356 752 412 798 ad
433 751 736 812 conspicienda
750 751 822 796 illa
840 752 1072 797 invisibilia
1090 768 1190 813 quae
1207 753 1345 798 carnis
1364 769 1466 798 ocu-

83 822 151 867 lus
172 822 324 868 nescit.
340 825 433 867 Hoc
451 838 554 882 ergo
570 837 714 880 agens,
735 822 903 867 curavit
922 837 1059 867 caecos
1082 823 1184 868 istos
1199 859 1210 879 ‚
1236 825 1290 868 de
1307 824 1466 883 quibus

82 908 201 937 nunc
231 892 519 952 Evangelium
555 892 784 937 recitatum
816 901 893 937 est.
925 895 983 937 Et
1016 893 1062 937 in
1095 894 1290 939 curando
1322 894 1467 939 videte

83 962 191 1023 quid
207 962 482 1008 admonuerit
508 972 722 1023 aegrotum
744 963 1012 1008 interiorem.

143 1035 222 1077 IX.
254 1033 478 1078 Attendite
510 1033 642 1092 ipsius
678 1032 780 1078 facti
812 1034 974 1078 exitum
1003 1043 1046 1078 et
1077 1034 1276 1078 ordinem
1304 1050 1464 1079 rerum.

87 1102 292 1149 Sedentes
312 1103 376 1149 illi
396 1105 443 1148 in
470 1104 538 1148 via
560 1104 649 1149 duo
677 1105 807 1160 caeci,
832 1114 1084 1149 transeunte
1114 1106 1299 1150 Domino
1328 1105 1470 1150 excla-

84 1173 285 1229 mabant,
322 1183 372 1218 ut
393 1189 543 1219 eorum
571 1174 862 1218 misereretur.
883 1178 920 1219 Α
942 1175 1072 1220 turba
1088 1191 1191 1219 vero
1207 1210 1217 1230 ‚
1248 1191 1348 1235 quae
1368 1191 1469 1219 cum

84 1243 269 1288 Domino
293 1253 383 1287 erat
401 1279 412 1299 ‚
439 1244 829 1303 compescebantur
857 1260 910 1288 ne
932 1245 1184 1289 clamarent.
1212 1248 1363 1305 Neque
1385 1247 1468 1290 hoc

84 1312 175 1357 sine
203 1313 409 1371 mysterio
432 1312 689 1357 derelictum
714 1313 887 1372 putetis.
916 1314 984 1358 Illi
1013 1324 1158 1359 autem
1191 1329 1469 1375 compescen-

84 1392 173 1428 tem
194 1399 238 1428 se
260 1383 436 1428 turbam
464 1384 882 1442 perseverantissimo
910 1384 1100 1429 clamore
1130 1386 1390 1441 vincebant,
1422 1394 1472 1428 ut

78 1455 328 1514 *perveniret
345 1469 428 1499 vox
442 1468 593 1498 eorum
616 1453 672 1497 ad
694 1468 816 1498 aures
833 1454 1006 1498 Domini
1026 1455 1173 1514 :quasi
1188 1471 1276 1500 non
1294 1457 1385 1516 jam
1400 1456 1471 1499 illc

85 1524 270 1582 cogitata
289 1523 562 1583 praevenerit.
589 1523 901 1569 Clamaverunt
929 1539 1031 1583 ergo
1055 1524 1143 1569 duo
1164 1526 1294 1581 caeci,
1317 1535 1367 1570 ut
1391 1542 1471 1570 au-

87 1593 284 1639 direntur
311 1609 335 1638 a
365 1593 550 1638 Domino
566 1627 577 1649 ,
614 1602 657 1636 et
694 1609 717 1637 a
744 1593 882 1637 turbis
905 1595 1133 1653 comprimi
1159 1596 1468 1655 nequiverunt.

81 1665 315 1710 Transibat
334 1664 568 1718 Dominus,
594 1672 637 1710 et
658 1662 721 1707 illi
744 1663 1007 1708 clamabant.
1035 1665 1161 1709 Stetit
1182 1666 1406 1722 Dominus,
1429 1675 1472 1710 et

83 1736 225 1789 ,sanati
245 1743 361 1779 sunt.
393 1736 540 1778 «Nam
562 1733 680 1777 stetit
698 1733 908 1778 Dominus
938 1736 1061 1778 Jesus
1078 1769 1089 1790 ‚
1115 1744 1158 1779 et
1179 1736 1348 1780 vocavit
1370 1752 1440 1780 eos
1457 1771 1468 1792 ,

84 1823 113 1854 ,))
139 1814 183 1850 et
204 1805 264 1849 ait
288 1820 297 1846 z
324 1804 440 1857 Quid
462 1803 591 1848 vultis
611 1803 733 1848 vobis
758 1801 939 1848 faciam?
959 1822 979 1845 »
1003 1807 1061 1849 At
1078 1803 1141 1848 illi
1164 1805 1366 1851 dixerunt
1385 1826 1394 1851 ι
1417 1809 1473 1851 Ut

93 1892 115 1918 »
140 1876 388 1935 aperiantur
410 1873 525 1919 oculi
542 1872 722 1917 nostri2.
746 1891 766 1914 »
787 1876 871 1917 Pro
886 1873 972 1918 fide
989 1875 1181 1933 ipsorum
1203 1875 1307 1921 fecit
1324 1878 1474 1921 Domi-

83 1961 172 2000 vnus
195 1944 450 1990 instauravit
467 1943 616 1989 oculos
634 1957 800 1987 eorum.
825 1944 868 1988 Si
885 1943 1174 1989 intelleximus
1193 1947 1283 2005 jam
1298 1947 1474 1992 interio-

84 2031 184 2074 ‚rem
205 2024 440 2074 aegrotum,
464 2013 715 2058 interiorem
738 2013 937 2070 surdum,
957 2014 1208 2060 interiorem
1223 2026 1471 2076 mortuum3

93 2086 155 2138 tbi
175 2100 421 2147 quaeramus
438 2093 482 2129 et
502 2084 752 2128 interiorem
770 2099 949 2128 caecum.
971 2085 1117 2131 Clausi
1130 2095 1232 2130 sunt
1254 2088 1369 2132 oculi
1384 2104 1477 2132 cor-

92 2155 159 2205 dis
178 2172 188 2199 ε
214 2156 367 2201 transit
389 2158 413 2199 J
417 2170 512 2200 esus
528 2190 539 2210 ‚
562 2164 612 2199 ut
632 2155 884 2200 clamemus:
907 2157 1025 2209 Quid
1043 2166 1128 2213 est,
1155 2159 1309 2203 transit
1324 2162 1348 2204 J
1352 2162 1477 2204 esus?

96 2228 197 2288 Agit
210 2226 465 2287 temporalia
482 2228 620 2271 Jesus.
646 2227 762 2280 Quid
779 2237 843 2272 est
857 2263 867 2283 ,
892 2228 1045 2272 transit
1062 2231 1215 2274 Jesus?
1236 2230 1338 2289 Agit
1359 2240 1478 2275 tran-

97 2298 241 2349 sitoria
263 2301 401 2342 Jesus.
435 2296 659 2342 Attendite
682 2306 724 2342 et
744 2297 888 2343 videte
917 2308 1080 2359 quanta
1102 2299 1192 2359 ejus
1215 2309 1331 2359 gesta
1355 2310 1476 2345 tran-

63 2386 66 2388 ·
98 2368 259 2417 sierint.
295 2370 431 2414 Natus
464 2376 528 2411 est
557 2366 612 2410 de
647 2368 813 2426 virgine
845 2369 981 2413 Maria
1015 2388 1025 2414 ι
1061 2370 1278 2429 numquid
1310 2387 1478 2430 semper

3 2528 7 2540 ²
32 2521 55 2541 ²¹
102 2519 245 2555 aetates
271 2509 462 2555 cucurrit
483 2524 620 2568 usque
653 2508 707 2553 ad
729 2510 1003 2567 juventutem
1027 2527 1037 2553 :
1064 2512 1278 2571 numquid
1312 2528 1479 2572 semper

149 2601 158 2618 ¹
179 2595 279 2628 Galat.
300 2606 348 2636 111,
373 2594 423 2626 13.
444 2609 486 2616 -
502 2599 515 2615 2
541 2594 660 2626 Matth.
679 2604 733 2635 xx,
753 2604 807 2636 22,
824 2594 876 2627 23,

292 2658 429 2691 cxxv.
1245 2651 1296 2691 29
