1898 3178
375 242 513 271 SERMO
544 241 638 278 mv,
672 240 726 267 DE
758 239 904 267 VERBIS
935 235 1099 266 ΜΑΤΤΗ.
1135 240 1177 267 v.
1388 227 1471 267 169

101 327 121 349 »
143 307 329 351 minibus
347 304 748 366 placerem7Christi
762 319 908 350 servus
926 319 1014 349 non
1031 318 1166 348 essem
1180 304 1229 345 t»
1242 302 1363 348 Adsit
1380 304 1470 363 ipse

96 378 326 431 Dominus,
351 376 427 435 qui
449 376 578 419 etiam
599 375 645 417 in
666 389 789 419 servo
811 390 888 418 suo
905 383 948 418 et
964 373 1174 434 Apostolo
1190 373 1468 433 loquebatur,

95 458 137 493 et
160 448 321 508 aperiat
343 447 467 491 nobis
503 446 773 491 voluntatem
801 460 945 501 suam,
971 454 1014 490 et
1042 446 1207 490 tribuat
1239 445 1473 490 obediendi

95 518 358 563 facultatem.

21 647 23 652 1
154 591 234 632 III.
264 592 363 649 Ipsa
385 589 548 648 quippe
568 589 700 632 verba
729 587 989 645 Evangelica
1010 601 1156 631 secum
1187 595 1363 646 portant
1399 602 1473 631 ex-

22 701 26 716 ,Υ
92 660 326 718 positiones
353 675 479 717 suas3
512 674 593 703 nec
614 657 915 702 intercludunt
937 673 1011 702 ora
1036 658 1318 703 esurientium
1336 693 1347 714 ,
1371 659 1475 718 quia

21 723 29 778 3,
94 739 278 788 pascunt
297 731 427 775 corda
444 730 728 789 pulsantium.
744 729 934 774 Intentio
953 729 1117 789 quippe
1133 730 1272 774 cordis
1293 730 1474 774 humani

21 799 29 818 ·’
92 815 182 858 qno
213 800 448 859 dirigatur,
485 809 529 844 et
557 816 646 860 quo
678 808 868 859 spectet,
903 799 1164 843 intuendum
1191 808 1267 843 est.
1294 800 1338 844 Si
1359 799 1474 843 enim

91 871 168 930 qui
188 870 284 915 vult
304 870 442 915 videri
459 871 515 914 ab
537 871 786 915 hominibus
807 871 924 914 bona
951 886 1082 930 opera
1103 885 1179 915 sua
1197 905 1208 925 ‚
1230 870 1407 928 gloriam
1432 879 1473 913 et

91 939 323 985 utilitatem
345 956 467 985 suam
483 942 607 1001 ponit
629 951 729 986 ante
749 941 970 996 homines,
991 949 1034 985 et
1053 942 1166 986 hanc
1179 941 1223 984 in
1239 949 1476 999 conspectu

22 1018 29 1067 v2
91 1012 318 1056 hominum
343 1013 500 1072 quaerit
518 1033 530 1069 3
553 1012 664 1056 nihil
686 1027 838 1057 eorum
858 1047 870 1068 ,
893 1028 992 1073 quae
1012 1011 1068 1057 de
1094 1014 1177 1057 hac
1198 1027 1244 1056 re
1265 1012 1475 1056 Dominus

28 1095 29 1099 ’
90 1083 319 1142 praecepit,
339 1082 536 1142 implevit
558 1102 566 1127 ε
587 1083 689 1142 quia
706 1092 748 1127 et
762 1083 947 1127 attendit
962 1084 1104 1127 facere
1120 1083 1330 1142 justitiam
1354 1097 1473 1126 suam

89 1166 236 1196 coram
265 1152 537 1208 hominibus,
562 1162 613 1197 ut
633 1153 854 1196 videretur
876 1153 930 1196 ab
962 1154 1045 1207 eis,
1072 1162 1115 1197 et
1134 1169 1223 1197 non
1258 1153 1317 1196 sic
1340 1152 1474 1196 eluxit

28 1268 31 1278 ¹
89 1220 238 1264 lumen
267 1223 359 1280 ejus
381 1237 524 1266 coram
547 1222 796 1266 hominibus
816 1257 826 1276 ‚
852 1232 902 1266 ut
932 1222 986 1265 ad
1019 1223 1101 1267 1100
1134 1222 1331 1267 viderent
1359 1222 1473 1266 bona

26 1280 31 1307 ξ’
89 1305 217 1347 opera
252 1291 370 1350 ejus,
404 1300 454 1335 ut
484 1291 774 1349 glorificarent
801 1294 973 1335 Patrem
995 1293 1073 1351 qui
1097 1293 1144 1336 in
1176 1291 1296 1336 coelis
1319 1301 1396 1337 est.
1421 1294 1474 1337 Se

27 1374 31 1382 ·
87 1361 250 1419 quippe
272 1360 413 1404 voluit
448 1359 700 1418 glorificari,
736 1376 826 1404 non
859 1364 1022 1419 Deum3
1048 1370 1092 1405 et
1125 1377 1247 1406 suam
1276 1361 1474 1421 quaesivit

30 1450 31 1458 ¹
87 1429 321 1474 utilitatem
335 1465 347 1485 ,
371 1446 460 1475 non
482 1430 632 1474 dilexit
655 1431 827 1475 Domini
847 1430 1136 1476 voluntatem.
1169 1435 1231 1476 De
1269 1432 1473 1491 qualibus

87 1499 191 1544 dicit
219 1498 453 1559 Apostolus
479 1519 489 1545 ι
517 1519 537 1542 «
557 1501 718 1549 Omnes
742 1501 859 1545 enim
896 1518 995 1562 quae
1017 1517 1094 1547 sua
1115 1510 1217 1545 sunt
1238 1510 1469 1562 quaerunt,

30 1598 32 1606 =
90 1589 110 1611 »
145 1586 235 1615 non
256 1587 356 1631 quae
371 1574 474 1616 ,Iesu
487 1572 688 1617 Christi1.
712 1591 732 1614 »
751 1575 906 1632 Itaque
928 1588 1019 1618 non
1040 1573 1128 1618 illic
1149 1574 1363 1618 sententia
1385 1581 1473 1617 ter-

86 1640 249 1686 minata
280 1651 370 1697 est,
398 1643 474 1686 ubi
497 1643 556 1686 ait
581 1661 590 1687 :
614 1661 633 1684 «
662 1643 729 1687 Sic
759 1642 904 1687 luceat
930 1643 1082 1687 lumen
1104 1653 1296 1688 vestrum
1325 1658 1470 1687 coram

30 1752 33 1760 ⁴
90 1729 109 1752 n
135 1712 401 1767 hominibus,
416 1722 466 1756 ut
479 1705 654 1757 videant
671 1712 787 1756 bona
802 1726 933 1769 opera
945 1723 1087 1756 vestra
1109 1732 1152 1758 :»
1169 1712 1243 1757 sed
1259 1713 1469 1757 continuo

86 1780 313 1840 subjunxit
344 1795 422 1824 cur
458 1780 705 1824 faciendum
738 1780 822 1824 sit:
853 1798 872 1821 «
908 1782 966 1824 Ut
986 1780 1256 1838 glorificent,
1291 1782 1437 1841 inquit
1456 1817 1467 1837 ‚

87 1869 109 1892 »
142 1854 314 1895 Patrem
334 1860 543 1905 vestrum,
566 1851 641 1910 qui
661 1850 707 1893 in
728 1849 850 1894 coelis
868 1859 932 1894 est
954 1870 962 1895 ε
982 1869 1001 1891 »
1023 1860 1072 1895 ut
1083 1852 1218 1896 homo
1235 1867 1333 1896 cum
1358 1853 1471 1897 bene

23 1930 35 1958 3ss
86 1921 246 1966 faciens
265 1922 440 1966 videtur
462 1922 515 1966 ab
537 1921 809 1976 hominibus,
834 1922 1120 1967 intentionem
1139 1923 1245 1967 boni
1267 1921 1370 1968 facti
1391 1924 1470 1968 ha-

28 1995 33 2032 s:
87 1992 186 2037 beat
222 1993 269 2036 in
303 1992 566 2037 conscientia
592 2008 691 2044 sua,
727 1992 1015 2037 intentionem
1036 2008 1139 2037 vero
1169 1993 1470 2038 innotescendi

30 2098 31 2102 ¹
86 2078 176 2107 non
199 2063 360 2107 habeat
381 2063 462 2106 nisi
483 2064 527 2106 in
548 2061 752 2106 laudibus
787 2063 886 2117 Dei,
909 2072 1088 2122 propter
1122 2079 1273 2108 eorum
1310 2064 1469 2123 quibus

32 2154 33 2159 =
85 2131 317 2176 innotescit
348 2131 582 2176 utilitatem
605 2153 615 2188 3
640 2127 800 2191 quibus
821 2133 906 2177 hoc
933 2132 1138 2192 prodest,
1166 2142 1215 2178 ut
1236 2137 1350 2178 Deus
1372 2134 1467 2193 pla-

86 2211 181 2247 ceat
198 2237 209 2256 ‚
230 2203 304 2261 qui
335 2203 420 2247 hoc
441 2203 642 2262 praestitit
658 2203 854 2260 homini3
879 2212 1011 2264 atque
1033 2204 1091 2248 ita
1114 2220 1204 2249 non
1221 2204 1465 2264 desperent,

85 2273 216 2317 etiam
238 2272 321 2326 sibj
351 2273 385 2316 si
405 2273 624 2318 voluerint
651 2274 735 2318 hoc
761 2289 886 2332 posse
919 2275 1126 2333 praestari.
1155 2278 1309 2334 Itaque
1343 2275 1468 2320 aliam

85 2343 344 2387 sententiam
362 2378 373 2398 ,
399 2344 475 2387 ubi
493 2344 550 2388 ait
572 2363 580 2389 ;
605 2363 626 2386 «
651 2344 874 2389 Attendite
895 2360 950 2388 ne
963 2345 1173 2404 justitiam
1192 2354 1375 2389 vestram
1399 2346 1467 2390 fa-

86 2430 108 2455 »
144 2413 265 2458 ciatis
287 2429 433 2459 coram
451 2415 702 2460 hominibus
720 2450 731 2471 ,
755 2434 775 2457 n
801 2431 891 2460 non
913 2415 1015 2459 alibi
1036 2416 1308 2471 terminavit,
1333 2433 1463 2477 quam

84 2481 161 2526 ubi
178 2481 284 2526 dixit
310 2502 319 2527 ε
342 2502 362 2525 «
383 2486 439 2529 Ut
452 2483 683 2529 videamini
701 2485 757 2530 ab
771 2486 856 2530 eis:
878 2504 897 2527 »
920 2500 998 2529 nec
1017 2484 1200 2540 addidit,
1223 2505 1243 2528 «
1261 2488 1316 2530 Et
1331 2486 1462 2545 glori-

132 2572 140 2589 ¹
163 2565 274 2608 Philip.
295 2577 329 2608 n,
349 2575 402 2599 21.
