1898 3178
335 240 472 268 sEnMO
504 238 682 276 Lxxxw,
718 239 772 266 DE
805 237 951 267 anfflS
982 235 1147 266 ΜΑΤΤΗ.
1182 239 1275 267 xix.
1411 227 1491 268 421

122 305 367 350 libertatem
390 314 510 349 tuam
527 306 611 361 ire,
637 304 739 363 quia
752 304 905 364 jubere
927 319 1016 348 non
1037 313 1240 364 possunt,
1265 303 1499 349 blandiun-

120 383 205 419 tur.
225 378 281 419 Et
296 375 394 434 plus
406 383 508 418 sunt
521 372 713 418 cavenda
725 388 874 418 earum
888 373 1202 429 blandimenta,
1220 389 1352 435 quam
1367 377 1498 435 jussa.

121 444 238 498 Quid
253 444 357 489 dicit
379 444 578 489 avaritia?
602 445 731 488 Serva
753 443 855 499 tibi,
878 459 998 489 serva
1021 444 1119 489 filiis
1136 446 1235 490 tuis.
1263 446 1307 490 Si
1328 446 1498 505 egebis,

121 530 250 559 nemo
279 515 362 559 tibi
382 514 518 559 dabit.
543 513 642 559 Noli
666 513 721 557 ad
751 524 923 574 tempus
944 515 1087 559 vivere
1108 535 1117 560 :
1152 515 1328 561 consule
1355 515 1437 560 tibi
1458 516 1503 560 in

120 586 335 630 futurum.
361 587 523 630 Contra
546 584 715 629 luxuria
740 600 748 625 ε
775 585 883 630 Vive
905 601 1007 630 cum
1025 586 1131 631 vivis
1147 621 1158 641 ,
1178 587 1247 632 fac
1268 587 1381 632 bene
1402 602 1504 632 cum

121 656 264 702 anima
281 666 373 701 tua.
391 656 630 701 Moriturus
645 669 688 700 es
701 689 712 710 ,
738 664 781 699 et
799 655 976 715 quando
998 656 1134 701 nescis
1155 672 1164 697 ε
1189 657 1259 701 cui
1275 656 1504 702 relicturus

121 741 164 771 es
175 761 190 782 ,
211 743 266 771 an
288 727 343 771 sit
364 741 633 786 possessurus
649 726 835 784 ignoras.
863 728 928 769 Tu
948 726 1082 770 demis
1104 736 1147 771 et
1169 727 1387 772 subtrahis
1410 737 1505 787 gut«

121 798 208 841 turi
230 805 307 841 tuo
328 812 336 838 :
365 796 439 840 ille
456 796 568 841 forte
590 811 689 841 cum
713 804 912 841 mortuus
934 795 1088 852 fueris,
1114 796 1292 841 calicem
1309 813 1438 858 super
1462 807 1505 842 te

122 882 211 912 non
232 875 394 927 ponet,
420 875 495 911 aut
517 867 550 911 si
573 866 686 911 forte
708 866 885 911 calicem
902 875 1036 926 ponet
1054 901 1064 922 ,
1090 868 1180 926 ipse
1201 867 1506 923 inebriabitur,

122 938 176 982 ad
194 947 236 982 te
253 937 374 982 nulla
389 937 502 982 stilla
521 937 769 983 descendet.
787 941 873 982 Fac
888 953 990 997 ergo
1007 938 1119 982 bene
1137 953 1236 982 cum
1255 938 1397 982 anima
1413 947 1506 994 tua,

122 1008 299 1068 quando
315 1017 460 1067 potes,
486 1023 586 1053 cum
608 1017 745 1068 potes.
771 1007 904 1053 Aliud
921 1008 1106 1068 jubebat
1133 1009 1309 1054 avaritia
1340 1028 1349 1054 ε
1380 1010 1510 1054 Serva

122 1080 213 1134 tibi,
240 1079 420 1124 consule
444 1079 524 1123 tibi
544 1080 591 1123 in
611 1089 848 1139 posterum.
873 1078 1007 1125 Aliud
1028 1079 1225 1124 luxuria:
1248 1082 1389 1138 Eroga
1405 1115 1416 1135 ,
1443 1079 1510 1124 fac

121 1165 220 1194 cum
243 1151 386 1194 anima
402 1159 477 1194 tua
495 1150 622 1195 bene.

180 1222 280 1263 VII.
309 1219 482 1264 Taedeat
520 1229 580 1275 te,
607 1235 633 1264 o
655 1219 765 1264 liber
790 1220 836 1263 in
868 1219 1114 1264 libertatem
1132 1229 1311 1275 vocate,
1351 1219 1511 1265 taedeat

121 1298 164 1333 te
198 1288 346 1332 talium
380 1289 657 1334 dominarum
688 1290 883 1334 servituS.
931 1292 1126 1348 Agnosce
1165 1290 1512 1350 Redemptorem

121 1368 270 1413 tuum,
302 1358 661 1403 Manumissorem
684 1368 826 1403 tuum.
853 1358 921 1402 Illi
952 1360 1061 1404 servi
1089 1379 1098 1404 z
1133 1360 1327 1404 faciliora
1356 1361 1510 1420 jubet,

120 1428 336 1473 contraria
367 1443 457 1472 non
485 1428 628 1489 jubet.
664 1427 863 1488 Amplius
896 1428 1036 1473 audeo
1068 1428 1245 1474 dicere:
1282 1430 1511 1475 Contraria

117 1499 333 1559 jubebant
351 1498 527 1543 avaritia
545 1508 588 1543 et
600 1498 774 1543 luxuria
791 1534 802 1554 ,
820 1500 878 1543 ita
900 1507 949 1543 ut
973 1499 1186 1543 ambabus
1208 1499 1512 1560 obtemperare

121 1585 211 1615 non
232 1585 374 1628 posses
397 1589 405 1614 z
425 1579 468 1614 et
489 1570 663 1614 dicebat
680 1586 767 1614 una
788 1589 797 1614 :
821 1573 951 1615 Serva
965 1570 1062 1626 tibi,
1079 1580 1123 1615 et
1143 1571 1321 1616 consule
1342 1572 1388 1616 in
1407 1588 1512 1632 pos-

121 1650 293 1697 terum3
326 1639 500 1684 dicebat
530 1639 611 1702 alia
640 1659 647 1684 :
673 1643 836 1698 Eroga,
871 1639 941 1685 fac
968 1640 1080 1684 bene
1108 1656 1211 1685 cum
1243 1642 1385 1686 anima
1417 1651 1509 1687 tua.

122 1710 336 1755 Procedat
358 1710 568 1755 Dominus
588 1719 689 1754 tuus
711 1711 862 1755 eadem
886 1710 1098 1765 dicturus,
1121 1720 1164 1755 et
1186 1712 1400 1756 contraria
1421 1729 1512 1758 non

123 1781 319 1825 dicturus
334 1779 601 1840 Redemptor
624 1789 740 1824 tuus.
764 1781 807 1825 Si
829 1779 1022 1824 nolueris
1037 1816 1048 1836 ,
1067 1780 1217 1826 domui
1235 1783 1328 1842 ejus
1343 1798 1433 1827 non
1449 1792 1513 1828 est

123 1852 386 1896 necessarius
395 1851 612 1911 quiservit
624 1851 801 1896 invitus.
813 1850 1004 1895 Attende
1014 1851 1352 1911 Redemptorem
1365 1862 1489 1897 tuum
1497 1889 1509 1909 ‚

125 1922 299 1967 attende
319 1922 509 1981 pretium
532 1931 674 1966 tuum.
700 1923 831 1966 Venit
852 1930 903 1966 ut
923 1921 1133 1979 redimat,
1158 1924 1414 1983 sanguinem
1437 1924 1510 1969 fu-

58 2022 60 2026 =
124 1992 204 2037 dit.
225 1993 417 2037 Charum
440 2001 482 2036 te
503 1992 674 2048 habuit,
692 2007 824 2052 quem
846 2001 934 2037 tam
956 1993 1088 2038 charo
1105 2002 1282 2038 emerat.
1303 1997 1511 2052 Agnoscis

27 2116 33 2124 .
58 2066 59 2069 ’
125 2064 201 2124 qui
216 2063 383 2117 emerit,
396 2062 572 2107 attende
585 2062 704 2107 unde
715 2062 914 2108 redimat.
928 2065 1066 2108 Taceo
1080 2063 1136 2108 de
1149 2065 1312 2108 caeteris
1326 2066 1513 2125 superbe

125 2134 172 2177 in
187 2143 229 2178 te
246 2134 574 2178 dominantibus
590 2134 701 2178 vitiis
718 2148 729 2175 ε
746 2135 1137 2179 innumerabilibus
1154 2136 1271 2179 enim
1292 2136 1415 2180 malis
1431 2137 1512 2182 do-

126 2204 253 2248 minis
275 2203 503 2249 serviebas,
531 2206 616 2248 Has
644 2205 752 2249 duas
775 2204 872 2250 dico
888 2205 1093 2265 jubentes
1113 2207 1348 2261 contraria,
1374 2207 1420 2251 in
1441 2207 1510 2252 di-

51 2318 65 2345 Ι,
127 2291 248 2320 versa
279 2275 517 2335 rapienteS,
542 2276 763 2321 avaritiam
794 2285 837 2321 et
863 2275 1092 2321 luxuriam.
1120 2278 1250 2338 Eripe
1272 2287 1315 2323 te
1338 2277 1392 2322 ab
1413 2279 1479 2323 his
1496 2314 1507 2335 ,

54 2351 58 2355 ’
127 2346 228 2390 veni
242 2345 298 2390 ad
313 2348 453 2390 Deum
471 2354 613 2390 tuum.
634 2347 677 2392 Si
697 2362 845 2392 servus
867 2362 958 2392 eras
980 2347 1241 2408 iniquitatis,
1261 2357 1352 2394 esto
1366 2364 1512 2395 servus

12 2447 37 2492 da·
52 2430 62 2477 ἱ

28 2486 64 2547 st
130 2487 221 2546 ipsa
244 2485 367 2531 audis
389 2502 411 2531 a
434 2488 619 2532 Domino
643 2497 743 2545 tuo,
776 2498 820 2534 et
850 2505 940 2535 non
963 2491 1177 2535 contraria
1199 2490 1342 2551 jubet.
1368 2492 1511 2536 Verba

126 2416 320 2477 justitiae.
345 2416 488 2461 Verba
505 2432 604 2477 quae
623 2417 704 2462 tibi
726 2417 951 2474 dicebant,
976 2428 1020 2464 et
1043 2420 1256 2464 contraria
1268 2420 1508 2480 jubebant,

132 2572 277 2602 earum
301 2573 390 2603 non
412 2557 526 2605 tollit
547 2578 555 2603 z
576 2558 649 2603 sed
668 2569 926 2618 potestatem
945 2559 1073 2606 tollit.
1099 2560 1215 2615 Quid
1232 2561 1310 2606 tihi
1337 2561 1509 2606 dicebat
