1898 3178
291 267 429 296 smmo
461 268 600 305 Lxxv,
634 268 688 295 DE
721 268 865 296 VERBIS
897 268 1060 297 MATTH.
1095 269 1181 296 x1v.
1345 256 1423 296 341

57 350 208 395 poenas
232 336 409 379 timeant
429 349 535 393 quas
554 334 755 376 minatur.
785 335 901 378 Sicut
923 336 1037 379 enim
1060 349 1210 378 verum
1233 334 1428 394 estquod

56 406 251 452 dicturus
272 416 336 451 est
352 406 407 450 ad
425 405 642 449 dexteram
667 405 838 464 positis:
869 426 888 447 «
914 407 1082 461 Venite,
1111 406 1326 450 benedicti
1350 409 1430 449 Pa-

59 496 77 519 »
105 478 177 521 tris
197 478 305 531 mei,
331 476 537 535 percipite
558 490 762 533 regnum,
783 477 902 536 quod
922 478 1042 520 vobis
1072 486 1266 536 paratum
1291 486 1355 520 est
1376 478 1430 520 ab

59 567 78 590 »
102 548 227 592 initio
254 547 431 591 mundi¹
455 566 464 591 2
488 566 508 587 »
542 548 600 591 ita
622 562 773 590 verum
794 556 857 590 est
886 548 1005 607 quod
1036 548 1227 592 audituri
1255 558 1356 592 sunt
1376 549 1431 592 ad

54 618 268 662 sinistram
285 617 511 662 constituti
533 633 541 658 τ
563 636 583 659 «
610 620 674 660 Ite
691 617 737 660 in
752 617 896 676 ignem
913 628 1140 673 aeternum,
1162 619 1236 678 qui
1259 628 1432 678 paratus

57 707 77 731 >›
102 698 164 732 est
181 688 356 733 diabolo
377 697 420 732 et
449 687 610 746 angelis
633 688 769 746 ejus2.
801 708 816 727 »
842 690 951 732 Nam
971 698 1013 732 et
1043 690 1121 732 ista
1147 690 1293 748 opinio
1309 724 1319 743 ,
1345 704 1430 749 qua

54 768 210 818 putant
230 759 427 803 homines
448 758 669 802 Christum
691 772 781 801 non
802 772 902 801 vera
924 757 1054 802 fuisse
1080 759 1237 818 iniquis
1266 768 1308 802 et
1331 775 1431 818 per-

54 830 152 874 ditis
171 829 481 873 comminatum
496 863 506 881 ,
535 844 586 871 ex
606 828 689 872 hoc
710 836 811 871 nata
840 837 923 880 est,
956 829 1057 888 quia
1082 828 1230 873 vident
1251 830 1434 888 populos

0 941 1 956 ἶ
54 900 212 945 multos
225 899 617 944 etinnumerabiles
636 900 783 943 turbas
797 901 962 943 nomini
980 902 1069 960 ejus
1083 916 1172 944 esse
1189 903 1402 961 subjectas
1419 922 1429 957 3

0 958 4 1078 b
53 980 102 1015 ut
122 986 171 1014 ex
187 986 237 1014 eo
252 969 334 1013 illis
351 969 550 1013 videatur
566 969 762 1014 Christus
781 970 1035 1029 phantasma
1053 986 1163 1026 esse,
1185 971 1283 1030 quia
1304 987 1433 1030 super

1 1085 5 1115 1
54 1056 169 1085 mare
185 1040 438 1084 ambulabat
454 1061 464 1097 3
482 1039 526 1083 id
546 1049 629 1093 est,
655 1039 753 1084 ideo
775 1040 973 1084 videatur
988 1042 1161 1085 mentiri
1185 1042 1230 1084 in
1246 1043 1429 1086 commi-

2 1120 7 1211 ξ
52 1112 225 1156 natione
245 1126 473 1170 poenarum
493 1146 503 1165 ,
529 1111 630 1171 quia
652 1111 774 1171 quasi
790 1126 879 1155 non
894 1121 1036 1170 potest
1058 1112 1236 1171 perdere
1256 1122 1340 1157 tam
1363 1115 1432 1156 in-

3 1216 8 1238 ,
51 1181 341 1226 numerabiles
364 1181 571 1240 populos,
610 1181 686 1241 qui
707 1182 873 1225 nomini
895 1183 984 1241 ejus
1007 1192 1049 1226 et
1070 1183 1224 1227 honori
1246 1184 1431 1244 subjecti

5 1242 9 1295 l
50 1263 164 1297 sunt.
195 1252 277 1297 Sed
300 1253 480 1295 audiant
502 1252 718 1296 dicentem
747 1272 755 1296 ι
785 1272 805 1294 «
828 1255 919 1310 Ego
947 1269 1057 1296 sum.
1084 1272 1103 1294 »
1126 1253 1193 1297 Illi
1223 1270 1325 1313 ergo
1342 1271 1432 1298 non

6 1297 11 1371 l
49 1323 254 1377 timeant,
290 1324 364 1381 qui
393 1337 588 1365 veracem
620 1323 665 1365 in
697 1323 899 1366 omnibus
932 1324 1151 1368 Christum
1176 1325 1427 1379 credentes,

9 1402 13 1447 Ι,
50 1410 135 1438 non
155 1393 294 1437 solum
319 1393 362 1435 id
387 1391 506 1452 quod
525 1392 720 1451 promisit
738 1402 973 1452 appetunt,
1003 1393 1078 1436 sed
1101 1395 1229 1438 etiam
1254 1395 1429 1452 fugiunt

10 1450 14 1502 l
48 1464 166 1524 quod
194 1463 383 1507 minatus
406 1472 469 1506 est
490 1481 498 1508 :
523 1463 626 1522 quia
643 1463 806 1506 etiamsi
837 1478 965 1521 super
992 1478 1110 1506 mare
1138 1464 1359 1519 ambulat,
1384 1467 1427 1509 id

2 1509 17 1596 l
48 1544 138 1589 est,
164 1535 307 1579 omnia
329 1548 484 1592 genera
507 1533 733 1577 hominum
755 1533 801 1577 in
824 1533 905 1578 isto
930 1533 1089 1578 saeculo
1112 1536 1344 1580 constituta
1367 1536 1427 1580 illi

48 1605 239 1665 subjecta
272 1613 401 1661 sunt,
433 1613 579 1647 tamen
609 1618 697 1646 non
723 1612 786 1646 est
817 1605 1099 1662 phantasma,
1136 1615 1179 1648 et
1211 1606 1307 1649 ideo
1340 1623 1428 1650 non

46 1676 254 1719 mentitur
275 1689 374 1718 cum
393 1673 497 1717 dicit
515 1692 523 1717 :
551 1688 573 1715 (e
587 1675 685 1718 Non
707 1673 845 1717 omnis
860 1673 936 1733 qui
953 1674 1060 1717 mihi
1075 1674 1202 1718 dicit:
1224 1676 1422 1731 Domine,

50 1763 70 1786 »
97 1745 278 1789 Domine
294 1780 304 1797 ,
330 1743 511 1787 intrabit
531 1743 578 1786 in
600 1757 782 1800 regnum
806 1742 1061 1787 coelorum3.
1091 1763 1109 1785 »

103 1817 157 1859 X.
180 1814 296 1868 Quid
319 1830 420 1872 ergo
443 1813 656 1872 significat
677 1813 806 1857 etiam
824 1814 943 1873 quod
966 1818 1117 1858 Petrus
1140 1831 1266 1860 ausus
1290 1827 1351 1860 cst
1372 1817 1426 1861 ad

0 1899 11 1916 ”
45 1886 167 1930 illum
190 1886 336 1930 venire
363 1890 491 1944 super
519 1885 683 1943 aquas?
716 1885 864 1927 Gestat
896 1884 1012 1927 enim
1037 1888 1187 1929 Petrus
1221 1889 1425 1930 Ecclesiae

0 1985 9 2001 ,μ
45 1956 302 2016 plerumque
319 1969 561 2014 personam.
589 1952 704 2006 Quid
734 1969 837 2012 ergo
857 1953 975 1998 aliud
999 1954 1167 1999 dictum
1190 1966 1393 2015 putamus
1415 1978 1422 2003 :

0 2037 8 2066 ε
51 2046 71 2069 «
95 2027 297 2080 Domine,
317 2025 350 2069 si
372 2034 420 2069 tu
442 2040 507 2080 es,
526 2024 633 2084 jube
655 2039 725 2068 me
746 2025 893 2068 venire
920 2025 974 2068 ad
998 2034 1039 2068 te
1068 2041 1195 2084 super
1217 2042 1374 2086 aquas:
1402 2047 1421 2068 »

0 2108 19 2142 lt..
45 2097 148 2153 nisi,
174 2097 379 2151 Domine,
399 2095 432 2139 si
454 2104 503 2139 tu
515 2109 644 2139 verax
661 2110 705 2138 es
720 2129 731 2149 ‚
757 2103 800 2138 et
820 2095 866 2138 in
884 2093 1007 2139 nullo
1027 2096 1242 2151 mentiris,
1263 2097 1424 2141 clarifi-

0 2177 17 2213 ta
45 2177 165 2212 cetur
179 2168 308 2212 etiam
322 2164 512 2210 Ecclesia
531 2174 606 2209 tua
621 2165 667 2209 in
679 2165 761 2209 isto
779 2165 955 2219 saeculo,
975 2166 1076 2225 quia
1094 2167 1177 2210 hoc
1193 2167 1247 2211 de
1264 2177 1306 2211 te
1324 2184 1424 2227 pro«

0 2249 21 2278 r
46 2238 189 2297 phetia
214 2236 494 2296 praedicavit?
516 2234 726 2279 Ambulet
746 2250 848 2293 ergo
871 2251 999 2294 super
1030 2252 1183 2295 aquas,
1219 2246 1262 2281 et
1287 2239 1346 2282 sic
1370 2239 1422 2283 ad

0 2315 15 2349 ἃ
47 2317 89 2353 te
109 2309 254 2353 veniat
271 2307 344 2352 illa
362 2307 432 2351 cui
447 2306 612 2350 dictum
631 2315 694 2350 est
713 2325 722 2351 :
745 2325 765 2348 «
784 2305 967 2350 Vultum
984 2315 1110 2350 tuum
1132 2307 1426 2366 deprecabun-

0 2389 24 2433 ξ.
50 2396 69 2420 »
95 2389 165 2423 tur
184 2377 338 2422 divites
365 2376 544 2436 plebis⁴.
570 2395 589 2417 »
623 2376 708 2421 Sed
730 2376 938 2435 quoniam
965 2377 1196 2420 Dominum
1226 2376 1317 2421 laus
1339 2379 1424 2422 hu-

0 2462 22 2492 r:
47 2463 172 2492 mana
188 2463 277 2492 non
295 2456 448 2501 tentat,
466 2446 662 2490 homines
679 2455 823 2490 autem
837 2462 947 2504 saepe
960 2448 1004 2490 in
1022 2447 1209 2491 Ecclesia
1226 2449 1426 2493 humanis

5 2520 24 2561 ⁴1:
48 2517 249 2563 laudibus
266 2528 309 2563 et
326 2517 564 2562 honoribus
583 2517 912 2576 perturbantur,
932 2527 974 2562 et
987 2533 1122 2577 prope
1140 2529 1394 2577 merguntur
1411 2542 1422 2577 ς

92 2604 103 2620 ¹
123 2603 219 2634 Man.
244 2614 318 2641 xxv,
341 2602 446 2640 3'1.—-
475 2609 486 2623 ²
507 2601 585 2632 ibid.
608 2601 661 2641 [41.
687 2618 727 2623 -·-
748 2600 759 2623 3
778 2602 889 2633 Mam..
917 2613 970 2634 wi.
990 2612 1043 2632 Ἡ.
1071 2602 1138 2630 -4
1166 2603 1241 2633 Ρςεεῑ.
1264 2615 1344 2636 unu
1372 2607 1404 2634 ε’-
