1898 3178
317 300 456 330 sEnMO
487 302 644 339 xcvm,
681 302 734 328 DE
767 300 912 328 vEmnS
943 302 1036 330 Luc.
1073 302 1150 328 vn.
1336 288 1417 327 533

39 370 157 413 intus
189 367 343 422 hahet,
373 367 570 411 nondum
600 365 766 410 extulit.
800 369 855 410 Et
876 375 926 411 ut
950 368 1019 422 fit,
1051 375 1101 410 ut
1121 366 1343 420 novimus,
1371 374 1421 409 ut

18 437 236 499 quotidie
262 438 462 482 homines
497 437 542 480 in
583 452 626 481 se
659 438 962 496 experiuntur,
1002 436 1235 497 aliquando
1271 435 1421 481 audito

17 483 171 554 verbo
193 508 297 563 Dei,
325 517 534 567 tanquam
569 507 755 552 Domino
778 507 949 552 dicente
976 527 984 552 ε
1012 509 1148 566 Surge
1175 524 1183 549 ε
1210 508 1420 551 condem-

38 587 167 624 natur
196 594 428 623 consensus
463 578 518 622 ad
556 578 853 638 iniquitatem,
892 580 1123 638 respiratur
1160 579 1205 623 in
1236 578 1421 623 salutem

39 659 168 710 atque
184 650 412 710 justitiam.
434 650 580 708 Surgit
600 658 798 693 mortuus
822 649 866 693 in
887 649 1035 704 domo,
1056 649 1358 694 reviviscitcor
1375 649 1421 692 in

50 721 306 779 ¹ogitatiouis
327 729 506 764 secreto.
526 723 658 764 Facta
677 729 740 764 est
760 721 839 764 ista
858 721 1113 765 resurrectio
1131 721 1287 764 animae
1308 734 1423 764 mor-

39 806 125 835 uae
147 791 264 835 intus
286 792 398 835 intra
417 790 604 835 latebras
625 791 924 846 conscientiae,
959 800 1168 851 tanquam
1204 791 1316 834 intra
1339 790 1421 834 do—

5 884 11 894 ,1
33 882 41 890 ·1
83 862 234 905 esticos
268 861 467 920 parietes.
502 860 586 905 Alii
607 870 705 920 post
727 876 986 906 consensum
1014 871 1120 905 eunt
1153 862 1197 904 in
1228 860 1418 915 factum,

9 904 36 972 i
57 946 243 991 anquam
267 931 494 975 efferentes
513 941 738 976 mortuum
753 967 763 986 ‚
787 941 833 975 ut
850 932 970 991 quod
986 932 1148 975 latebat
1170 931 1215 974 in
1237 940 1419 984 secreto,

3 1032 13 1041 ,η
45 1011 239 1062 ppareat
263 1003 306 1045 in
336 1001 528 1061 publico.
560 1002 784 1062 Numquid
816 1004 905 1062 jam
942 1003 1039 1056 isti,
1066 1003 1142 1062 qui
1176 1002 1221 1045 in
1256 1000 1421 1045 f'actum

4 1082 356 1135 wurocessertint,
385 1071 599 1132 desperati
621 1074 753 1117 sunt?
775 1075 930 1117 Nonne
949 1082 991 1116 et
1013 1072 1076 1116 illi
1084 1072 1236 1132 juveni
1254 1070 1420 1116 dictum

8 1147 17 1184 ,ἶ
31 1172 40 1183 .
60 1153 120 1188 st:
149 1164 169 1186 «
191 1144 289 1188 Tibi
313 1144 410 1188 dico
427 1178 438 1198 ,
463 1146 619 1202 surge?
641 1162 661 1186 »
684 1146 839 1190 Nonne
857 1153 900 1188 et
913 1143 986 1188 ille
1007 1143 1203 1187 redditus
1218 1152 1279 1187 est
1293 1143 1423 1187 matri

10 1248 11 1252 η
37 1215 148 1258 uae‘?
174 1214 241 1258 Sic
261 1228 364 1272 ergo
391 1223 434 1258 et
457 1214 533 1273 qui
560 1215 649 1273 jam
674 1213 850 1268 fecerit,
879 1215 911 1257 si
934 1213 1046 1258 forte
1069 1213 1358 1258 commonitus
1380 1221 1423 1256 et

3 1302 19 1319 ¹
60 1294 276 1330 ommotus
298 1285 432 1329 verbo
446 1285 639 1329 veritatis
658 1283 713 1328 ad
730 1284 889 1330 Christi
901 1299 1051 1329 vocem
1071 1285 1279 1342 resurgit,
1299 1284 1423 1328 vivus

23 650 29 678 ἱ

11 1593 14 1608 ι
41 1567 144 1611 'nat
165 1565 312 1610 videre
343 1566 446 1625 quia
480 1565 644 1609 malum
678 1575 765 1620 est,
801 1566 915 1610 fiunt
937 1565 1184 1610 defensores
1205 1566 1421 1610 malorum

8 1660 27 1679 t
49 1646 249 1681 ctorurn
286 1651 463 1680 suorum
490 1655 498 1679 :
530 1636 778 1679 irascuntur
804 1650 905 1678 cum
935 1634 1345 1694 reprehenduntur3
1374 1636 1421 1679 in

13 1746 15 1749 .
36 1762 38 1764 ‚
61 1716 203 1752 ‚ntum
229 1716 278 1751 ut
295 1706 530 1751 Sodomitae
554 1700 777 1765 quondam
801 1704 994 1749 dicerent
1015 1704 1109 1749 viro
1128 1706 1247 1765 justo
1269 1720 1419 1764 repre-

83 1848 199 1908 leges
216 1847 354 1892 dare1.
372 1866 391 1888 »
406 1850 542 1891 Tanta
555 1847 616 1890 ibi
631 1846 833 1891 nefandae
846 1845 1129 1906 turpitudinis
1147 1846 1418 1892 consuetudo

75 1928 125 1963 rat
141 1954 152 1973 ,
177 1928 227 1962 ut
242 1920 332 1978 jam
354 1918 548 1978 nequitia
571 1926 680 1963 esset
704 1917 869 1977 justitia
885 1952 896 1972 ,
932 1926 974 1962 et
1003 1917 1248 1976 prohibitor
1276 1919 1419 1977 potius

68 1988 424 2049 prehenderetur
440 2003 573 2047 quam
590 1986 742 2032 factor.
762 1987 884 2032 Tales
900 1986 1216 2032 consuetudine
1229 1987 1419 2046 maligna

0 2149 28 2185 2³³¹
64 2144 98 2174 a
115 2129 296 2189 sepulti,
321 2137 371 2172 ut
393 2127 448 2172 de
471 2130 632 2173 Lazaro
653 2128 819 2172 dictum
837 2138 915 2182 est,
936 2146 956 2170 ι(
973 2130 1069 2172 Jam
1089 2137 1227 2188 putet.
1246 2129 1420 2173 »Moles

0 2190 29 2256 {gc
48 2241 67 2259 ,ἶ
83 2215 107 2243 a
128 2199 325 2259 imposita
347 2197 562 2258 sepulcro,
580 2199 670 2258 ipsa
689 2208 751 2243 est
768 2199 830 2243 vis
845 2198 953 2243 dura
970 2199 1312 2254 consuetudinis,
1333 2215 1419 2260 qua

53 2543 336 2596 zsslectationis
357 2552 403 2595 in
420 2549 566 2605 corde,
581 2550 768 2595 secunda
785 2551 1023 2605 consensio,
1041 2552 1218 2595 tertium
1237 2549 1417 2608 factum,

88 2640 98 2658 ¹
113 2636 192 2668 Gen.
215 2645 279 2676 xix,
299 2646 330 2677 9.
