1898 3178
376 252 432 291 34
815 260 848 287 s.
885 258 1116 286 Aucusnm
1149 259 1329 286 Emscom

365 329 562 388 inquam,
581 325 703 387 quod
723 324 989 384 respondeas
1008 323 1147 384 judici
1169 331 1246 367 tuo
1267 340 1276 367 :
1301 340 1322 364 «
1343 320 1536 373 Nescivi‚
1554 333 1643 362 non
1655 317 1760 374 vidi,
1872 339 1874 361 ;

367 415 388 440 »
424 412 514 442 non
535 395 682 441 audivi
700 397 731 438 ¹.
762 412 782 436 »
809 393 928 448 Quid
946 402 1013 439 est
1034 392 1156 454 quod
1177 391 1379 438 nescisti?
1398 409 1419 434 «
1438 392 1527 436 Nec
1546 397 1610 433 est
1631 388 1764 448 quise
1869 384 1874 472 1⁸

371 486 392 510 »
419 467 658 513 abscondat
670 482 694 510 a
707 464 850 510 calore
865 466 973 526 ejus.
993 464 1133 518 »Quid
1147 473 1211 509 est
1224 462 1346 524 quod
1359 478 1449 508 non
1462 461 1637 507 vidisti?
1654 479 1674 502 «
1690 459 1766 503 Vi-
1868 477 1871 505 s

371 556 391 579 »
428 537 589 583 derunt
616 551 769 582 omnes
790 536 898 580 fines
917 544 1045 580 terrae
1077 535 1262 579 salutare
1290 532 1369 578 Dei
1401 531 1582 577 nostri2.
1606 549 1625 572 »
1650 529 1768 583 Quid
1867 512 1871 572 ,Ῑ

365 607 565 668 estquod
594 622 684 652 non
719 606 913 651 audisti?
939 625 960 649 «
981 608 1034 650 In
1068 619 1246 649 omnem
1277 613 1438 649 terram
1472 601 1603 646 exivit
1637 613 1768 645 sonus
1864 575 1870 696 J

368 695 390 719 »
424 692 601 736 eorum«,
621 686 664 722 et
680 677 727 721 in
748 677 857 721 fines
875 676 992 722 orbis
1009 684 1137 720 terrae
1159 674 1295 720 verba
1313 688 1466 718 eorum
1483 673 1514 716 ³.
1539 689 1559 712 »

421 749 603 793 XXXV.
628 747 715 792 Sed
735 756 855 792 recte
885 762 910 792 a
929 746 1055 791 vobis
1089 744 1304 806 quaeritur
1341 759 1426 789 vox
1461 741 1622 788 Christi
1640 737 1664 796 ,’
1687 753 1771 784 vox
1863 704 1870 802 i

364 818 544 875 pastoris
560 852 572 873 ,
598 832 732 878 quam
750 832 852 863 oves
869 816 1056 861 audiant
1087 824 1131 860 et
1153 823 1410 875 sequantur.
1442 814 1542 858 Non
1566 809 1770 856 invenitis

364 886 473 946 quid
495 887 646 934 dicatis
661 923 673 944 ‚
697 903 852 933 vocem
873 887 1058 947 pastoris
1080 901 1173 932 non
1200 885 1395 930 habetis.
1418 882 1603 937 Audite,
1629 890 1672 925 et
1702 890 1771 924 se·-
1860 862 1864 936 i

365 957 551 1016 quimini
577 977 586 1002 ε
610 958 817 1003 dimittite
850 972 1006 1003 vocem
1026 955 1144 1016 lupi,
1179 955 1412 1015 sequimini
1437 967 1590 998 vocem
1623 959 1774 1010 pasto-
1859 938 1862 971 ¹

367 1027 446 1084 ris3
463 1036 540 1071 aut
563 1027 663 1073 date
680 1043 835 1074 vocem
850 1028 1046 1087 pastoris.
1067 1030 1246 1082 DamUS,
1265 1025 1489 1085 inquiunt.
1510 1021 1771 1068 Audiamus.
1854 976 1862 1160 ἱ

365 1099 527 1142 Damus
559 1108 602 1142 et
637 1114 715 1142 nos
752 1114 906 1144 vocem
944 1098 1143 1158 pastoris.
1178 1096 1439 1142 Audiamus.
1472 1097 1525 1138 In
1553 1092 1770 1146 Canticis,

365 1165 576 1224 inquiunt
592 1198 603 1218 ,
629 1163 922 1208 canticorum
939 1167 1142 1223 loquitur
1168 1177 1325 1222 sponsa
1343 1165 1400 1210 ad
1429 1178 1663 1223 sponsum,
1685 1165 1774 1206 Ec-

366 1235 496 1280 clesia
518 1234 574 1278 acl
595 1234 835 1279 Christum.
858 1234 1070 1280 Novimus
1093 1233 1276 1279 Cantica
1298 1236 1572 1278 canticorum
1589 1267 1600 1288 ,
1621 1241 1774 1277 sancta

369 1305 536 1350 cantica
554 1339 565 1360 ,
602 1304 811 1349 amatoria
840 1304 1032 1359 cantica,
1057 1304 1199 1348 sancti
1228 1303 1386 1348 amoris
1402 1338 1413 1359 ,
1438 1313 1598 1348 sanctae
1625 1303 1770 1347 chari-

368 1377 490 1429 tatis,
515 1384 677 1419 sanctae
713 1373 974 1419 dulcedinis.
1009 1373 1143 1418 Plane
1177 1373 1278 1419 volo
1305 1374 1410 1418 inde
1440 1374 1594 1418 audire
1615 1387 1771 1418 vocem

372 1444 581 1504 pastoris,
606 1458 760 1489 vocem
790 1443 1037 1488 dulcissimi
1059 1444 1219 1503 sponsi.
1248 1443 1341 1488 Ede
1358 1479 1370 1499 ‚
1406 1444 1441 1488 si
1464 1444 1572 1504 quid
1598 1444 1733 1488 habes
1759 1462 1769 1488 ς

378 1515 620 1559 audiamuS.
662 1517 850 1574 Sponsa,
891 1514 1127 1573 inquiunt,
1159 1514 1266 1558 dicit
1295 1512 1352 1557 ad
1373 1528 1584 1573 sponsum
1606 1532 1614 1557 :
1641 1532 1661 1555 «
1681 1517 1776 1558 An-

380 1604 401 1627 »
437 1586 592 1630 nuntia
612 1585 718 1629 mihi
741 1600 875 1646 quem
906 1584 1056 1629 dilexit
1079 1585 1224 1629 anima
1256 1599 1373 1639 mea,
1410 1584 1488 1628 ubi
1510 1584 1673 1642 pascis,
1700 1583 1778 1627 ubi
1849 1622 1855 1630 .
1878 1585 1883 1628 ,ι’

385 1674 406 1697 »
442 1656 662 1700 cubas4i‘»
683 1659 738 1699 Et
758 1655 848 1709 ifle,
868 1649 1092 1714 inquiunt,
1115 1654 1369 1715 respondet,
1389 1657 1442 1698 In
1464 1653 1659 1698 meridie.
1684 1657 1782 1699 Ma-

385 1723 541 1768 nifesta
552 1723 632 1767 tibi
643 1724 891 1769 testimonia
899 1722 1193 1783 proferebam,
1205 1740 1296 1769 non
1308 1733 1399 1769 erat
1408 1723 1784 1785 quemadmodum

386 1794 509 1838 aliter
521 1794 866 1853 interpretareris
886 1812 894 1838 ε
919 1812 939 1836 «
965 1794 1143 1839 Postula
1164 1810 1189 1839 a
1207 1810 1278 1840 me
1292 1830 1303 1850 ‚
1324 1804 1368 1839 et
1388 1794 1504 1839 dabo
1527 1795 1608 1838 tibi
1634 1803 1786 1853 gentes

394 1883 415 1906 »
450 1863 750 1908 haereditatem
788 1874 933 1919 tuam,
980 1874 1023 1910 et
1065 1865 1378 1924 possessionem
1417 1874 1536 1909 tuam
1577 1865 1786 1910 terminos

396 1952 417 1975 »
446 1935 1088 1980 terrae⁵.Commemorabuntur
1100 1944 1145 1980 et
1157 1945 1469 1980 convertentur
1483 1936 1538 1979 ad
1551 1936 1790 1980 Dominum

398 2022 418 2045 »
455 2004 644 2048 universi
666 2006 773 2049 fines
796 2014 921 2049 terrae
935 2007 968 2048 ⁵.
996 2023 1017 2047 »
1037 2004 1151 2058 Quid
1173 2014 1236 2050 est
1258 2006 1379 2065 quod
1402 2005 1509 2049 mihi
1521 2004 1575 2048 de
1598 2005 1789 2050 Canticis

397 2076 664 2120 canticorum
688 2074 880 2135 profers?
896 2075 1024 2129 Quod
1041 2075 1156 2121 forte
1177 2091 1268 2120 non
1282 2075 1503 2135 intelligisf
1521 2076 1698 2120 Etenim
1714 2075 1791 2122 illa

400 2145 579 2190 Cantica
595 2146 826 2204 aenigmata
848 2154 978 2201 sunt,
1013 2146 1161 2204 paucis
1177 2145 1525 2206 intelligentibus
1543 2154 1647 2191 nota
1668 2155 1788 2202 sunt,
1870 2178 1873 2197 .

399 2215 548 2273 paucis
584 2215 860 2275 pulsantibus
901 2215 1172 2274 aperiuntur.
1223 2219 1338 2260 Tene
1372 2226 1415 2261 et
1449 2216 1607 2263 devote
1641 2217 1791 2277 accipe
1870 2264 1871 2281 Χ

405 2294 550 2343 aperta
565 2319 578 2341 ,
601 2294 651 2331 ut
667 2286 821 2331 merito
845 2285 927 2331 tibi
947 2285 1199 2346 pandantur
1227 2287 1426 2332 obscura.
1449 2287 1682 2341 Quomodo
1710 2287 1792 2332 eris
1868 2302 1871 2349 μ

405 2364 652 2413 penetrator
669 2358 972 2414 obscurorum,
987 2366 1266 2417 contemptor
1283 2358 1645 2404 manifestorum?
1868 2361 1869 2366 ’

466 2427 670 2471 XXXVI.
689 2430 801 2474 Ecce
824 2436 971 2473 tamen
992 2437 1042 2473 ut
1064 2444 1313 2488 possumus,
1339 2427 1516 2485 iratres,
1542 2429 1638 2473 haec
1659 2429 1794 2474 verba
1825 2413 1829 2459 ¹
1864 2376 1869 2506 i

473 2528 481 2542 1
502 2522 580 2554 Psal.
605 2535 695 2564 ,xv-ru,
714 2536 744 2564 7.
766 2542 806 2548 =
830 2526 906 2558 ²1d.
927 2535 1022 2567 xcvn,
1045 2526 1076 2559 3.
1108 2542 1145 2549 —
1168 2524 1180 2547 3
1201 2526 1247 2558 Id.
1269 2537 1355 2567 xviii,
1379 2525 1410 2559 5.
1432 2542 1473 2549 -
1493 2524 1509 2555 4
1534 2527 1626 2558 Cant.
1648 2537 1671 2567 1,
1690 2524 1722 2558 6.
1751 2539 1792 2548 -·

413 2572 427 2596 5
446 2577 523 2609 Psal.
544 2589 578 2620 n,
598 2578 628 2611 8.
651 2596 691 2603 ·-
708 2578 723 2602 G
738 2581 783 2613 Id.
811 2591 879 2623 xxx,
898 2583 952 2614 28.
1502 2580 1506 2585 Ι

1815 2619 1824 2857 J

1812 2877 1818 3008 ἕ

1808 3035 1814 3178 i
