1898 3178
0 0 19 146 i

0 189 6 206 b

0 286 11 421 i?

353 255 490 280 senno
522 253 635 287 lxv,
673 252 725 277 ns
759 249 904 277 vaunis
937 251 1100 277 MATTH.
1140 251 1181 276 x.
1371 239 1449 275 <261

79 318 274 376 intelligo
297 319 392 375 quia
417 332 572 376 corpus
592 316 697 361 vivit
720 337 726 360 :
754 332 903 376 (μαργο
926 316 1032 376 quid
1049 315 1254 376 loquatur
1271 349 1282 369 ‚
1308 323 1455 358 utrum

17 377 21 443 Ι
77 398 121 434 et
141 390 282 433 anima
315 389 461 433 vivat?
487 387 765 431 Mendacium
782 387 992 446 loquitur.
1023 388 1065 432 Si
1090 385 1366 431 mendacium
1389 386 1457 431 lo-

17 453 23 535 {
75 460 246 519 quitur,
271 473 372 516 ergo
388 467 559 502 mortua
581 466 659 500 est.
684 456 810 501 Unde
831 457 914 501 hoc
936 458 1203 516 probamus?
1222 460 1365 516 Ipsam
1381 472 1458 501 ve—

18 538 29 1092 x
76 530 246 574 ritatem
281 530 596 587 interrogemus
617 563 627 582 ‚
664 543 764 587 quae
800 528 888 572 ait:
919 547 938 569 «
975 529 1032 572 Os
1071 527 1192 588 quod
1220 528 1456 583 mentitur,

78 619 99 643 »
134 600 293 645 occidit
320 601 508 644 animam
525 603 555 643 ¹.
585 618 605 642 »
627 602 810 653 Quaero:
837 601 979 652 Quare
1006 608 1179 643 mortua
1200 608 1264 644 est
1287 600 1461 644 anima?

76 673 205 725 Quod
227 671 358 731 paulo
391 680 490 715 ante
525 669 724 714 dicebam
743 706 753 725 ,
779 686 929 730 quaero
958 689 966 714 :
991 674 1130 723 Quare
1151 679 1375 715 mortuum
1398 679 1462 714 est

75 758 230 802 corpus
244 744 262 786 Ρ
276 742 386 795 Quia
409 742 601 786 discessit
624 741 711 786 vita
733 743 824 801 ejus
846 740 1005 785 anima.
1032 744 1176 794 Quare
1205 751 1377 786 mortua
1398 750 1462 785 est

75 813 246 856 anima?
264 813 374 865 Quia
391 811 582 856 deseruit
604 827 699 855 eam
721 812 807 856 vita
832 813 924 871 ejus
947 814 1076 856 Deus.
1231 805 1243 812 „

132 886 231 928 VII.
257 883 450 927 Breviter
480 898 583 941 ergo
604 883 670 927 his
693 883 903 942 cognitis,
937 883 1091 928 scitote
1112 892 1370 943 certumque
1390 892 1460 927 te-

75 962 194 1009 nete,
215 969 370 1012 corpus
388 962 611 996 mortuum
629 968 718 997 esse
737 953 828 997 sine
845 954 985 998 anima
1002 975 1012 1011 3
1035 953 1222 997 animam
1242 962 1460 997 mortuam

74 1039 162 1067 esse
179 1023 268 1066 sine
292 1027 395 1067 Deo.
417 1023 568 1066 Omnis
590 1023 725 1067 homo
747 1023 838 1067 sine
860 1027 950 1068 Deo
973 1033 1187 1067 mortuam
1211 1023 1344 1066 habet
1367 1023 1460 1066 ani-

73 1109 201 1138 mam.
254 1093 425 1152 Plangis
472 1104 697 1138 mortuum
730 1113 738 1139 :
782 1094 941 1154 plange
985 1103 1257 1154 peccatorem
1294 1094 1428 1151 magis
1447 1128 1458 1148 ‚

25 1098 31 1225 l
73 1164 227 1224 plange
263 1165 473 1223 impium,
501 1163 658 1224 plange
693 1163 932 1209 infidelem.
972 1165 1189 1224 Scriptum
1224 1172 1287 1208 est
1310 1163 1457 1208 enim:

27 1230 31 1307 ᾗ
78 1253 97 1277 «
132 1238 294 1279 Luctus
331 1235 515 1291 mortui,
553 1244 720 1294 septem
765 1235 882 1293 die53
915 1235 1022 1280 fatui
1057 1244 1203 1280 autem
1234 1245 1277 1279 et
1310 1235 1456 1294 impii,

28 1310 32 1358 Ι
75 1323 95 1346 n
130 1321 278 1350 omnes
311 1305 400 1349 dies
430 1305 532 1349 vitae
568 1304 744 1349 illorum
763 1308 795 1348 2.
825 1324 845 1346 »
872 1309 940 1350 An
969 1320 1071 1350 vero
1097 1321 1186 1350 non
1214 1306 1259 1349 in
1285 1315 1327 1350 te
1359 1315 1462 1350 sunt

29 1363 32 1439 ξ
72 1378 233 1421 viscera
261 1376 547 1420 miserationis
590 1377 834 1420 christianae
859 1398 870 1434 3
911 1387 961 1420 ut
990 1376 1167 1436 plangas
1210 1393 1367 1437 corpus
1384 1413 1395 1432 ,
1435 1393 1456 1421 a

29 1441 33 1516 1
71 1463 158 1508 quo
182 1448 352 1491 recessit
387 1447 528 1492 anima
550 1483 559 1503 ,
583 1457 626 1491 et
657 1463 747 1492 non
770 1447 946 1507 plangas
968 1449 1155 1492 animam
1170 1483 1181 1503 ‚
1221 1465 1243 1492 a
1265 1465 1352 1509 qua
1385 1463 1456 1492 re-

30 1523 34 1580 1
70 1518 193 1562 cessit
210 1519 354 1562 Deus?
378 1519 469 1561 Hoc
493 1527 642 1562 tenens
661 1521 829 1575 Martyr
845 1519 1106 1578 respondeat
1123 1519 1427 1564 comminatori
1446 1538 1454 1563 :

70 1587 185 1641 Quid
207 1604 276 1631 me
297 1589 413 1647 cogis
429 1623 440 1643 ‚
464 1597 512 1632 ut
535 1604 691 1648 negem
715 1589 967 1633 Christum?
1001 1589 1129 1648 Cogis
1150 1604 1253 1647 ergo
1267 1625 1278 1644 ‚
1305 1598 1354 1633 ut
1375 1604 1455 1633 ne-

70 1674 166 1718 gem
189 1660 445 1703 veritatem?
471 1660 512 1704 Si
542 1657 725 1717 noluero
743 1695 754 1713 ‚
780 1659 888 1719 quid
910 1659 1044 1703 facis?
1073 1661 1267 1704 Percutis
1297 1675 1454 1719 corpus

0 1749 2 1760 ι
68 1744 213 1772 meum
236 1765 246 1784 ‚
272 1738 321 1772 ut
342 1730 513 1774 recedat
531 1730 632 1773 inde
664 1731 806 1774 anima
828 1745 923 1774 mea
945 1749 954 1774 ι
978 1730 1054 1774 sed
1079 1731 1170 1790 ipsa
1193 1731 1335 1774 anima
1358 1745 1453 1774 mea

33 1779 36 1803 l

0 1821 4 1827 ·
69 1800 123 1844 ad
136 1816 180 1844 se
200 1801 334 1845 habet
351 1817 523 1861 corpus.
551 1804 646 1847 Non
668 1810 731 1845 est
752 1802 1019 1860 imprudens,
1040 1818 1131 1846 non
1147 1811 1211 1846 est
1227 1802 1449 1861 insipiens.

71 1873 134 1913 Tu
167 1871 228 1914 vis
250 1869 377 1914 ferire
399 1886 555 1929 corpus
578 1886 724 1913 meum
746 1891 755 1914 2
781 1872 842 1914 vis
873 1881 923 1913 ut
943 1887 1045 1914 cum
1067 1873 1201 1915 timeo
1234 1886 1289 1913 ne
1324 1871 1451 1915 ferias

0 1956 3 1962 ·
68 1956 222 2000 corpus
238 1956 401 1996 meum,
421 1951 465 1985 et
486 1941 660 1985 recedat
677 1939 780 1984 inde
799 1941 941 1984 anima
958 1955 1069 1995 mea,
1089 1956 1169 2000 ego
1192 1940 1346 1985 feriam
1364 1942 1453 1986 ani-

68 2026 182 2055 mam
204 2027 361 2066 meam,
385 2020 428 2055 et
445 2011 619 2056 recedat
637 2010 740 2055 inde
759 2014 874 2055 Deus
890 2026 1012 2056 meus
1027 2013 1045 2055 9
1059 2014 1157 2058 Non
1177 2027 1278 2070 ergo
1300 2013 1450 2058 timeas

69 2085 233 2141 Martyr
256 2081 448 2141 gladium
480 2082 742 2142 percussoris
765 2102 774 2127 ;
795 2081 989 2141 linguam
1011 2091 1133 2128 tuam
1161 2084 1287 2139 time,
1314 2099 1369 2127 ne
1401 2093 1450 2129 tu

69 2161 111 2197 te
132 2155 370 2213 percutias,
400 2163 444 2198 et
465 2155 635 2199 occidas
655 2170 745 2200 non
781 2169 981 2210 carnem,
1009 2156 1085 2200 sed
1113 2155 1318 2200 animam.
1341 2156 1452 2200 Ani-

69 2237 181 2267 mam
199 2224 303 2268 time
318 2259 329 2279 ,
355 2239 410 2268 ne
432 2225 642 2268 moriatur
663 2226 710 2269 in
730 2225 928 2285 gehenna
949 2225 1074 2284 ignis.

127 2296 249 2338 VIII.
280 2294 388 2338 Inde
414 2310 517 2353 ergo
544 2296 754 2340 Dominus
779 2315 790 2342 ι
815 2315 835 2339 «
856 2297 942 2350 Qui
964 2296 1099 2340 habet
1129 2305 1388 2356 potestatem
1410 2306 1454 2342 et

73 2381 94 2406 »
127 2380 282 2424 corpus
315 2375 356 2409 et
390 2366 577 2409 animam
600 2365 796 2410 occidere
833 2367 878 2410 in
902 2368 1100 2426 gehenna
1131 2368 1255 2425 ignis.
1286 2386 1306 2409 »
1333 2372 1451 2421 Quo-

71 2434 230 2479 modo?
252 2415 430 2495 quando
448 2435 645 2479 mittetur
665 2436 710 2480 in
736 2437 980 2495 gehennam
1002 2437 1182 2496 impius,
1203 2437 1371 2482 ardebit
1392 2440 1453 2484 ibi

73 2520 252 2565 corpus,
290 2507 348 2550 ibi
379 2507 559 2551 anima?
594 2510 709 2551 Mors
739 2509 953 2567 corporiS.
996 2509 1252 2567 sempiterna
1284 2526 1412 2569 poena
1438 2532 1446 2555 ε

95 2617 98 2619 a
121 2594 215 2632 ¹5:11».
237 2603 258 2627 ι,
280 2603 328 2623 ῑι.
356 2609 388 2614 τ·
413 2599 422 2612 '¹
443 2591 537 2622 {Cet-li.
563 2604 634 2630 xxii,
662 2594 708 2623 115.
