1898 3178
445 246 526 284 438
878 257 910 282 s.
947 257 1175 283 aueus'rlm
1208 257 1387 284 Emscom

448 342 467 363 n
504 322 619 365 enim
641 321 720 364 scis
732 320 837 379 quid
862 321 1087 378 contingat
1108 321 1305 380 sequenti
1326 320 1396 364 die
1413 323 1442 364 ¹.
1468 338 1487 361 »
1509 321 1698 365 Audistis
1715 336 1826 380 prae-

445 403 619 453 ceptum
643 407 732 435 non
751 391 983 434 differendi
1005 400 1055 435 ut
1078 392 1122 434 in
1145 392 1276 435 alium
1300 392 1355 436 sis
1379 392 1617 436 misericors
1637 427 1648 447 ‚
1673 402 1718 437 et
1737 392 1825 436 dif-

444 462 626 508 ferendo
648 462 693 505 in
716 470 758 504 te
791 476 834 505 es
855 460 1072 506 crudelis?
1092 464 1190 507 Non
1218 463 1350 506 debes
1371 462 1548 506 differre
1568 477 1725 522 panem
1746 463 1826 507 da-

445 545 584 589 turm,
610 542 653 577 et
674 532 823 577 differs
844 532 1160 592 indulgentiam
1184 535 1468 593 accepturus?
1484 554 1504 577 «
1522 534 1564 579 Si
1583 533 1827 580 miserando

447 624 468 647 >›
505 603 689 648 alterum
722 618 813 647 non
850 602 1020 658 differs,
1046 603 1247 648 miserere
1280 613 1325 648 et
1355 604 1510 648 animae
1532 613 1621 648 tuae
1654 603 1828 664 placens

449 693 469 717 »
505 677 596 719 Deo
614 677 646 718 2.
662 692 683 716 »
705 674 875 718 Exhibe
897 683 940 718 et
962 675 1119 718 animae
1143 684 1230 718 tuae
1252 673 1585 732 eleemosynam.
1602 676 1701 721 Non
1721 674 1830 720 dici-

444 761 541 790 mus
557 753 608 788 ut
622 753 671 789 tu
692 745 729 788 ei
751 744 826 789 des
839 779 852 800 ‚
876 745 951 789 sed
969 760 1023 788 ne
1045 744 1227 804 repellas
1248 760 1426 789 manum
1445 745 1601 789 dantis.

505 818 607 860 XII.
650 814 735 860 Sed
756 814 994 875 aliquando
1015 815 1212 859 homines
1249 814 1351 859 inde
1372 815 1453 860 sibi
1474 815 1714 875 plurimum
1749 831 1831 860 no-

446 897 548 932 cent
562 922 573 942 ,
599 902 700 931 cum
721 886 826 931 alios
846 886 1070 931 offendere
1089 886 1261 931 timent.
1287 885 1480 931 Multum
1499 885 1646 931 valent
1662 895 1706 931 et
1725 887 1832 931 boni

447 958 574 1002 amici
591 957 646 1002 ad
669 958 853 1013 bonum,
869 966 911 1001 et
933 956 1035 1000 mali
1057 957 1184 1001 amici
1206 956 1261 1001 ad
1277 957 1459 1002 malum.
1477 958 1582 1002 Ideo
1601 957 1829 1013 Dominus,

447 1038 499 1074 ut
519 1045 599 1088 pro
631 1028 769 1073 salute
798 1036 945 1072 nostra
973 1028 1219 1087 potentium
1242 1028 1450 1072 amicitias
1473 1037 1803 1072 contemnamus
1819 1063 1830 1083 ,

446 1100 590 1146 noluit
607 1099 726 1158 prius
748 1099 904 1157 eligere
922 1109 1140 1144 senatores
1155 1134 1166 1154 ,
1191 1098 1268 1143 sed
1289 1101 1536 1158 piscatores.
1555 1102 1714 1158 Magna
1729 1100 1834 1143 arti—

448 1171 540 1216 ficis
557 1169 867 1214 misericordia.
883 1171 1054 1214 Sciebat
1071 1171 1188 1215 enim
1205 1171 1307 1230 quia
1319 1171 1355 1215 si
1377 1170 1554 1228 eligeret
1574 1179 1832 1225 senatorem,

452 1241 615 1287 diceret
632 1250 832 1285 senator:
856 1240 1051 1299 Dignitas
1074 1256 1169 1284 mea
1189 1241 1326 1285 electa
1348 1250 1428 1285 est.
1460 1242 1503 1286 Si
1524 1241 1643 1300 prius
1660 1240 1837 1298 eligeret

451 1312 653 1367 divitem,
679 1311 841 1355 diceret
865 1309 1008 1356 dives:
1029 1311 1265 1370 Opulentia
1285 1326 1380 1354 mea
1399 1310 1535 1355 electa
1557 1320 1635 1355 est.
1661 1311 1704 1356 Si
1718 1311 1836 1370 prius

453 1382 632 1440 eligeret
662 1381 996 1440 imperatorem,
1029 1380 1192 1424 diceret
1227 1381 1491 1439 imperator:
1528 1384 1720 1425 Potestas
1743 1396 1838 1425 mea

451 1452 588 1497 electa
609 1459 687 1494 est.
714 1451 757 1495 Si
777 1451 897 1509 prius
920 1449 1096 1508 eligeret
1117 1459 1352 1505 oratorem,
1367 1449 1531 1494 diceret
1547 1459 1713 1495 orator:
1731 1450 1837 1496 Elo-

452 1522 633 1582 quentia
654 1535 750 1564 mea
781 1520 916 1565 electa
938 1530 1017 1565 est.
1044 1520 1087 1564 Si
1117 1521 1295 1578 eligeret
1317 1520 1649 1580 philosophum,
1673 1521 1838 1566 diceret

451 1592 738 1654 philosophus
759 1609 769 1635 :
797 1591 1016 1650 Sapientia
1043 1605 1140 1634 mea
1161 1590 1297 1635 electa
1318 1600 1396 1635 est.
1433 1591 1639 1646 Interim,
1664 1592 1833 1652 inquit,

452 1664 713 1709 differantur
745 1661 922 1721 superbi
956 1661 1054 1716 isti,
1080 1661 1271 1705 multum
1310 1671 1497 1706 tument.
1532 1663 1671 1707 Distat
1692 1672 1840 1708 autem

454 1737 567 1780 inter
589 1732 936 1792 magnitudinem
959 1741 1003 1776 et
1018 1741 1238 1776 tumorem
1263 1750 1272 1776 ε
1304 1742 1542 1793 utrumque
1565 1733 1728 1792 grande
1746 1742 1837 1792 est3

455 1804 529 1850 sed
554 1819 643 1848 non
674 1812 912 1862 utrumque
935 1817 1089 1846 sanum
1117 1811 1194 1846 est.
1221 1801 1489 1846 Differantur
1525 1818 1651 1862 ergo,
1671 1803 1836 1864 inquit,

454 1875 526 1920 isti
547 1873 749 1933 superbi,
785 1872 930 1932 aliqua
951 1871 1169 1916 soliditate
1190 1871 1372 1915 sanandi
1389 1881 1505 1916 sunt.
1529 1875 1589 1917 Da
1610 1873 1717 1916 mihi
1735 1908 1746 1928 ‚
1770 1874 1836 1918 in-

457 1945 579 2005 quit,
603 1943 722 2002 prius
751 1942 883 1986 istum
906 1941 1179 2001 piscatorem.
1205 1941 1316 1984 Veni
1346 1950 1418 1996 tu,
1444 1957 1636 2002 pauper,
1660 1957 1836 2002 sequere

457 2031 549 2073 me,
568 2013 679 2058 nihil
699 2014 857 2068 habes,
880 2012 991 2056 nihil
1011 2012 1150 2066 nosti,
1175 2026 1354 2071 sequere
1373 2027 1458 2056 me.
1490 2012 1631 2058 Idiota
1652 2029 1834 2073 pauper,

457 2167 521 2202 est
541 2155 663 2217 quod
684 2155 730 2198 in
756 2163 800 2198 te
822 2153 1070 2213 impleatur.
1105 2156 1209 2197 Tam
1231 2153 1353 2212 largo
1375 2153 1487 2198 fonti
1507 2170 1579 2200 vas
1600 2155 1728 2199 inane
1758 2155 1834 2200 ad—

456 2226 725 2271 movendum
763 2233 841 2268 est.
884 2223 1054 2267 Dimisit
1075 2224 1181 2267 retia
1212 2224 1429 2282 piscator,
1456 2226 1621 2284 accepit
1659 2225 1834 2283 gratiam

457 2301 666 2359 piscator,
690 2307 732 2342 et
754 2296 895 2342 factus
915 2305 978 2341 est
998 2296 1172 2341 divinus
1193 2306 1353 2342 orator.
1372 2300 1485 2342 Ecce
1507 2297 1615 2357 quid
1633 2297 1736 2342 fecit
1755 2301 1832 2344 Do·

508 2599 516 2615 ¹
541 2595 637 2627 Prov.
656 2604 705 2634 111,
724 2594 778 2627 28.
800 2610 841 2617 —
862 2600 875 2616 ²
895 2593 992 2627 Eccli.
1015 2604 1092 2636 xxx,
1113 2592 1166 2634 24.
