1898 3178
425 298 562 327 SERMO
594 301 643 337 L,
678 301 732 326 DE
764 301 907 328 vnaius
940 300 1091 328 Aeon.
1363 290 1440 327 101

75 365 270 408 sacerdos
292 363 364 407 ille
379 378 576 421 magnuS‚
601 363 755 407 domus
777 365 904 423 hujus
925 364 1215 419 inhabitator,
1234 365 1445 409 Dominus

77 442 220 477 noster
237 435 359 476 Jesus
379 432 574 477 Christus
591 467 601 486 ‚
623 441 797 492 propter
822 433 1006 477 reditum
1040 434 1225 479 hominis
1239 469 1254 488 ,
1274 434 1349 494 qui
1372 449 1448 493 per

0 504 4 567 ᾗ
76 503 319 562 superbiam
360 502 414 547 de
445 503 641 563 paradiso
664 504 841 552 exierat,
865 519 908 547 se
934 506 1072 563 ipsum
1097 504 1341 564 exemplum
1362 505 1448 548 hu-

77 573 266 618 militatis
285 573 479 632 praebere
501 574 701 633 dignatus
723 583 786 618 est
808 594 816 618 :
842 578 961 634 quod
978 584 1160 620 testatur
1180 577 1226 620 in
1247 578 1448 635 Evange-

75 644 135 688 lio
156 644 346 688 clamans
371 663 380 689 :
407 663 426 686 «
453 644 610 689 Discite
631 660 653 688 a
674 660 745 688 me
763 680 773 699 ,
799 646 1007 705 quoniam
1027 646 1141 690 mitis
1159 662 1254 690 sum
1271 682 1282 701 ‚
1301 656 1344 691 et
1365 647 1452 691 hu-

81 732 100 754 »
137 713 249 757 milis
271 715 400 758 corde
416 716 429 740 ¹
458 734 466 758 z
492 733 512 755 η
538 730 592 758 ne
615 715 711 774 quis
737 713 848 759 forte
869 715 913 758 in
936 714 1068 760 domo
1090 717 1179 775 ejus
1197 752 1207 770 ‚
1232 716 1278 761 id
1299 726 1385 772 est,
1409 717 1454 761 in

83 783 265 827 Ecclesia
282 819 292 837 ,
333 784 366 827 si
393 784 501 843 quid
534 784 747 844 sapienter
784 786 973 844 potuerit
1003 785 1073 829 vel
1093 786 1270 841 sentire,
1296 786 1366 831 vel
1387 785 1456 830 di-

78 869 199 907 cere,
225 855 345 913 quasi
379 870 454 899 sua
487 855 660 914 propria
682 854 818 899 videri
855 855 1001 900 volens
1023 856 1275 910 extollatur,
1312 857 1458 900 videte

78 934 240 983 quanta
279 924 493 970 medicina
529 927 567 969 ei
596 924 757 970 dicitur
779 942 801 970 a
828 927 1011 971 Domino
1035 930 1124 970 Deo
1147 946 1155 971 :
1181 946 1199 967 «
1227 929 1373 971 Meum
1395 935 1459 970 est

81 1013 100 1035 »
137 1011 313 1050 aurum,
339 1005 381 1039 et
404 1011 548 1040 meum
574 1005 636 1040 est
659 1005 902 1055 argentum.
933 1015 953 1037 »
990 997 1057 1041 Sic
1094 997 1208 1040 enim
1243 997 1318 1040 fiet
1340 997 1461 1056 quod

78 1066 288 1125 sequitur,
306 1075 354 1110 ut
376 1081 529 1124 magna
551 1067 602 1110 sit
624 1066 755 1124 gloria
780 1066 934 1110 domus
958 1067 1077 1111 istius
1101 1067 1346 1110 novissimae
1364 1066 1462 1125 plus

78 1150 208 1194 quam
233 1136 396 1194 primae.
424 1136 566 1179 Prima
599 1136 714 1179 enim
750 1135 931 1190 domus,
964 1134 1010 1179 id
1031 1144 1110 1189 est,
1134 1136 1247 1179 cives
1279 1144 1463 1179 terrenae

16 1215 20 1244 ἰ
78 1205 312 1248 Jerusalem
328 1240 338 1258 ,
364 1205 474 1248 sicut
492 1204 724 1264 Apostolus
747 1205 852 1249 dicit
874 1223 883 1247 ·.
913 1223 932 1246 «
956 1208 1211 1263 Ignorantes
1237 1205 1312 1248 Dei
1332 1204 1463 1264 justi-

17 1301 22 1317 ·
84 1295 101 1314 »
136 1275 257 1325 tiam,
276 1283 319 1317 et
338 1289 459 1317 suam
477 1275 687 1333 justitiam
711 1284 956 1333 quaerentes
974 1275 1268 1327 constituere,
1287 1273 1467 1332 justitiae

21 1371 27 1386 ι.
82 1362 102 1384 »
139 1344 213 1386 Dei
231 1358 319 1387 non
344 1353 446 1386 sunt
468 1343 724 1402 subjecti2.»
753 1343 908 1386 Videte
930 1344 962 1386 si
985 1359 1071 1387 non
1092 1342 1184 1397 isti,
1210 1343 1314 1386 dum
1340 1358 1469 1387 suum

78 1428 167 1456 esse
188 1412 340 1456 dicunt
368 1427 523 1456 aurum
546 1422 589 1456 et
611 1421 838 1471 argentum
853 1447 863 1466 ‚
889 1428 978 1455 non
1001 1422 1248 1471 potuerunt
1269 1411 1323 1456 ad
1340 1420 1468 1455 aeter-

79 1498 176 1526 nam
198 1482 378 1539 gloriam
397 1482 553 1526 domus
577 1482 819 1526 novissimae
838 1483 1079 1540 pervenire.
1106 1485 1269 1526 Tamen
1285 1497 1383 1526 cum
1409 1482 1471 1525 di-

28 1556 30 1560 ’
77 1552 135 1596 cit
153 1553 367 1611 Propheta
392 1571 400 1595 ;
422 1570 439 1591 «
467 1555 626 1610 Magna
644 1552 724 1594 erit
745 1551 878 1607 gloria
901 1551 1056 1595 domus
1080 1552 1201 1595 istius
1221 1552 1468 1595 novissimae

82 1643 99 1664 »
133 1621 230 1681 plus
251 1638 382 1682 quarn
406 1622 576 1680 primae,
595 1642 612 1662 »
629 1636 708 1665 nec
730 1622 865 1679 ipsam
892 1623 1076 1680 primam
1094 1622 1185 1665 sine
1207 1621 1349 1682 aliqua
1369 1621 1465 1680 glo-

37 1710 41 1721 ·
76 1693 136 1735 ria
160 1691 289 1736 fuisse
311 1693 720 1735 demonstrat„Nam
740 1691 794 1733 de
810 1689 885 1733 illa
902 1690 1164 1749 loquebatur
1181 1691 1310 1734 etiam
1329 1694 1468 1750 Apos-

38 1751 41 1755 ’
78 1761 190 1805 tolus
207 1796 218 1814 ,
243 1776 343 1805 cum
367 1760 528 1804 diceret
555 1779 562 1803 :
593 1779 611 1800 «
639 1760 679 1804 Si
711 1760 822 1802 enim
854 1760 974 1819 quod
1006 1769 1241 1804 evacuatur
1271 1775 1348 1819 per
1370 1760 1465 1818 glo-

80 1849 100 1872 »
134 1831 240 1875 riam
262 1839 347 1883 est,
373 1829 513 1873 multo
537 1831 672 1887 magis
689 1827 809 1888 quod
831 1839 978 1873 manet
995 1864 1005 1883 ‚
1022 1830 1068 1873 in
1091 1829 1226 1888 gloria
1249 1830 1377 1874 eritss.
1412 1851 1429 1870 »

134 1903 232 1944 XII.
267 1902 424 1944 Versus
451 1908 596 1943 autem
617 1898 820 1952 ultimus,
844 1914 933 1957 quo
954 1898 1033 1942 iste
1068 1900 1299 1957 Prophetae
1320 1913 1462 1944 sermo

77 1969 354 2015 concluditur
376 1988 385 2013 ι
414 1988 434 2011 «
459 1972 516 2013 Et
540 1969 585 2011 in
601 1968 699 2012 loco
721 1968 803 2012 isto
818 2002 829 2023 ‚
857 1968 1000 2027 inquit
1015 2003 1026 2022 ,
1053 1968 1167 2012 dabo
1191 1983 1341 2027 pacem
1361 2003 1372 2022 ‚
1393 1969 1466 2012 di-

81 2059 101 2082 »
136 2041 196 2085 cit
218 2040 426 2084 Dominus
449 2039 735 2083 exercituum.
759 2057 779 2079 »
802 2038 919 2091 Quid
949 2047 1036 2093 est,
1067 2058 1085 2079 «
1113 2042 1164 2082 In
1189 2037 1287 2083 loco
1311 2040 1414 2094 isto,
1439 2058 1459 2081 »

79 2111 159 2155 nisi
177 2120 397 2154 terrenum
415 2108 526 2153 forte
544 2108 712 2167 aliquid
732 2117 942 2167 tanquam
959 2107 1095 2167 digito
1117 2108 1306 2152 ostendit
1319 2111 1336 2150 ⁵?
1349 2109 1465 2161 Quid

55 2239 57 2241 -
79 2183 193 2226 enim
208 2189 350 2239 potest
373 2179 584 2224 contineri
606 2178 719 2233 loco,
736 2178 816 2222 nisi
838 2193 994 2237 corpus
1008 2181 1133 2223 PNon
1155 2177 1342 2222 absurde
1360 2194 1463 2238 ergo

0 2261 20 2289 0-
79 2250 275 2294 ultimam
307 2248 668 2292 resurrectionem
690 2248 882 2306 corporis
904 2246 1188 2306 intelligimus
1204 2282 1215 2302 ,
1249 2263 1336 2307 qua
1358 2248 1463 2292 bea-

0 2330 23 2360 nn
80 2319 221 2364 titudo
237 2316 547 2378 perfectissima
568 2317 828 2360 terminatur
843 2352 853 2371 ,
873 2318 1052 2377 quando
1081 2318 1170 2377 jam
1192 2332 1281 2361 non
1301 2332 1463 2362 concu-

0 2396 26 2431 351
80 2390 205 2450 piscit
226 2404 326 2433 caro
352 2388 556 2432 adversus
577 2387 799 2446 spiritum,
822 2401 903 2431 nec
936 2388 1110 2447 spiritus
1144 2386 1347 2432 adversus
1367 2404 1462 2432 car-

0 2472 28 2502 ms
82 2475 181 2505 nem
201 2479 210 2504 :
241 2461 370 2503 «Hoc
388 2457 503 2502 enim
525 2456 808 2515 corruptibile
829 2456 983 2502 induet
1001 2457 1369 2516 incorruptionem
1387 2494 1397 2514 ‚
1420 2468 1463 2503 et

0 2532 30 2575 mn
86 2549 105 2571 »
139 2527 321 2573 mortale
341 2529 425 2572 hoc
438 2526 593 2570 induet
610 2526 980 2570 immortalitatem
998 2528 1058 2568 4.»
1080 2528 1175 2569 Non
1195 2528 1274 2570 erit
1297 2527 1376 2571 alia
1396 2527 1461 2570 lex

131 2621 140 2636 ¹
162 2613 273 2646 Matth.
294 2621 398 2653 x1‚29
430 2628 469 2635 —-
492 2619 503 2634 ²
521 2614 609 2643 Rom.
626 2623 656 2650 ι,
679 2611 707 2641 3.
729 2627 767 2632 --
798 2609 849 2637 3‘>
868 2612 930 2641 Cor
965 2622 1008 2644 m,
1035 2621 1082 2641 11.
1105 2611 1172 2639 ——4
1198 2623 1206 2642 ι
1229 2613 1301 2643 (ζον,
1322 2623 1375 2650 xv,
1400 2612 1415 2641 5
1432 2615 1451 2641 ἰ,
