1898 3178
319 194 458 224 sunno
489 194 660 232 Lxxxu,
694 195 749 222 nn
781 192 929 223 vnums
958 192 1124 223 MATTH.
1158 193 1280 223 xv111.
1406 185 1490 224 395

113 280 134 304 »
159 262 208 306 in
248 276 318 305 me
350 261 546 321 loquitur
580 259 827 304 Christus1?
858 278 879 302 »
913 260 1108 306 Christus
1142 261 1189 304 in
1221 261 1489 321 Evangelio,

109 333 305 379 Christus
336 332 383 376 in
418 329 627 390 Apostolo
664 346 673 371 ε
710 331 906 376 Christus
944 346 1047 390 ergo
1082 341 1319 392 utrumque
1354 331 1461 378 dixit
1479 354 1490 391 3

109 419 250 449 unum
270 418 345 448 ore
377 417 456 447 suo
473 436 484 457 ‚
517 401 703 445 alterum
725 417 799 446 ore
820 402 1030 461 praeconis
1061 403 1142 447 sui.
1177 403 1288 456 Quia
1314 403 1492 462 quando

108 488 252 535 praeco
272 473 328 517 de
347 471 559 517 tribunali
581 471 747 532 aliquid
769 470 896 528 dicit,
919 489 1009 518 non
1032 473 1236 518 scribitur
1252 474 1297 518 in
1320 474 1458 518 Gestis
1480 494 1489 519 z

108 549 259 590 Praeco
278 542 412 601 dixit,
436 544 512 587 sed
532 541 605 587 ille
631 541 786 586 dixisse
807 542 1025 599 scribitur,
1046 544 1122 603 qui
1155 544 1347 603 praeconi
1373 543 1493 605 quod

107 615 272 661 diceret
290 614 535 674 imperavit.
1379 664 1384 671 ,

167 687 247 731 ΙΧ.
263 687 360 729 Duo
382 698 485 742 ergo
498 683 580 727 ista
597 691 829 742 praecepta,
845 681 1014 739 fratres,
1033 684 1091 728 sic
1106 684 1348 740 audiamus,
1363 693 1414 729 ut
1426 684 1494 729 in-

107 754 369 813 telligamus,
386 763 429 798 et
443 755 557 798 inter
569 762 754 813 utraque
770 762 987 812 praecepta
999 753 1141 813 pacati
1158 755 1490 799 constituamur.

107 828 220 872 Cum
239 824 370 870 corde
390 834 539 870 nostro
560 840 639 869 nos
660 824 997 880 concordemus,
1030 835 1073 870 et
1103 826 1323 885 Scriptura
1348 835 1495 871 sancta

107 897 153 940 in
173 894 294 940 nulla
321 904 444 955 parte
470 894 708 940 discordat.
739 896 904 939 Verum
935 904 1000 939 est
1023 895 1226 950 omnino,
1257 905 1495 956 utrumque

105 982 257 1012 verum
293 976 389 1012 cst:
426 965 503 1011 sed
534 966 778 1011 discernere
811 966 1050 1022 debemus,
1083 965 1320 1026 aliquando
1359 966 1491 1023 illud,

107 1035 344 1098 aliquando
365 1035 476 1081 illud
497 1052 586 1081 esse
608 1035 884 1095 faciendum,
911 1036 1148 1097 aliquando
1170 1036 1495 1096 corripiendum

105 1107 284 1153 fratrem
301 1108 415 1152 iuter
429 1117 472 1152 te
494 1117 537 1152 et
557 1108 701 1167 ipsum
715 1107 854 1153 solum
870 1142 881 1162 ,
910 1107 1147 1167 aliquando
1169 1107 1494 1166 corripiendum

105 1178 284 1222 fratrem
299 1193 446 1224 coram
463 1179 684 1233 omnibus,
711 1188 759 1223 ut
774 1187 817 1222 et
835 1177 981 1221 caeteri
1000 1177 1202 1222 timorem
1218 1177 1423 1223 habeant.
1451 1179 1495 1224 Si

107 1247 342 1308 aliquando
370 1249 504 1302 illud,
537 1247 774 1306 aliquando
799 1247 909 1291 illud
929 1247 1161 1292 fecerimus
1177 1283 1188 1303 ,
1214 1248 1495 1294 concordiam

109 1318 433 1377 Scripturarum
456 1316 702 1360 tenebimus
722 1351 733 1372 ,
756 1326 800 1360 et
826 1317 871 1360 in
889 1316 1089 1362 faciendo
1111 1327 1243 1378 atque
1264 1319 1494 1379 obtempe-

108 1388 246 1433 rando
268 1403 358 1432 non
378 1387 634 1431 errabimus.
661 1386 745 1444 Sed
766 1386 873 1431 dicit
891 1388 998 1431 mihi
1016 1387 1170 1448 aliquis
1190 1407 1199 1433 ε
1225 1388 1409 1441 Quando
1431 1388 1495 1434 fa-

108 1459 174 1504 cio
195 1457 305 1502 illud
321 1493 332 1513 ,
362 1457 540 1518 quando
566 1456 706 1501 illud?
737 1459 800 1502 Ne
824 1466 930 1502 tunc
959 1458 1191 1517 corripiam
1217 1459 1331 1503 inter
1357 1474 1426 1503 me
1453 1469 1496 1504 et

108 1530 251 1589 ipsum
275 1529 441 1585 solum,
471 1527 649 1589 quando
679 1529 820 1573 debeo
846 1544 991 1574 coram
1020 1530 1224 1575 omnibus
1250 1531 1493 1590 corripere,

109 1609 185 1645 aut
211 1609 318 1644 tunc
334 1600 563 1659 corripiam
576 1614 728 1658 'coram
751 1600 953 1644 omnibus
969 1634 981 1655 ,
1005 1600 1184 1660 quando
1199 1600 1340 1646 debeo
1358 1601 1404 1645 in
1425 1616 1496 1646 se-

109 1680 228 1716 creto
251 1671 481 1729 corripere.
549 1676 558 1684 ⁸

168 1742 225 1784 X.
255 1741 353 1785 Cito
382 1739 549 1784 videbit
578 1739 773 1784 Charitas
801 1741 978 1795 Vestra,
1008 1737 1117 1799 quid
1141 1738 1320 1799 quando
1354 1739 1495 1786 facere

110 1810 369 1855 debeamus:
395 1809 470 1854 sed
492 1809 659 1853 utinam
680 1808 822 1853 facere
839 1809 951 1868 pigri
971 1824 1062 1853 non
1082 1810 1229 1855 simus.
1256 1811 1491 1868 Intendite,

110 1889 155 1925 et
175 1879 320 1925 videte
342 1899 351 1925 :
376 1898 397 1922 «
419 1874 468 1924 'Si
487 1880 731 1939 peccaverit
746 1913 758 1933 ,
782 1880 947 1939 inquit,
969 1879 1015 1923 in
1038 1889 1080 1924 te
1097 1880 1231 1925 frater
1247 1890 1372 1937 tuus,
1397 1897 1496 1927 cor-

113 1969 134 1993 »
160 1952 251 2010 ripe
271 1966 372 1995 eum
384 1951 498 1995 inter
515 1960 558 1995 te
572 1960 616 1995 et
632 1952 774 2010 ipsum
787 1950 943 1996 solum.
961 1969 981 1993 »
1000 1953 1168 2004 Quare?
1180 1952 1288 2005 Quia
1300 1954 1494 2012 peccavit

111 2021 158 2065 in
176 2030 234 2064 te.
262 2020 380 2073 Quid
411 2029 494 2076 est,
521 2021 567 2064 in
594 2030 637 2065 te
658 2022 884 2080 peccavit?
918 2024 984 2066 Tu
1009 2022 1113 2077 scis,
1146 2023 1249 2082 quia
1279 2025 1489 2082 peccavit.

111 2091 223 2145 Quia
238 2091 356 2135 enim
377 2100 592 2136 secretum
609 2091 713 2147 fuit,
734 2092 912 2152 quando
928 2093 1029 2137 inte
1045 2092 1261 2152 peccavit,
1279 2103 1494 2139 secretum

111 2177 284 2223 quaere,
315 2177 417 2207 cum
447 2163 622 2222 corrigis
645 2163 767 2224 quod
794 2164 1001 2223 peccavit.
1027 2166 1137 2209 Nam
1166 2165 1199 2208 si
1230 2165 1346 2210 solus
1381 2166 1494 2210 nosti

112 2233 214 2292 quia
235 2233 431 2291 peccavit
451 2232 498 2276 in
519 2242 584 2288 te,
608 2243 652 2278 et
674 2249 775 2278 eum
802 2234 864 2278 vis
887 2249 1032 2279 coram
1058 2234 1259 2278 omnibus
1281 2250 1461 2294 arguere
1479 2257 1490 2294 3

111 2318 205 2347 non
226 2318 271 2347 es
298 2312 537 2363 correptor,
568 2304 642 2348 sed
669 2305 880 2364 proditor.
906 2305 1096 2349 Attende
1121 2304 1492 2365 quemadmodum

112 2373 178 2417 vir
194 2373 335 2431 justus
355 2374 533 2432 Joseph,
554 2382 676 2419 tanto
697 2375 862 2434 flagitio
883 2376 1003 2435 quod
1024 2374 1078 2418 de
1098 2390 1230 2420 uxore
1248 2374 1390 2420 fuerat
1403 2391 1494 2421 sus·

111 2447 301 2503 picatus,
326 2453 447 2488 tanta
462 2444 729 2503 benignitate
751 2447 961 2505 pepercit,
980 2455 1213 2506 antequam
1228 2446 1357 2492 sciret
1374 2446 1492 2492 unde

162 2532 172 2549 ¹
191 2535 210 2559 2
230 2527 301 2561 Cor.
322 2538 392 2566 xm,
413 2527 442 2559 3.
