1898 3178
318 267 457 294 sERMO
490 264 644 302 LXXVI,
679 265 732 291 DE
764 266 909 292 VERBIS
941 262 1106 292 ΜΑΤΤΗ.
1140 264 1228 292 xlv.
1374 250 1458 290 347

82 340 146 376 est
168 346 265 376 cum
299 330 478 374 infirmis
486 364 501 384 ,
525 337 574 372 ut
607 329 692 373 sint
721 329 848 373 firmi.
874 328 1036 374 Multos
1059 338 1204 373 autem
1236 328 1414 388 impedit
1437 344 1459 373 a

82 402 285 446 firmitate
304 399 582 460 praesumptio
601 399 828 443 firmitatis.
863 402 1000 445 Nemo
1022 400 1100 444 erit
1123 416 1146 444 a
1163 403 1253 444 Deo
1282 400 1431 444 firmus
1446 435 1456 455 ‚

78 472 160 517 nisi
176 472 252 532 qui
274 487 317 515 se
340 488 363 516 a
385 486 428 515 se
447 471 540 529 ipso
568 471 699 515 sentit
725 471 962 514 infirmum.
994 491 1014 513 «
1040 470 1238 516 Pluviam
1258 470 1462 516 volunta-

81 561 103 585 »
137 543 243 587 riam
281 556 505 601 segregans
527 544 641 585 Deus
668 541 911 585 haereditati
943 544 1076 587 suae1.
1105 560 1125 583 »
1157 541 1273 595 Quid
1300 557 1464 602 praece-

78 612 201 669 ditis,
226 613 300 673 qui
316 612 433 673 quod
460 612 655 657 dicturus
675 627 771 656 sum
795 613 962 656 nostis?
992 615 1275 672 Temperetur
1301 612 1462 658 veloci-

78 694 162 740 tas,
191 694 241 729 ut
265 694 470 745 sequatur
493 683 685 729 tarditas.
707 686 801 729 Hoc
822 681 911 727 dixi
927 719 937 739 ,
963 693 1006 727 et
1029 685 1112 728 hoc
1134 683 1232 728 dico
1255 703 1263 729 ε
1289 685 1457 740 audite,

76 757 238 816 capite,
262 755 407 801 facite.
429 759 565 802 Nemo
583 772 606 800 a
622 759 712 800 Deo
736 756 785 798 fit
806 755 979 810 firmus,
998 755 1078 799 nisi
1100 757 1176 816 qui
1193 771 1237 800 se
1259 772 1281 800 a
1299 771 1342 800 se
1370 757 1463 816 ipso

75 827 206 871 sentit
229 827 467 871 infirmum.
502 826 699 871 Pluviam
734 841 836 885 ergo
858 824 1173 881 voluntariam,
1203 826 1313 870 sicut
1340 827 1462 871 Psal—

75 911 172 940 mus
195 895 326 952 dicit,
351 896 641 942 voluntariam
662 917 672 953 3
697 911 787 941 non
808 896 1061 940 meritorum
1088 905 1336 941 nostrorum
1354 931 1364 951 ‚
1389 896 1464 941 sed

74 966 379 1011 voluntariam.
413 986 434 1008 «
455 966 651 1011 Pluviam
674 981 775 1025 ergo
797 965 1084 1010 voluntariam
1108 981 1331 1024 segregans
1347 969 1462 1011 Deus

75 1053 96 1078 >›
130 1034 374 1081 haereditati
407 1051 495 1081 suae
526 1056 534 1081 :
561 1037 721 1080 etenim
745 1035 962 1080 infirmata
990 1046 1076 1094 est3
1113 1045 1162 1081 tu
1187 1052 1289 1081 vero
1318 1036 1462 1096 perse-

75 1123 98 1148 »
132 1107 225 1151 cisti
247 1111 385 1151 eam2.
404 1125 424 1148 »
449 1107 561 1161 Quia
580 1107 774 1167 pluviam
791 1106 1081 1151 voluntariam
1098 1107 1353 1167 segregasti,
1373 1123 1462 1152 non

73 1176 301 1221 attendens
323 1178 550 1222 hominum
580 1179 756 1232 merita,
784 1177 859 1222 sed
881 1187 1000 1222 tuam
1028 1179 1208 1237 gratiam
1231 1188 1274 1223 et
1294 1179 1461 1222 miseri-

72 1246 284 1292 cordiam.
305 1249 528 1292 Infirmata
560 1257 624 1292 est
647 1264 749 1307 ergo
766 1248 856 1307 ipsa
875 1248 1136 1305 haereditas,
1157 1258 1200 1293 et
1222 1256 1398 1308 agnovit
1419 1264 1463 1294 se

0 1366 5 1371 ,
72 1319 289 1363 infirmam
312 1318 357 1362 in
391 1334 435 1362 se
454 1354 464 1373 ‚
490 1328 540 1363 ut
568 1318 692 1362 firma
714 1328 823 1363 esset
848 1319 893 1362 in
916 1328 972 1363 te.
1008 1321 1105 1364 Non
1130 1319 1397 1376 firmaretur,
1429 1321 1462 1364 si

74 1405 163 1434 non
181 1389 474 1434 infirmaretur
491 1425 502 1444 ‚
527 1399 577 1433 ut
595 1390 670 1433 abs
688 1398 730 1433 te
747 1389 791 1432 in
811 1398 852 1433 te
869 1389 1164 1449 perficeretur.

132 1462 232 1503 Vll.
278 1459 388 1503 Vide
422 1460 552 1519 hujus
585 1458 851 1503 haereditatis
883 1460 1208 1519 portiunculam
1250 1461 1461 1516 Paulum,

72 1528 174 1575 vide
203 1530 498 1585 infirmatum,
534 1529 611 1590 qui
635 1529 743 1573 dixit
771 1549 779 1574 :
805 1548 824 1571 «
854 1532 952 1574 Non
985 1545 1079 1574 sum
1110 1531 1294 1575 idoneus
1317 1532 1462 1576 vocari

75 1617 97 1641 »
133 1599 382 1659 Apostolus,
400 1600 502 1659 quia
524 1607 775 1658 persecutus
797 1613 891 1643 sum
910 1599 1148 1644 Ecclesiam
1162 1601 1255 1645 Dei.
1280 1620 1299 1642 »
1321 1604 1464 1654 Quare

73 1684 177 1727 ergo
189 1669 422 1728 Apostolus
437 1671 510 1713 es?
526 1669 716 1712 «Gratia
740 1669 814 1712 Dei
839 1683 934 1712 sum
957 1669 1078 1729 quod
1099 1685 1239 1714 sum.»
1256 1673 1353 1716 Non
1366 1687 1462 1716 sum

72 1739 282 1795 idoneus,
320 1739 397 1784 sed
432 1740 568 1799 gratia
590 1739 668 1783 Dei
690 1754 785 1783 sum
821 1740 942 1799 quod
973 1755 1083 1784 sum.
1116 1741 1367 1786 Infirmatus
1401 1751 1464 1787 est

73 1809 234 1855 Paulus
250 1845 261 1865 ,
286 1819 336 1854 tu
357 1825 459 1854 vero
476 1809 695 1869 perfecisti
717 1825 833 1853 eum.
856 1812 951 1854 Jam
969 1826 1072 1855 vero
1100 1811 1203 1870 quia
1226 1812 1362 1870 gratia
1385 1813 1463 1857 Dei

74 1888 137 1924 est
158 1878 278 1940 quod
299 1888 364 1924 est
378 1914 389 1935 ,
413 1879 513 1924 ride
536 1877 644 1939 quid
666 1888 874 1938 sequatur
899 1898 908 1924 z
933 1899 954 1922 «
976 1882 1034 1924 Et
1049 1880 1185 1937 gratia
1212 1881 1303 1940 ejus
1327 1881 1372 1925 in
1394 1896 1464 1925 me

77 1967 98 1992 »
133 1964 222 1994 non
244 1948 329 1993 fuit
348 1962 501 2005 vacua,
524 1948 600 1993 sed
614 1947 712 2008 plus
729 1949 931 1993 omnibus
946 1948 1029 1993 illis
1048 1948 1256 1994 laboravi.
1277 1949 1389 1994 Vide
1407 1965 1463 1995 ne

79 2037 101 2062 >›
133 2019 474 2079 praesumptione
501 2017 655 2078 perdas
674 2054 684 2074 ‚
721 2019 844 2079 quod
878 2019 1130 2064 infirmitate
1163 2020 1401 2064 meruistiss.
1437 2039 1459 2062 »

77 2092 194 2134 Bene
223 2090 308 2135 hoc
326 2125 337 2145 ,
368 2090 482 2134 bene
514 2109 523 2135 :
558 2092 656 2136 Non
685 2105 783 2134 sum
818 2089 1001 2135 idoneus
1022 2091 1166 2135 vocari
1188 2089 1421 2150 Apostolus
1447 2111 1455 2136 :

83 2178 105 2202 «
137 2159 285 2204 Gratia
308 2161 399 2220 ejus
435 2174 531 2204 sum
564 2161 685 2220 quod
708 2175 831 2218 sum3
862 2169 904 2205 et
936 2162 1070 2220 gratia
1091 2162 1181 2221 ejus
1213 2161 1259 2205 in
1279 2176 1350 2205 me
1372 2177 1462 2207 non

79 2246 100 2271 >›
134 2228 220 2273 fuit
239 2244 400 2274 vacua:
427 2230 571 2273 omnia
593 2231 771 2290 optime.
801 2249 821 2272 »
841 2231 925 2276 Sed
941 2266 952 2286 ‚
981 2250 1000 2273 «
1027 2231 1128 2275 Plus
1149 2230 1232 2276 illis
1254 2231 1459 2277 omnibus

81 2318 99 2340 »
132 2297 351 2344 laboravi:
372 2317 392 2340 »
411 2299 533 2359 quasi
552 2299 631 2344 tibi
647 2300 816 2360 coepisti
834 2301 1041 2356 tribuere,
1066 2300 1187 2360 quod
1209 2300 1340 2360 paulo
1357 2312 1458 2347 ante

76 2371 165 2413 Deo
187 2367 382 2413 dederas.
408 2372 618 2427 Agnosce,
644 2379 687 2414 et
703 2385 883 2431 sequere
909 2390 918 2416 ι
946 2390 965 2412 «
985 2373 1083 2416 Non
1104 2385 1183 2428 ego
1204 2380 1364 2427 autem,
1384 2371 1459 2416 sed

79 2455 101 2479 »
136 2439 270 2497 gratia
292 2439 368 2483 Dei
383 2454 571 2484 mecum.
589 2457 610 2481 υ
632 2443 748 2485 Bene
768 2441 938 2485 infirme
959 2460 967 2485 :
989 2441 1229 2485 firmissime
1245 2443 1325 2486 eris
1342 2443 1458 2487 exal-

79 2516 193 2553 tatus
207 2544 218 2564 ,
238 2510 340 2568 quia
359 2525 448 2554 non
470 2524 514 2554 es
535 2510 742 2569 ingratus.
772 2513 838 2555 Tu
859 2526 902 2555 es
924 2511 1039 2555 idem
1060 2512 1150 2571 ipse
1172 2511 1331 2557 Paulus
1352 2513 1397 2557 in
1419 2523 1461 2558 te

128 2599 137 2615 ¹
158 2592 346 2635 Psal.va11,
368 2605 417 2626 10.
440 2611 480 2617 —
497 2601 509 2617 ²
525 2593 632 2626 Florus
646 2594 684 2626 ad
710 2605 722 2626 1
743 2596 814 2627 Cor.
832 2605 887 2627 xv.
914 2612 955 2618 -—
977 2593 990 2617 3
1012 2605 1023 2627 1
1051 2598 1122 2629 Cor.
1142 2607 1196 2639 xv,
1209 2601 1319 2640 9,etc.
