<?xml version="1.0" encoding="UTF-8"?>
<!DOCTYPE html PUBLIC "-//W3C//DTD XHTML 1.0 Transitional//EN"
    "http://www.w3.org/TR/xhtml1/DTD/xhtml1-transitional.dtd">
<html xmlns="http://www.w3.org/1999/xhtml" xml:lang="en" lang="en">
 <head>
  <title>
</title>
<meta http-equiv="Content-Type" content="text/html;charset=utf-8" />
  <meta name='ocr-system' content='tesseract 3.04.00' />
  <meta name='ocr-capabilities' content='ocr_page ocr_carea ocr_par ocr_line ocrx_word'/>
</head>
<body>
  <div class='ocr_page' id='page_1' title='image "./operaomniaaccura18auguuoft_0276.png"; bbox 0 0 1898 3178; ppageno 0'>
   <div class='ocr_carea' id='block_1_1' title="bbox 431 212 1371 256">
    <p class='ocr_par' dir='ltr' id='par_1_1' title="bbox 431 212 1371 256">
     <span class='ocr_line' id='line_1_1' title="bbox 431 212 1371 256; baseline 0.005 -5"><span class='ocrx_word' id='word_1_1' title='bbox 431 212 516 252; x_wconf 83' lang='lat'>266</span> <span class='ocrx_word' id='word_1_2' title='bbox 856 226 891 255; x_wconf 77' lang='lat' dir='ltr'>s.</span> <span class='ocrx_word' id='word_1_3' title='bbox 925 222 1158 254; x_wconf 74' lang='lat' dir='ltr'>Auensnm</span> <span class='ocrx_word' id='word_1_4' title='bbox 1188 227 1371 256; x_wconf 73' lang='lat' dir='ltr'>Enscom</span> 
     </span>
    </p>
   </div>
   <div class='ocr_carea' id='block_1_2' title="bbox 414 291 1813 1768">
    <p class='ocr_par' dir='ltr' id='par_1_2' title="bbox 420 291 1813 1204">
     <span class='ocr_line' id='line_1_2' title="bbox 431 291 1813 352; baseline 0.006 -20"><span class='ocrx_word' id='word_1_5' title='bbox 431 309 453 333; x_wconf 89' lang='lat'>»</span> <span class='ocrx_word' id='word_1_6' title='bbox 477 291 608 336; x_wconf 88' lang='lat' dir='ltr'>dicite</span> <span class='ocrx_word' id='word_1_7' title='bbox 628 291 693 335; x_wconf 90' lang='lat' dir='ltr'>illi</span> <span class='ocrx_word' id='word_1_8' title='bbox 713 310 722 338; x_wconf 71' lang='grc' dir='ltr'><strong>ς</strong></span> <span class='ocrx_word' id='word_1_9' title='bbox 751 309 772 333; x_wconf 88' lang='lat'>»</span> <span class='ocrx_word' id='word_1_10' title='bbox 798 307 887 336; x_wconf 91' lang='lat' dir='ltr'>non</span> <span class='ocrx_word' id='word_1_11' title='bbox 907 292 1010 352; x_wconf 90' lang='lat' dir='ltr'>quia</span> <span class='ocrx_word' id='word_1_12' title='bbox 1030 307 1112 352; x_wconf 85' lang='lat' dir='ltr'>ego</span> <span class='ocrx_word' id='word_1_13' title='bbox 1137 293 1314 350; x_wconf 88' lang='lat' dir='ltr'>dubito,</span> <span class='ocrx_word' id='word_1_14' title='bbox 1349 293 1424 338; x_wconf 90' lang='lat' dir='ltr'>sed</span> <span class='ocrx_word' id='word_1_15' title='bbox 1447 302 1500 339; x_wconf 88' lang='lat' dir='ltr'>ut</span> <span class='ocrx_word' id='word_1_16' title='bbox 1524 308 1600 339; x_wconf 88' lang='lat' dir='ltr'>vos</span> <span class='ocrx_word' id='word_1_17' title='bbox 1623 294 1813 340; x_wconf 81' lang='lat' dir='ltr'>instrua-</span> 
     </span>
     <span class='ocr_line' id='line_1_3' title="bbox 428 362 1811 425; baseline 0.003 -19"><span class='ocrx_word' id='word_1_18' title='bbox 428 362 550 407; x_wconf 88' lang='lat' dir='ltr'>mini.</span> <span class='ocrx_word' id='word_1_19' title='bbox 581 381 602 405; x_wconf 88' lang='lat'>«</span> <span class='ocrx_word' id='word_1_20' title='bbox 625 366 706 415; x_wconf 89' lang='lat' dir='ltr'>Ite,</span> <span class='ocrx_word' id='word_1_21' title='bbox 728 362 860 407; x_wconf 91' lang='lat' dir='ltr'>dicite</span> <span class='ocrx_word' id='word_1_22' title='bbox 890 362 954 407; x_wconf 90' lang='lat' dir='ltr'>illi</span> <span class='ocrx_word' id='word_1_23' title='bbox 974 383 983 408; x_wconf 89' lang='lat'>:</span> <span class='ocrx_word' id='word_1_24' title='bbox 1016 381 1038 405; x_wconf 86' lang='lat'>»</span> <span class='ocrx_word' id='word_1_25' title='bbox 1063 364 1184 425; x_wconf 87' lang='lat' dir='ltr'>quod</span> <span class='ocrx_word' id='word_1_26' title='bbox 1205 380 1286 424; x_wconf 84' lang='lat' dir='ltr'>ego</span> <span class='ocrx_word' id='word_1_27' title='bbox 1315 364 1433 410; x_wconf 90' lang='lat' dir='ltr'>soleo</span> <span class='ocrx_word' id='word_1_28' title='bbox 1453 364 1618 420; x_wconf 86' lang='lat' dir='ltr'>dicere,</span> <span class='ocrx_word' id='word_1_29' title='bbox 1645 365 1700 410; x_wconf 87' lang='lat' dir='ltr'>ab</span> <span class='ocrx_word' id='word_1_30' title='bbox 1718 365 1811 425; x_wconf 91' lang='lat' dir='ltr'>ipso</span> 
     </span>
     <span class='ocr_line' id='line_1_4' title="bbox 427 432 1807 496; baseline 0.002 -18"><span class='ocrx_word' id='word_1_31' title='bbox 427 432 576 478; x_wconf 87' lang='lat' dir='ltr'>audite</span> <span class='ocrx_word' id='word_1_32' title='bbox 597 452 606 477; x_wconf 90' lang='lat'><strong>:</strong></span> <span class='ocrx_word' id='word_1_33' title='bbox 632 432 810 478; x_wconf 88' lang='lat' dir='ltr'>audistis</span> <span class='ocrx_word' id='word_1_34' title='bbox 831 449 1095 493; x_wconf 81' lang='lat' dir='ltr'>praeconem,</span> <span class='ocrx_word' id='word_1_35' title='bbox 1115 436 1435 480; x_wconf 88' lang='lat' dir='ltr'>confirmamini</span> <span class='ocrx_word' id='word_1_36' title='bbox 1455 451 1478 480; x_wconf 90' lang='lat' dir='ltr'>a</span> <span class='ocrx_word' id='word_1_37' title='bbox 1494 436 1660 496; x_wconf 84' lang='lat' dir='ltr'>judice.</span> <span class='ocrx_word' id='word_1_38' title='bbox 1684 454 1705 478; x_wconf 92' lang='lat'>«</span> <span class='ocrx_word' id='word_1_39' title='bbox 1726 439 1807 491; x_wconf 93' lang='lat' dir='ltr'>Ite,</span> 
     </span>
     <span class='ocr_line' id='line_1_5' title="bbox 428 503 1806 566; baseline 0.001 -20"><span class='ocrx_word' id='word_1_40' title='bbox 428 522 450 545; x_wconf 89' lang='lat'>»</span> <span class='ocrx_word' id='word_1_41' title='bbox 485 503 617 548; x_wconf 87' lang='lat' dir='ltr'>dicite</span> <span class='ocrx_word' id='word_1_42' title='bbox 643 503 706 548; x_wconf 91' lang='lat' dir='ltr'>illi</span> <span class='ocrx_word' id='word_1_43' title='bbox 735 507 833 550; x_wconf 87' lang='lat' dir='ltr'>:Tu</span> <span class='ocrx_word' id='word_1_44' title='bbox 860 521 904 550; x_wconf 90' lang='lat' dir='ltr'>es</span> <span class='ocrx_word' id='word_1_45' title='bbox 937 506 1014 566; x_wconf 92' lang='lat' dir='ltr'>qui</span> <span class='ocrx_word' id='word_1_46' title='bbox 1034 506 1178 562; x_wconf 89' lang='lat' dir='ltr'>venis,</span> <span class='ocrx_word' id='word_1_47' title='bbox 1206 522 1261 551; x_wconf 86' lang='lat' dir='ltr'>an</span> <span class='ocrx_word' id='word_1_48' title='bbox 1290 505 1423 550; x_wconf 88' lang='lat' dir='ltr'>alium</span> <span class='ocrx_word' id='word_1_49' title='bbox 1462 509 1806 566; x_wconf 81' lang='lat' dir='ltr'>expectamus?»</span> 
     </span>
     <span class='ocr_line' id='line_1_6' title="bbox 427 575 1807 636; baseline 0.003 -19"><span class='ocrx_word' id='word_1_50' title='bbox 427 577 602 629; x_wconf 85' lang='lat' dir='ltr'>lerunt,</span> <span class='ocrx_word' id='word_1_51' title='bbox 627 583 670 619; x_wconf 89' lang='lat' dir='ltr'>et</span> <span class='ocrx_word' id='word_1_52' title='bbox 689 575 921 634; x_wconf 80' lang='lat' dir='ltr'>dixerunt3</span> <span class='ocrx_word' id='word_1_53' title='bbox 945 586 1122 636; x_wconf 88' lang='lat' dir='ltr'>propter</span> <span class='ocrx_word' id='word_1_54' title='bbox 1146 592 1190 621; x_wconf 89' lang='lat' dir='ltr'>se</span> <span class='ocrx_word' id='word_1_55' title='bbox 1208 611 1219 632; x_wconf 93' lang='lat'>,</span> <span class='ocrx_word' id='word_1_56' title='bbox 1250 592 1341 620; x_wconf 91' lang='lat' dir='ltr'>non</span> <span class='ocrx_word' id='word_1_57' title='bbox 1372 586 1550 636; x_wconf 88' lang='lat' dir='ltr'>propter</span> <span class='ocrx_word' id='word_1_58' title='bbox 1576 579 1807 622; x_wconf 87' lang='lat' dir='ltr'>Joannem.</span> 
     </span>
     <span class='ocr_line' id='line_1_7' title="bbox 424 645 1810 705; baseline 0.003 -17"><span class='ocrx_word' id='word_1_59' title='bbox 424 646 673 705; x_wconf 87' lang='lat' dir='ltr'>Etpropter</span> <span class='ocrx_word' id='word_1_60' title='bbox 687 645 784 691; x_wconf 89' lang='lat' dir='ltr'>illos</span> <span class='ocrx_word' id='word_1_61' title='bbox 801 646 907 692; x_wconf 88' lang='lat' dir='ltr'>dixit</span> <span class='ocrx_word' id='word_1_62' title='bbox 928 648 1126 693; x_wconf 87' lang='lat' dir='ltr'>Christus</span> <span class='ocrx_word' id='word_1_63' title='bbox 1151 667 1160 692; x_wconf 70' lang='grc' dir='ltr'>ι</span> <span class='ocrx_word' id='word_1_64' title='bbox 1185 667 1206 690; x_wconf 84' lang='grc'>«</span> <span class='ocrx_word' id='word_1_65' title='bbox 1230 648 1345 692; x_wconf 81' lang='lat' dir='ltr'>Caeci</span> <span class='ocrx_word' id='word_1_66' title='bbox 1361 647 1529 703; x_wconf 88' lang='lat' dir='ltr'>vident,</span> <span class='ocrx_word' id='word_1_67' title='bbox 1546 647 1693 692; x_wconf 90' lang='lat' dir='ltr'>claudi</span> <span class='ocrx_word' id='word_1_68' title='bbox 1715 663 1810 692; x_wconf 88' lang='lat' dir='ltr'>am-</span> 
     </span>
     <span class='ocr_line' id='line_1_8' title="bbox 427 716 1810 779; baseline 0.004 -21"><span class='ocrx_word' id='word_1_69' title='bbox 427 734 448 758; x_wconf 86' lang='lat'>»</span> <span class='ocrx_word' id='word_1_70' title='bbox 482 716 640 762; x_wconf 86' lang='lat' dir='ltr'>bulant</span> <span class='ocrx_word' id='word_1_71' title='bbox 655 754 666 774; x_wconf 93' lang='lat'>,</span> <span class='ocrx_word' id='word_1_72' title='bbox 691 719 810 764; x_wconf 90' lang='lat' dir='ltr'>surdi</span> <span class='ocrx_word' id='word_1_73' title='bbox 827 719 1034 776; x_wconf 89' lang='lat' dir='ltr'>audiunt,</span> <span class='ocrx_word' id='word_1_74' title='bbox 1058 719 1218 779; x_wconf 81' lang='lat' dir='ltr'>leprosi</span> <span class='ocrx_word' id='word_1_75' title='bbox 1239 718 1531 774; x_wconf 87' lang='lat' dir='ltr'>mundantur,</span> <span class='ocrx_word' id='word_1_76' title='bbox 1555 720 1718 765; x_wconf 89' lang='lat' dir='ltr'>mortui</span> <span class='ocrx_word' id='word_1_77' title='bbox 1739 735 1810 764; x_wconf 91' lang='lat' dir='ltr'>re-</span> 
     </span>
     <span class='ocr_line' id='line_1_9' title="bbox 427 789 1808 850; baseline 0.004 -20"><span class='ocrx_word' id='word_1_78' title='bbox 427 805 448 829; x_wconf 96' lang='lat'>»</span> <span class='ocrx_word' id='word_1_79' title='bbox 483 798 682 847; x_wconf 88' lang='lat' dir='ltr'>surgunt,</span> <span class='ocrx_word' id='word_1_80' title='bbox 701 805 914 850; x_wconf 84' lang='lat' dir='ltr'>pauperes</span> <span class='ocrx_word' id='word_1_81' title='bbox 936 790 1303 849; x_wconf 85' lang='lat' dir='ltr'>evangelizantur.</span> <span class='ocrx_word' id='word_1_82' title='bbox 1323 789 1517 834; x_wconf 85' lang='lat' dir='ltr'>»Videtis</span> <span class='ocrx_word' id='word_1_83' title='bbox 1539 806 1627 845; x_wconf 91' lang='lat' dir='ltr'>me,</span> <span class='ocrx_word' id='word_1_84' title='bbox 1649 806 1808 850; x_wconf 84' lang='lat' dir='ltr'>agnos-</span> 
     </span>
     <span class='ocr_line' id='line_1_10' title="bbox 426 859 1810 922; baseline 0.001 -18"><span class='ocrx_word' id='word_1_85' title='bbox 426 859 512 904; x_wconf 86' lang='lat' dir='ltr'>cite</span> <span class='ocrx_word' id='word_1_86' title='bbox 524 875 593 904; x_wconf 90' lang='lat' dir='ltr'>me</span> <span class='ocrx_word' id='word_1_87' title='bbox 609 880 618 905; x_wconf 73' lang='grc' dir='ltr'>ε</span> <span class='ocrx_word' id='word_1_88' title='bbox 635 860 787 906; x_wconf 88' lang='lat' dir='ltr'>videtis</span> <span class='ocrx_word' id='word_1_89' title='bbox 806 862 937 917; x_wconf 83' lang='lat' dir='ltr'>facta,</span> <span class='ocrx_word' id='word_1_90' title='bbox 958 860 1167 905; x_wconf 73' lang='lat' dir='ltr'>factorem</span> <span class='ocrx_word' id='word_1_91' title='bbox 1188 861 1424 920; x_wconf 81' lang='lat' dir='ltr'>agnoscite.</span> <span class='ocrx_word' id='word_1_92' title='bbox 1448 880 1468 904; x_wconf 92' lang='lat'>«</span> <span class='ocrx_word' id='word_1_93' title='bbox 1491 864 1549 905; x_wconf 91' lang='lat' dir='ltr'>Et</span> <span class='ocrx_word' id='word_1_94' title='bbox 1565 862 1718 906; x_wconf 88' lang='lat' dir='ltr'>beatus</span> <span class='ocrx_word' id='word_1_95' title='bbox 1734 863 1810 922; x_wconf 90' lang='lat' dir='ltr'>qui</span> 
     </span>
     <span class='ocr_line' id='line_1_11' title="bbox 424 930 1806 988; baseline 0.004 -17"><span class='ocrx_word' id='word_1_96' title='bbox 424 947 446 971; x_wconf 93' lang='lat'>»</span> <span class='ocrx_word' id='word_1_97' title='bbox 479 930 525 974; x_wconf 91' lang='lat' dir='ltr'>in</span> <span class='ocrx_word' id='word_1_98' title='bbox 550 946 620 975; x_wconf 92' lang='lat' dir='ltr'>me</span> <span class='ocrx_word' id='word_1_99' title='bbox 642 947 731 976; x_wconf 90' lang='lat' dir='ltr'>non</span> <span class='ocrx_word' id='word_1_100' title='bbox 752 930 887 976; x_wconf 90' lang='lat' dir='ltr'>fuerit</span> <span class='ocrx_word' id='word_1_101' title='bbox 923 931 1237 976; x_wconf 86' lang='lat' dir='ltr'>scandalizatus</span> <span class='ocrx_word' id='word_1_102' title='bbox 1254 933 1284 975; x_wconf 86' lang='lat'>1.</span> <span class='ocrx_word' id='word_1_103' title='bbox 1310 950 1330 973; x_wconf 85' lang='lat'>»</span> <span class='ocrx_word' id='word_1_104' title='bbox 1355 931 1441 976; x_wconf 88' lang='lat' dir='ltr'>Sed</span> <span class='ocrx_word' id='word_1_105' title='bbox 1466 930 1521 975; x_wconf 91' lang='lat' dir='ltr'>de</span> <span class='ocrx_word' id='word_1_106' title='bbox 1541 931 1666 976; x_wconf 86' lang='lat' dir='ltr'>vobis</span> <span class='ocrx_word' id='word_1_107' title='bbox 1685 931 1806 988; x_wconf 91' lang='lat' dir='ltr'>dico,</span> 
     </span>
     <span class='ocr_line' id='line_1_12' title="bbox 421 1000 1805 1061; baseline 0.002 -17"><span class='ocrx_word' id='word_1_108' title='bbox 421 1015 510 1044; x_wconf 90' lang='lat' dir='ltr'>non</span> <span class='ocrx_word' id='word_1_109' title='bbox 528 1000 582 1044; x_wconf 91' lang='lat' dir='ltr'>de</span> <span class='ocrx_word' id='word_1_110' title='bbox 595 1003 619 1045; x_wconf 88' lang='lat' dir='ltr'><strong>J</strong></span> <span class='ocrx_word' id='word_1_111' title='bbox 622 1017 778 1046; x_wconf 87' lang='lat' dir='ltr'>oanne.</span> <span class='ocrx_word' id='word_1_112' title='bbox 793 1004 902 1046; x_wconf 85' lang='lat' dir='ltr'>Nam</span> <span class='ocrx_word' id='word_1_113' title='bbox 917 1011 966 1046; x_wconf 81' lang='lat' dir='ltr'>ut</span> <span class='ocrx_word' id='word_1_114' title='bbox 980 1002 1186 1046; x_wconf 84' lang='lat' dir='ltr'>sciremus</span> <span class='ocrx_word' id='word_1_115' title='bbox 1202 1002 1303 1061; x_wconf 82' lang='lat' dir='ltr'>quia</span> <span class='ocrx_word' id='word_1_116' title='bbox 1318 1017 1408 1046; x_wconf 91' lang='lat' dir='ltr'>non</span> <span class='ocrx_word' id='word_1_117' title='bbox 1419 1001 1474 1045; x_wconf 92' lang='lat' dir='ltr'>de</span> <span class='ocrx_word' id='word_1_118' title='bbox 1488 1004 1508 1046; x_wconf 89' lang='lat' dir='ltr'>J</span> <span class='ocrx_word' id='word_1_119' title='bbox 1515 1017 1656 1046; x_wconf 84' lang='lat' dir='ltr'>oanne</span> <span class='ocrx_word' id='word_1_120' title='bbox 1673 1002 1780 1048; x_wconf 79' lang='lat' dir='ltr'>dixit</span> <span class='ocrx_word' id='word_1_121' title='bbox 1797 1022 1805 1048; x_wconf 89' lang='lat'>:</span> 
     </span>
     <span class='ocr_line' id='line_1_13' title="bbox 424 1071 1804 1133; baseline 0.002 -20"><span class='ocrx_word' id='word_1_122' title='bbox 424 1089 446 1113; x_wconf 90' lang='lat'>«</span> <span class='ocrx_word' id='word_1_123' title='bbox 479 1071 568 1115; x_wconf 91' lang='lat' dir='ltr'>Illis</span> <span class='ocrx_word' id='word_1_124' title='bbox 602 1072 864 1117; x_wconf 87' lang='lat' dir='ltr'>abeuntibus</span> <span class='ocrx_word' id='word_1_125' title='bbox 881 1073 1016 1133; x_wconf 83' lang='lat' dir='ltr'>coepit</span> <span class='ocrx_word' id='word_1_126' title='bbox 1048 1073 1192 1118; x_wconf 83' lang='lat' dir='ltr'>dicere</span> <span class='ocrx_word' id='word_1_127' title='bbox 1213 1072 1269 1117; x_wconf 91' lang='lat' dir='ltr'>ad</span> <span class='ocrx_word' id='word_1_128' title='bbox 1295 1074 1446 1118; x_wconf 87' lang='lat' dir='ltr'>turbas</span> <span class='ocrx_word' id='word_1_129' title='bbox 1473 1073 1528 1117; x_wconf 91' lang='lat' dir='ltr'>de</span> <span class='ocrx_word' id='word_1_130' title='bbox 1549 1075 1719 1118; x_wconf 89' lang='lat' dir='ltr'>Joanne</span> <span class='ocrx_word' id='word_1_131' title='bbox 1746 1093 1755 1118; x_wconf 77' lang='grc' dir='ltr'>ε</span> <span class='ocrx_word' id='word_1_132' title='bbox 1784 1092 1804 1116; x_wconf 88' lang='grc'>»</span> 
     </span>
     <span class='ocr_line' id='line_1_14' title="bbox 420 1140 1324 1204; baseline 0.003 -19"><span class='ocrx_word' id='word_1_133' title='bbox 420 1140 530 1186; x_wconf 80' lang='lat' dir='ltr'>dixit</span> <span class='ocrx_word' id='word_1_134' title='bbox 559 1142 709 1188; x_wconf 79' lang='lat' dir='ltr'>laudes</span> <span class='ocrx_word' id='word_1_135' title='bbox 731 1145 822 1204; x_wconf 83' lang='lat' dir='ltr'>ejus</span> <span class='ocrx_word' id='word_1_136' title='bbox 839 1159 960 1188; x_wconf 83' lang='lat' dir='ltr'>veras</span> <span class='ocrx_word' id='word_1_137' title='bbox 977 1160 1129 1200; x_wconf 84' lang='lat' dir='ltr'>verax,</span> <span class='ocrx_word' id='word_1_138' title='bbox 1150 1145 1324 1189; x_wconf 84' lang='lat' dir='ltr'>veritas.</span> 
     </span>
    </p>

    <p class='ocr_par' dir='ltr' id='par_1_3' title="bbox 414 1214 1808 1768">
     <span class='ocr_line' id='line_1_15' title="bbox 478 1214 1807 1275; baseline 0.002 -19"><span class='ocrx_word' id='word_1_139' title='bbox 478 1214 532 1256; x_wconf 91' lang='lat' dir='ltr'>V.</span> <span class='ocrx_word' id='word_1_140' title='bbox 557 1216 670 1258; x_wconf 91' lang='lat' dir='ltr'>Puto</span> <span class='ocrx_word' id='word_1_141' title='bbox 691 1215 791 1258; x_wconf 86' lang='lat' dir='ltr'>satis</span> <span class='ocrx_word' id='word_1_142' title='bbox 812 1214 939 1259; x_wconf 82' lang='lat' dir='ltr'>istam</span> <span class='ocrx_word' id='word_1_143' title='bbox 960 1214 1146 1259; x_wconf 87' lang='lat' dir='ltr'>solutam</span> <span class='ocrx_word' id='word_1_144' title='bbox 1168 1230 1258 1259; x_wconf 88' lang='lat' dir='ltr'>esse</span> <span class='ocrx_word' id='word_1_145' title='bbox 1279 1214 1580 1275; x_wconf 74' lang='lat' dir='ltr'>quaestionem.</span> <span class='ocrx_word' id='word_1_146' title='bbox 1610 1215 1807 1259; x_wconf 88' lang='lat' dir='ltr'>Sufficiat</span> 
     </span>
     <span class='ocr_line' id='line_1_16' title="bbox 417 1283 1804 1346; baseline 0.001 -19"><span class='ocrx_word' id='word_1_147' title='bbox 417 1297 519 1341; x_wconf 86' lang='lat' dir='ltr'>ergo</span> <span class='ocrx_word' id='word_1_148' title='bbox 541 1299 681 1344; x_wconf 90' lang='lat' dir='ltr'>usque</span> <span class='ocrx_word' id='word_1_149' title='bbox 701 1285 756 1329; x_wconf 85' lang='lat' dir='ltr'>ad</span> <span class='ocrx_word' id='word_1_150' title='bbox 777 1286 868 1346; x_wconf 88' lang='lat' dir='ltr'>ejus</span> <span class='ocrx_word' id='word_1_151' title='bbox 889 1285 1151 1330; x_wconf 86' lang='lat' dir='ltr'>solutionem</span> <span class='ocrx_word' id='word_1_152' title='bbox 1183 1283 1432 1344; x_wconf 81' lang='lat' dir='ltr'>perduxisse</span> <span class='ocrx_word' id='word_1_153' title='bbox 1465 1299 1725 1329; x_wconf 89' lang='lat' dir='ltr'>sermonem.</span> <span class='ocrx_word' id='word_1_154' title='bbox 1751 1288 1804 1328; x_wconf 89' lang='lat' dir='ltr'>In</span> 
     </span>
     <span class='ocr_line' id='line_1_17' title="bbox 416 1354 1806 1416; baseline 0.001 -19"><span class='ocrx_word' id='word_1_155' title='bbox 416 1363 564 1398; x_wconf 91' lang='lat' dir='ltr'>mente</span> <span class='ocrx_word' id='word_1_156' title='bbox 580 1355 739 1399; x_wconf 89' lang='lat' dir='ltr'>habete</span> <span class='ocrx_word' id='word_1_157' title='bbox 760 1371 969 1416; x_wconf 84' lang='lat' dir='ltr'>pauperes</span> <span class='ocrx_word' id='word_1_158' title='bbox 994 1375 1003 1400; x_wconf 91' lang='lat'>:</span> <span class='ocrx_word' id='word_1_159' title='bbox 1023 1355 1156 1400; x_wconf 89' lang='lat' dir='ltr'>facite</span> <span class='ocrx_word' id='word_1_160' title='bbox 1177 1355 1253 1416; x_wconf 86' lang='lat' dir='ltr'>qui</span> <span class='ocrx_word' id='word_1_161' title='bbox 1272 1354 1471 1400; x_wconf 90' lang='lat' dir='ltr'>nondum</span> <span class='ocrx_word' id='word_1_162' title='bbox 1492 1354 1653 1399; x_wconf 89' lang='lat' dir='ltr'>fecistis</span> <span class='ocrx_word' id='word_1_163' title='bbox 1680 1374 1690 1400; x_wconf 71' lang='grc' dir='ltr'>ε</span> <span class='ocrx_word' id='word_1_164' title='bbox 1709 1370 1806 1400; x_wconf 89' lang='lat' dir='ltr'>cre-</span> 
     </span>
     <span class='ocr_line' id='line_1_18' title="bbox 417 1424 1808 1486; baseline 0.001 -18"><span class='ocrx_word' id='word_1_165' title='bbox 417 1424 507 1469; x_wconf 88' lang='lat' dir='ltr'>dite</span> <span class='ocrx_word' id='word_1_166' title='bbox 520 1460 531 1480; x_wconf 98' lang='lat'>,</span> <span class='ocrx_word' id='word_1_167' title='bbox 556 1441 645 1471; x_wconf 88' lang='lat' dir='ltr'>non</span> <span class='ocrx_word' id='word_1_168' title='bbox 662 1426 839 1486; x_wconf 83' lang='lat' dir='ltr'>perditis</span> <span class='ocrx_word' id='word_1_169' title='bbox 858 1449 869 1485; x_wconf 78' lang='lat'>3</span> <span class='ocrx_word' id='word_1_170' title='bbox 890 1428 979 1472; x_wconf 91' lang='lat' dir='ltr'>imo</span> <span class='ocrx_word' id='word_1_171' title='bbox 996 1428 1080 1472; x_wconf 85' lang='lat' dir='ltr'>hoe</span> <span class='ocrx_word' id='word_1_172' title='bbox 1099 1426 1240 1471; x_wconf 88' lang='lat' dir='ltr'>solum</span> <span class='ocrx_word' id='word_1_173' title='bbox 1261 1426 1460 1486; x_wconf 81' lang='lat' dir='ltr'>perditiS,</span> <span class='ocrx_word' id='word_1_174' title='bbox 1479 1426 1600 1486; x_wconf 91' lang='lat' dir='ltr'>quod</span> <span class='ocrx_word' id='word_1_175' title='bbox 1617 1442 1706 1471; x_wconf 91' lang='lat' dir='ltr'>non</span> <span class='ocrx_word' id='word_1_176' title='bbox 1723 1424 1808 1470; x_wconf 88' lang='lat' dir='ltr'>fer-</span> 
     </span>
     <span class='ocr_line' id='line_1_19' title="bbox 415 1494 1805 1557; baseline 0.001 -19"><span class='ocrx_word' id='word_1_177' title='bbox 415 1495 469 1538; x_wconf 90' lang='lat' dir='ltr'>tis</span> <span class='ocrx_word' id='word_1_178' title='bbox 491 1494 547 1540; x_wconf 87' lang='lat' dir='ltr'>ad</span> <span class='ocrx_word' id='word_1_179' title='bbox 572 1495 842 1557; x_wconf 82' lang='lat' dir='ltr'>quadrigam.</span> <span class='ocrx_word' id='word_1_180' title='bbox 868 1500 964 1542; x_wconf 87' lang='lat' dir='ltr'>Jam</span> <span class='ocrx_word' id='word_1_181' title='bbox 992 1497 1267 1542; x_wconf 89' lang='lat' dir='ltr'>reddendum</span> <span class='ocrx_word' id='word_1_182' title='bbox 1301 1506 1362 1541; x_wconf 90' lang='lat' dir='ltr'>est</span> <span class='ocrx_word' id='word_1_183' title='bbox 1385 1497 1650 1556; x_wconf 83' lang='lat' dir='ltr'>pauperibus</span> <span class='ocrx_word' id='word_1_184' title='bbox 1686 1495 1805 1556; x_wconf 88' lang='lat' dir='ltr'>quod</span> 
     </span>
     <span class='ocr_line' id='line_1_20' title="bbox 416 1565 1804 1629; baseline 0.002 -20"><span class='ocrx_word' id='word_1_185' title='bbox 416 1565 656 1623; x_wconf 76' lang='lat' dir='ltr'>obtulistis,</span> <span class='ocrx_word' id='word_1_186' title='bbox 694 1569 770 1629; x_wconf 87' lang='lat' dir='ltr'>qui</span> <span class='ocrx_word' id='word_1_187' title='bbox 793 1568 1009 1613; x_wconf 87' lang='lat' dir='ltr'>obtulistis</span> <span class='ocrx_word' id='word_1_188' title='bbox 1038 1588 1046 1614; x_wconf 89' lang='lat'>:</span> <span class='ocrx_word' id='word_1_189' title='bbox 1073 1578 1116 1613; x_wconf 86' lang='lat' dir='ltr'>et</span> <span class='ocrx_word' id='word_1_190' title='bbox 1137 1568 1326 1613; x_wconf 87' lang='lat' dir='ltr'>multum</span> <span class='ocrx_word' id='word_1_191' title='bbox 1349 1569 1493 1612; x_wconf 87' lang='lat' dir='ltr'>minus</span> <span class='ocrx_word' id='word_1_192' title='bbox 1519 1568 1734 1612; x_wconf 88' lang='lat' dir='ltr'>habemus</span> <span class='ocrx_word' id='word_1_193' title='bbox 1749 1567 1804 1612; x_wconf 90' lang='lat' dir='ltr'>ad</span> 
     </span>
     <span class='ocr_line' id='line_1_21' title="bbox 415 1639 1804 1700; baseline 0.002 -19"><span class='ocrx_word' id='word_1_194' title='bbox 415 1652 629 1683; x_wconf 87' lang='lat' dir='ltr'>summam</span> <span class='ocrx_word' id='word_1_195' title='bbox 660 1655 791 1700; x_wconf 84' lang='lat' dir='ltr'>quam</span> <span class='ocrx_word' id='word_1_196' title='bbox 819 1639 963 1685; x_wconf 87' lang='lat' dir='ltr'>soletis</span> <span class='ocrx_word' id='word_1_197' title='bbox 997 1640 1154 1685; x_wconf 85' lang='lat' dir='ltr'>offerre</span> <span class='ocrx_word' id='word_1_198' title='bbox 1181 1659 1191 1684; x_wconf 86' lang='grc'>;</span> <span class='ocrx_word' id='word_1_199' title='bbox 1217 1639 1406 1684; x_wconf 81' lang='lat' dir='ltr'>excutite</span> <span class='ocrx_word' id='word_1_200' title='bbox 1438 1639 1670 1698; x_wconf 82' lang='lat' dir='ltr'>pigritiam.</span> <span class='ocrx_word' id='word_1_201' title='bbox 1709 1641 1804 1697; x_wconf 86' lang='lat' dir='ltr'>Ego</span> 
     </span>
     <span class='ocr_line' id='line_1_22' title="bbox 414 1705 1802 1768; baseline 0.001 -16"><span class='ocrx_word' id='word_1_202' title='bbox 414 1705 553 1753; x_wconf 88' lang='lat' dir='ltr'>factus</span> <span class='ocrx_word' id='word_1_203' title='bbox 570 1726 665 1754; x_wconf 88' lang='lat' dir='ltr'>sum</span> <span class='ocrx_word' id='word_1_204' title='bbox 689 1711 913 1756; x_wconf 87' lang='lat' dir='ltr'>mendicus</span> <span class='ocrx_word' id='word_1_205' title='bbox 935 1711 1252 1756; x_wconf 89' lang='lat' dir='ltr'>mendicorum.</span> <span class='ocrx_word' id='word_1_206' title='bbox 1274 1709 1391 1764; x_wconf 86' lang='lat' dir='ltr'>Quid</span> <span class='ocrx_word' id='word_1_207' title='bbox 1415 1711 1470 1754; x_wconf 90' lang='lat' dir='ltr'>ad</span> <span class='ocrx_word' id='word_1_208' title='bbox 1494 1712 1594 1754; x_wconf 77' lang='lat' dir='ltr'>me?</span> <span class='ocrx_word' id='word_1_209' title='bbox 1611 1712 1704 1768; x_wconf 87' lang='lat' dir='ltr'>Ego</span> <span class='ocrx_word' id='word_1_210' title='bbox 1723 1710 1802 1753; x_wconf 89' lang='lat' dir='ltr'>sim</span> 
     </span>
    </p>
   </div>
   <div class='ocr_carea' id='block_1_3' title="bbox 413 1779 1802 1892">
    <p class='ocr_par' dir='ltr' id='par_1_4' title="bbox 413 1779 1802 1892">
     <span class='ocr_line' id='line_1_23' title="bbox 413 1779 1802 1839; baseline 0.001 -17"><span class='ocrx_word' id='word_1_211' title='bbox 413 1779 639 1825; x_wconf 89' lang='lat' dir='ltr'>mendicus</span> <span class='ocrx_word' id='word_1_212' title='bbox 657 1782 977 1839; x_wconf 82' lang='lat' dir='ltr'>mendicorum,</span> <span class='ocrx_word' id='word_1_213' title='bbox 997 1792 1047 1827; x_wconf 86' lang='lat' dir='ltr'>ut</span> <span class='ocrx_word' id='word_1_214' title='bbox 1066 1797 1143 1828; x_wconf 87' lang='lat' dir='ltr'>vos</span> <span class='ocrx_word' id='word_1_215' title='bbox 1165 1781 1454 1826; x_wconf 89' lang='lat' dir='ltr'>numeremini</span> <span class='ocrx_word' id='word_1_216' title='bbox 1475 1781 1522 1824; x_wconf 91' lang='lat' dir='ltr'>in</span> <span class='ocrx_word' id='word_1_217' title='bbox 1544 1795 1729 1825; x_wconf 89' lang='lat' dir='ltr'>numero</span> <span class='ocrx_word' id='word_1_218' title='bbox 1750 1779 1802 1823; x_wconf 88' lang='lat' dir='ltr'>fi-</span> 
     </span>
     <span class='ocr_line' id='line_1_24' title="bbox 414 1846 590 1892; baseline 0.011 -2"><span class='ocrx_word' id='word_1_219' title='bbox 414 1846 590 1892; x_wconf 88' lang='lat' dir='ltr'>liorum.</span> 
     </span>
    </p>
   </div>
   <div class='ocr_carea' id='block_1_4' title="bbox 463 1958 733 2000">
    <p class='ocr_par' dir='ltr' id='par_1_5' title="bbox 463 1958 733 2000">
     <span class='ocr_line' id='line_1_25' title="bbox 463 1958 733 2000; baseline 0.011 -11"><span class='ocrx_word' id='word_1_220' title='bbox 463 1964 472 1981; x_wconf 89' lang='lat'>¹</span> <span class='ocrx_word' id='word_1_221' title='bbox 497 1958 615 1991; x_wconf 84' lang='lat' dir='ltr'>Matth.</span> <span class='ocrx_word' id='word_1_222' title='bbox 638 1960 733 2000; x_wconf 75' lang='lat' dir='ltr'>xr,6.</span> 
     </span>
    </p>
   </div>
   <div class='ocr_carea' id='block_1_5' title="bbox 1821 0 1898 3178">
    <p class='ocr_par' dir='ltr' id='par_1_6' title="bbox 1821 0 1898 3178">
     <span class='ocr_line' id='line_1_26' title="bbox 1821 0 1898 3178; baseline 0 0"><span class='ocrx_word' id='word_1_223' title='bbox 1821 0 1898 3178; x_wconf 95' lang='lat' dir='ltr'> </span> 
     </span>
    </p>
   </div>
  </div>
 </body>
</html>
