1898 3178
406 234 543 263 3ΕῆΜο
574 236 697 272 cxiv,
733 237 786 262 DE
821 235 963 263 vnaius
998 238 1089 263 Luc.
1125 237 1228 263 xvn.
1425 225 1508 263 633

111 300 361 354 „Quomodo
398 302 617 345 mundat?
658 302 952 360 Ignoscendo,
978 318 1067 346 non
1104 302 1225 361 quasi
1256 301 1506 345 inveniens1

127 370 249 430 quod
271 372 421 429 puniat
444 406 454 425 ,
480 371 554 414 sed
574 371 798 415 inveniens
816 370 935 431 quod
960 371 1162 416 dimittat.
1188 374 1301 428 Ergo
1319 371 1350 414 si
1372 371 1509 414 habe-

126 457 222 485 mus
239 451 437 500 peccata,
465 440 638 495 fratres,
664 442 935 499 ignoscamus
959 442 1221 501 petentibus.
1247 445 1344 488 Non
1366 442 1510 485 inimi-

125 512 245 555 citias
270 512 316 554 in
348 510 479 554 corde
508 521 656 556 nostro
691 522 842 556 contra
882 512 1064 556 alterum
1097 514 1369 557 retineamus.
1410 512 1509 556 Plus

125 582 239 625 enim
261 581 498 626 inimicitiae
516 590 694 626 retentae
714 582 868 627 vitiant
890 583 1031 641 ipsum
1051 598 1123 627 cor
1145 591 1357 627 nostrum.

183 655 236 696 V.
259 652 370 697 Volo
389 668 491 712 ergo
509 662 551 697 te
574 653 870 712 ignoscentem
884 688 894 708 ,
913 655 1014 714 quia
1032 663 1159 698 teneo
1179 654 1346 697 veniam
1365 663 1510 712 postu»

122 724 299 769 tantem.
326 725 526 783 Rogaris,
552 726 725 783 ignosce
753 744 762 769 ε
784 727 966 784 rogaris,
1002 735 1045 770 et
1081 726 1281 784 rogabi33
1319 726 1478 784 rogaris
1495 761 1505 779 ,

123 795 321 853 ignosce3
345 805 391 840 tu
409 795 578 853 rogabis
593 805 641 839 ut
662 796 911 853 ignoscatur
929 796 1023 840 tibi.
1043 799 1157 841 Ecce
1174 800 1318 840 veniet
1343 805 1509 854 tempus

122 864 273 909 orandi
295 884 304 909 :
331 867 373 909 in
396 866 534 909 verbis
549 882 649 926 quae
674 865 870 910 dicturus
893 882 959 921 es,
984 875 1110 911 teneo
1130 877 1184 911 te.
1203 868 1404 911 Dicturus
1427 882 1470 910 es
1497 885 1506 911 ι

125 954 144 976 «
183 939 306 979 Pater
329 947 490 990 noster,
512 937 645 996 quies
668 936 710 980 in
729 937 865 981 coelis.
885 956 904 977 n
922 939 1018 981 Non
1035 937 1148 981 enim
1167 938 1248 980 eris
1265 938 1309 980 in
1327 951 1508 979 numero

120 1004 333 1060 filiorum,
359 1007 392 1049 si
414 1021 503 1050 non
525 1005 720 1050 dicturus
742 1022 784 1050 es
811 1025 820 1050 ι
850 1026 869 1048 «
898 1010 1024 1050 Pater
1046 1016 1205 1050 noster.
1237 1025 1255 1046 n
1282 1008 1396 1063 Ergo
1419 1005 1509 1049 dic-

120 1084 242 1118 turus
261 1091 304 1119 es
325 1095 367 1120 2«
381 1079 508 1119 Pater
529 1085 691 1130 noster,
712 1076 846 1135 quies
864 1078 908 1120 in
930 1076 1064 1120 coelis.
1082 1079 1305 1135 »Sequere
1323 1096 1330 1103 ·
1352 1096 1369 1116 «
1385 1078 1508 1120 Sanc-

123 1164 141 1186 »
178 1146 366 1189 tificetur
387 1161 548 1189 nomen
581 1154 719 1189 tuum.
772 1147 844 1190 Dic
868 1147 1011 1190 adhuc
1039 1166 1047 1190 z
1090 1146 1301 1190 Adveniat
1325 1161 1507 1204 regnum

123 1235 141 1257 »
178 1225 317 1260 tuum.
329 1235 346 1257 »
356 1217 510 1260 Adbuc
522 1232 701 1276 sequere
719 1235 756 1260 2«
771 1218 865 1260 Fiat
878 1217 1077 1261 voluntas
1092 1226 1181 1270 tua,
1193 1216 1302 1260 sicut
1318 1217 1361 1259 in
1376 1215 1503 1269 coelo,

122 1306 140 1328 »
177 1296 217 1331 et
254 1288 302 1331 in
326 1297 450 1331 terra.
483 1307 500 1328 υ
528 1288 639 1331 Vide
665 1287 771 1346 quid
797 1288 1005 1346 adjungas
1044 1307 1092 1332 2«
1122 1291 1281 1331 Panem
1310 1296 1506 1331 nostrum

120 1375 139 1398 »
176 1356 481 1416 quotidianum
504 1358 557 1400 da
582 1358 706 1401 nobis
727 1358 899 1401 hodie'2.
928 1377 947 1398 »
975 1358 1059 1402 Ubi
1083 1367 1185 1401 sunt
1207 1357 1369 1401 divitiae
1392 1358 1506 1400 tuae‘?

115 1430 229 1472 Ecce
264 1426 500 1471 mendicas.
546 1428 723 1471 Interim
755 1438 899 1472 tamen
921 1429 1038 1472 unde
1071 1429 1234 1486 agitur,
1262 1428 1332 1472 dic
1363 1426 1506 1471 adhuc

115 1508 212 1558 post
235 1517 243 1543 ε
274 1501 476 1541 «Panem
516 1507 711 1542 nostrum
734 1498 1041 1558 quotidianum
1063 1498 1118 1543 da
1153 1499 1278 1543 nobis
1306 1499 1451 1542 hodie.
1481 1516 1500 1538 »

114 1568 191 1613 Dic
214 1567 357 1611 adhuc
376 1567 495 1627 quod
518 1568 715 1627 sequitur
734 1587 742 1612 z
765 1587 783 1609 «
809 1569 982 1611 Dimitte
1002 1569 1127 1612 nobis
1141 1569 1287 1612 debita
1304 1577 1500 1612 nostra.»

115 1638 278 1682 Venisti
310 1638 363 1681 ad
392 1639 523 1681 verba
558 1652 651 1681 mea
677 1657 684 1681 :
715 1657 734 1679 «
765 1637 963 1692 Dimitte,
997 1638 1160 1697 inquit,
1199 1638 1324 1681 nobis
1357 1637 1503 1680 debita

119 1726 138 1749 »
175 1718 336 1752 nostra.
367 1726 387 1748 »
413 1710 510 1760 Quo
528 1709 657 1767 jure?
674 1723 762 1767 quo
781 1709 937 1766 pacto?
959 1723 1047 1766 quo
1070 1707 1262 1766 placito?
1283 1707 1503 1764 chirogra-

115 1780 204 1838 pho
226 1780 436 1823 recitato?
458 1798 477 1820 «
506 1779 625 1823 Sicut
645 1788 687 1822 et
710 1794 788 1822 nos
821 1778 1080 1821 dimittimus
1113 1777 1381 1822 debitoribus
1403 1793 1503 1822 nos-

117 1869 136 1891 »
171 1850 261 1893 tris.
284 1868 302 1890 »
325 1853 483 1893 Parum
502 1859 565 1893 est
588 1850 708 1909 quod
733 1864 820 1893 non
853 1848 1033 1892 dimittis
1064 1848 1207 1893 adhuc
1225 1858 1267 1893 et
1278 1852 1367 1892 Deo
1382 1864 1503 1892 men-

115 1920 220 1964 tiris.
249 1921 454 1964 Conditio
493 1921 627 1978 posita
654 1929 731 1974 est,
757 1919 840 1963 fixa
862 1928 926 1963 est
947 1919 1013 1962 lex
1040 1939 1048 1963 z
1076 1919 1276 1973 Dimitte,
1303 1920 1412 1977 sicut
1432 1919 1500 1962 di-

114 1991 255 2033 mitto.
283 1991 397 2048 Ergo
436 2005 525 2032 non
561 1989 770 2043 dimittit,
803 1989 883 2032 nisi
915 1989 1121 2032 dimittas.
1156 1989 1354 2042 Dimitte,
1391 1989 1503 2033 sicut

114 2052 315 2104 dimitto(v
332 2060 496 2103 Petenti
531 2060 591 2103 vis
615 2068 663 2102 ut
695 2058 939 2102 dimittatur
973 2059 1074 2112 tibi,
1109 2059 1275 2118 petenti
1312 2059 1497 2102 dimitte.

114 2134 270 2174 Preces
292 2130 393 2174 istas
432 2130 712 2188 „iurisperitus
740 2128 841 2173 coeli
863 2127 1040 2172 dictavit
1067 2148 1074 2173 :
1101 2144 1188 2173 non
1214 2138 1254 2171 te
1277 2126 1409 2182 fallit,
1436 2144 1503 2173 se-

112 2199 311 2244 cundum
327 2199 547 2244 coelestem
572 2201 661 2258 ejus
681 2214 831 2244 vocem
855 2214 982 2258 posce
1007 2214 1015 2239 z
1038 2198 1108 2242 dic
1134 2218 1141 2242 :
1170 2218 1189 2240 α
1216 2198 1394 2242 Dimitte
1419 2214 1499 2242 no-

115 2289 135 2311 »
173 2270 262 2324 bis,
288 2271 399 2314 sicut
420 2280 461 2314 et
494 2285 571 2313 nos
595 2269 851 2314 dimittimus
880 2287 887 2313 :
917 2287 936 2310 »
963 2278 1006 2312 et
1028 2269 1097 2313 fac
1120 2268 1239 2328 quod
1262 2269 1382 2312 dicis.
1420 2270 1501 2322 Qui

115 2341 324 2384 mentitur
353 2341 396 2383 in
427 2341 652 2394 Precibus,
692 2340 903 2383 beneficio
936 2352 1051 2383 caret
1074 2358 1082 2382 ι
1108 2339 1184 2398 qui
1219 2339 1428 2382 mentitur
1456 2339 1500 2382 in

112 2410 343 2466 Precibus,
380 2420 422 2454 et
444 2411 583 2470 perdit
611 2425 782 2454 causam
814 2419 856 2452 et
877 2409 1040 2452 invenit
1065 2424 1255 2468 poenam.
1289 2411 1344 2452 Et
1366 2409 1400 2452 si
1422 2408 1500 2452 ali-

110 2480 210 2540 quis
231 2481 438 2525 mentitur
459 2479 709 2539 imperatori
727 2514 737 2534 ,
764 2494 863 2523 cum
885 2479 1074 2536 venerit,
1097 2478 1370 2523 convincitur
1392 2479 1491 2537 quia

157 2571 166 2587 ¹
195 2565 298 2598 Forte
313 2576 376 2598 non
391 2566 476 2607 quasi
495 2575 554 2597 non
573 2565 746 2597 inveniens
775 2581 815 2587 —
837 2572 849 2587 ²
867 2564 978 2596 Matth.
1000 2575 1044 2603 ix,
1068 2575 1118 2596 ιι.
