1898 3178
429 175 483 213 82
857 182 892 211 s.
927 181 1160 211 Aususnm
1194 186 1375 212 EPlscom

422 258 518 293 tum
531 248 708 293 interest
723 248 836 291 inter
853 247 1017 292 malum
1032 263 1138 303 esse,
1153 258 1197 292 et
1210 248 1376 293 malum
1392 249 1496 309 pati.
1516 252 1581 293 Tu
1595 249 1716 308 quod
1733 265 1809 308 pa-

421 319 520 363 teris
541 334 632 363 non
653 334 698 363 es
720 337 729 363 :
755 318 921 362 malum
946 319 1063 363 enim
1084 320 1243 378 pateris
1259 354 1270 375 ‚
1299 319 1375 364 sed
1395 329 1446 364 tu
1468 319 1606 364 malus
1628 335 1718 364 non
1747 335 1805 364 es.

419 388 586 434 Malum
603 421 615 444 ‚
646 390 827 448 inquam
841 422 852 443 ,
878 390 1034 448 pateris
1055 411 1067 447 3
1086 389 1163 434 sed
1184 399 1234 434 tu
1264 390 1403 434 malus
1425 406 1515 435 non
1537 406 1581 434 es
1608 409 1617 434 :
1637 390 1810 437 illeau-

420 467 510 503 tem
532 457 695 503 malum
717 473 807 502 non
829 459 1006 517 patitur,
1027 468 1072 503 et
1089 458 1228 503 malus
1245 469 1323 504 est.
1345 459 1444 505 Noli
1457 475 1561 518 ergo
1580 458 1693 515 falli,
1719 459 1811 503 noli

418 527 511 574 falli
537 547 548 574 ι
567 544 656 573 non
673 537 814 587 potest
830 528 923 572 fieri
943 538 993 573 ut
1013 528 1092 573 tibi
1114 529 1227 573 male
1247 530 1322 584 sit,
1347 530 1424 590 qui
1442 526 1599 588 pateris
1615 528 1778 573 malum
1797 549 1809 585 3

417 607 462 643 et
481 598 544 642 illi
580 599 694 642 bene
713 599 789 653 sit,
814 599 891 658 qui
913 608 978 643 est
999 599 1153 644 malus.
1179 602 1290 644 Cum
1314 600 1432 643 enim
1454 609 1519 644 est
1541 599 1704 654 malus,
1726 615 1810 658 pu·
1865 600 1868 605 '

418 677 481 713 tas
502 669 606 730 quia
626 684 715 714 non
736 669 899 729 patitur
921 669 1110 725 malum,
1135 685 1238 714 cum
1260 671 1422 729 patitur
1444 686 1488 714 se
1509 670 1688 729 ipsum?
1713 669 1810 713 Tibi

414 739 628 796 maleam,
653 741 757 801 quia
777 740 942 786 malum
961 741 1156 785 alienum
1179 742 1337 800 pateris
1358 742 1402 786 in
1424 757 1606 801 corpore
1630 750 1708 785 tuo
1727 761 1740 799 3
1765 749 1809 784 et

414 809 478 854 illi
506 810 620 856 bene
639 820 704 856 est
718 846 730 867 ,
762 811 840 872 qui
861 811 1026 856 malum
1043 827 1088 857 se
1110 812 1254 871 ipsum
1284 812 1447 871 patitur
1470 812 1516 856 in
1537 810 1668 856 corde
1696 812 1809 856 suo?

417 881 514 925 Tibi
535 881 649 926 male
670 891 733 926 est
747 917 759 938 ‚
785 883 890 943 quia
912 882 1073 927 malam
1090 883 1223 927 habes
1246 882 1422 928 Villam?
1443 891 1487 926 et
1508 883 1620 926 bene
1643 891 1706 926 est
1725 880 1805 936 illi,

413 952 491 1011 qui
520 953 680 998 malam
702 954 836 998 habet
860 955 1048 998 animam
1066 955 1083 996 ‘3
1102 957 1206 998 Esto
1225 954 1391 1008 bonus,
1413 955 1489 1013 qui
1519 953 1653 997 habes
1674 953 1805 997 bona.

416 1024 550 1067 Bonae
568 1034 671 1069 sunt
693 1024 879 1080 divitiae,
900 1025 1069 1070 bonum
1091 1034 1154 1068 est
1176 1040 1334 1068 aurum
1353 1060 1364 1082 ‚
1391 1024 1555 1068 bonum
1574 1032 1638 1067 est
1651 1038 1808 1082 argen-

417 1101 512 1137 tum
528 1129 539 1149 ‚
566 1094 695 1139 bonae
717 1095 907 1149 familiae,
940 1096 1068 1139 bonae
1082 1096 1370 1154 possessiones
1397 1114 1406 1139 ι
1427 1095 1572 1139 omnia
1594 1095 1671 1138 ista
1693 1093 1809 1138 bona

414 1173 516 1208 suut
530 1198 542 1218 ,
571 1164 646 1207 sed
669 1165 787 1209 unde
810 1164 941 1209 facias
966 1166 1078 1208 bene
1096 1200 1107 1219 ‚
1129 1180 1220 1209 non
1251 1181 1351 1225 quae
1373 1174 1415 1208 te
1438 1163 1600 1208 faciant
1624 1164 1805 1208 bonum.

415 1234 588 1279 Habeto
608 1235 722 1279 bona
737 1268 749 1289 ,
773 1251 874 1295 quae
895 1245 938 1280 te
959 1235 1123 1280 faciant
1145 1236 1328 1280 bonum.
1355 1240 1460 1287 Quae
1482 1244 1585 1278 sunt
1600 1269 1610 1289 ,
1629 1235 1776 1294 inquis
1793 1269 1804 1288 ‚

413 1304 525 1349 ista?
549 1308 634 1349 Fac
650 1304 865 1364 judicium
880 1341 891 1360 ,
920 1305 988 1350 fac
1001 1305 1230 1364 justitiam.
1256 1309 1377 1349 Bona
1395 1313 1499 1349 sunt
1512 1320 1610 1364 quae
1633 1305 1772 1348 habes
1795 1323 1805 1350 ε

413 1372 483 1418 fac
498 1373 714 1433 judicium
730 1409 741 1429 ‚
767 1374 835 1419 fac
853 1374 1067 1434 justitiam
1093 1394 1102 1419 2
1127 1383 1217 1419 esto
1241 1384 1285 1418 et
1307 1384 1356 1419 tu
1379 1375 1520 1418 bonus
1550 1375 1662 1417 inter
1691 1374 1809 1418 bona

417 1452 508 1488 tua.
529 1445 748 1488 Erubesce
768 1445 892 1488 bonis
910 1444 997 1489 tuis
1019 1464 1028 1490 z
1046 1453 1138 1489 esto
1161 1445 1302 1489 bonus
1324 1460 1554 1488 mansurus
1566 1445 1679 1488 inter
1693 1444 1811 1488 bona

417 1516 625 1575 peritura.
651 1516 871 1560 Erubesce
893 1515 1019 1560 bonis
1046 1516 1129 1560 tuis
1160 1535 1168 1560 :
1195 1515 1285 1560 noli
1308 1531 1397 1559 esse
1420 1515 1558 1559 malus
1580 1516 1625 1558 in
1646 1515 1727 1571 eis,
1753 1530 1809 1559 ne

419 1601 567 1644 pereas
584 1587 770 1630 cumeis.
792 1588 958 1631 Caetera
981 1585 1204 1646 quomodo
1225 1601 1269 1630 se
1292 1586 1500 1640 habeant,
1527 1586 1681 1629 fratres
1703 1586 1805 1640 mei,

419 1656 643 1715 quomodo
664 1656 718 1700 sit
738 1657 947 1701 servanda
963 1656 1130 1715 justitia
1148 1691 1159 1710 ‚
1186 1664 1229 1699 et
1244 1656 1467 1715 quomodo
1488 1655 1705 1713 diligenda
1723 1656 1808 1698 mi-

412 1812 523 1842 ‹cum
543 1797 727 1841 Domino
750 1800 839 1840 Deo
868 1812 968 1850 suo,
994 1796 1077 1840 alio
1098 1804 1296 1854 tempore
1316 1830 1327 1850 ‚
1367 1796 1561 1840 donante
1594 1796 1805 1850 Domino,

419 1867 738 1927 disputabimus
756 1867 893 1912 vobis.
921 1869 1080 1910 Tenete
1098 1881 1167 1909 me
1185 1866 1429 1909 debitorem
1441 1900 1452 1919 ,
1477 1882 1533 1909 ne
1551 1865 1627 1909 diu
1644 1866 1807 1910 habea-

418 1939 472 1984 tis
493 1937 767 1998 fatigatorem
783 1973 795 1993 ‚
819 1937 896 1982 sed
917 1952 996 1997 pro
1027 1936 1194 1981 viribus
1215 1936 1321 1980 meis
1343 1935 1607 1995 adjutorem.
