1898 3178
413 309 549 337 sunno
583 310 631 348 L,
668 311 721 336 DE
756 310 899 339 x‘Enssrs
931 310 1082 341 Acesti.
1383 306 1435 342 97

63 383 185 419 rante
202 371 491 418 misericordia
508 373 728 432 praebetur
748 375 1016 434 hospitalitas
1037 377 1296 437 peregrinis,
1319 378 1437 422 alun-

62 454 133 490 tur
155 443 365 498 famelici,
390 443 498 487 nudi
519 444 762 489 vestiuntur
779 479 790 500 ‚
822 445 970 504 inopes
1007 446 1268 506 adjuvantur
1283 483 1293 503 ,
1334 463 1438 508 cap-

62 515 139 559 tivi
159 513 458 569 redimuntur,
486 523 800 559 construuntur
816 515 1006 560 ecclesiae
1021 551 1032 572 ,
1054 518 1306 563 reficiuntur
1322 518 1436 573 lassi,

0 574 1 590 ³
61 594 271 646 pacantur
290 584 488 644 litigiosi,
509 597 761 644 reparantur
782 585 1005 644 naufragi,
1031 598 1239 633 curantur
1260 589 1437 649 aegroti,

39 650 304 715 'corporales
337 670 439 715 opes
461 654 773 715 dispertiuntur
801 656 847 700 in
875 665 1012 712 terra,
1046 658 1255 717 spiritales
1288 675 1443 705 recon-

7 758 11 771 ἢ
62 726 230 771 duntur
250 727 295 770 in
314 726 451 771 coelo?
464 726 570 780 Quis
585 727 680 771 haec
693 726 821 772 iacit?
834 727 1075 773 Misericors
1092 738 1134 773 et
1150 730 1305 775 bonus.
1319 732 1445 776 Unde

2 817 13 851 ς.
62 796 197 841 facit?
218 800 280 841 De
303 813 409 842 auro
431 806 474 841 et
496 807 690 856 argento.
717 798 798 843 Cui
819 799 1005 843 serviens
1024 799 1119 843 haec
1140 800 1274 845 facit?
1295 803 1347 846 Ei
1370 803 1445 861 qui

11 886 15 909 ι
61 867 196 912 dixit:
225 887 242 908 «
268 871 417 913 Meum
435 877 498 913 est
516 884 670 913 aurum
693 904 703 923 ,
729 878 772 913 et
794 885 937 913 meum
959 879 1022 914 est
1045 881 1289 930 argentum.
1318 891 1338 914 »
1364 873 1444 916 Vi-

4 950 17 970 '=·-
62 938 171 984 detis
188 939 276 998 jam
294 974 304 994 ,
330 948 381 983 ut
403 938 603 994 arbitror,
629 939 798 995 fratres,
824 955 956 1000 quam
978 956 1137 999 magno
1160 957 1304 986 errore
1321 952 1443 1001 mag-
1509 991 1511 993 ,

6 996 20 1046 ³.
62 1023 206 1068 naque
222 1008 442 1053 dementia
458 1009 504 1052 in
522 1024 586 1053 res
603 1009 714 1069 ipsas
728 1009 888 1069 quibus
903 1010 1099 1055 homines
1115 1011 1227 1055 male
1240 1021 1442 1066 utuntur,

63 1079 225 1122 crimen
247 1079 358 1122 male
379 1078 598 1123 utentium
616 1078 917 1123 transferatur.
938 1082 1046 1125 Nam
1077 1081 1110 1124 si
1132 1091 1363 1141 propterea
1384 1083 1449 1126 vi-

62 1156 289 1207 tuperatur
310 1163 465 1192 aurum
484 1157 527 1192 et
549 1157 775 1207 argentum
790 1184 800 1202 ,
824 1149 926 1207 quia
951 1150 1149 1193 homines
1172 1151 1348 1195 avaritia
1370 1151 1448 1194 de-

21 1192 27 1280 l
63 1219 252 1278 pravati,
275 1218 482 1276 neglectis
510 1219 738 1278 praeceptis
766 1219 1173 1278 omnipotentissimi
1204 1223 1443 1276 Creatoris,

63 1289 107 1332 in
130 1304 178 1332 ea
195 1304 294 1348 quae
310 1287 506 1332 condidit
528 1288 772 1332 detestabili
795 1289 1034 1347 cupiditate
1050 1292 1280 1349 rapiuntur
1305 1312 1312 1336 :
1340 1294 1448 1336 vitu-

63 1367 240 1418 peretur
256 1358 385 1402 etiam
409 1358 548 1401 omnis
572 1357 649 1401 Dei
672 1367 868 1402 creatura
885 1393 895 1413 ,
920 1359 1022 1418 quia
1042 1394 1052 1413 ,
1077 1361 1189 1404 sicut
1214 1362 1449 1420 Apostolus

64 1428 168 1473 dicit
195 1449 203 1473 :
241 1447 259 1471 «
287 1432 480 1473 Perversi
509 1428 689 1488 quidam
717 1428 916 1473 homines
946 1428 1199 1485 coluerunt,
1226 1440 1268 1475 et
1289 1433 1449 1475 servie-

30 1475 37 1599 χ
66 1516 88 1540 »
122 1508 226 1543 runt
245 1507 455 1543 creaturae
477 1499 620 1558 potius
652 1513 783 1558 quam
812 1499 1030 1553 Creatori,
1063 1500 1140 1558 qui
1162 1509 1226 1544 est
1247 1501 1451 1546 benedic—

34 1604 39 1633 ,
67 1585 88 1610 »
122 1577 191 1612 tus
211 1569 257 1613 in
273 1567 470 1613 saecula¹.
487 1586 506 1608 »
524 1568 805 1624 Vituperetur
818 1568 946 1611 etiam
966 1568 1046 1612 iste
1067 1568 1130 1612 sol
1148 1604 1159 1623 ,
1184 1585 1316 1629 quem
1334 1581 1449 1616 certe

38 1637 195 1707 iidem
220 1638 472 1692 Manichaei,
513 1636 720 1696 quoniam
752 1652 841 1680 non
863 1636 1115 1695 intelligunt
1151 1653 1239 1682 esse
1275 1650 1448 1684 creatu-

39 1768 43 1788 l

0 1716 2 1723 '
37 1718 41 1741 -“
64 1722 155 1751 ram
174 1743 185 1764 ,
210 1716 419 1768 tanquam
441 1707 861 1765 ipsum Creatorem
880 1740 890 1760 ‚
927 1706 995 1750 vel
1018 1716 1226 1767 tanquam
1250 1710 1342 1768 ejus
1373 1710 1450 1753 ali-

41 1796 44 1817 ι
63 1793 196 1838 quam
229 1786 397 1837 partem
425 1775 568 1820 colere
602 1784 733 1835 atque
773 1776 951 1819 adorare
983 1792 1073 1820 non
1107 1778 1327 1823 desinunt.
1359 1782 1450 1824 Cur

65 1862 166 1906 ergo
187 1848 330 1906 ipsum
347 1862 437 1890 non
457 1846 706 1904 vituperant
725 1881 735 1899 ,
769 1860 869 1889 cum
891 1845 1151 1906 plerumque
1174 1848 1371 1893 homines
1394 1849 1449 1893 de

46 1925 47 1929 ’
64 1933 146 1963 usu
166 1918 266 1962 solis
282 1927 325 1962 et
339 1916 515 1961 luminis
528 1916 575 1960 in
592 1915 783 1960 aedificiis
806 1917 891 1959 suis
912 1916 1006 1960 lites
1028 1917 1324 1976 injustissimas
1342 1936 1448 1964 con-

40 2023 44 2027 .
65 1988 226 2045 citant3
246 1996 289 2031 et
301 1996 350 2031 ut
367 1986 563 2030 fenestris
576 1986 662 2030 suis
681 1985 788 2030 radii
802 1985 1025 2030 liberiores
1043 1986 1268 2047 aliquanto
1288 1988 1448 2048 largius

0 2062 15 2089 ἱ·
65 2057 356 2103 infundantur
372 2092 382 2112 ‚
419 2056 570 2101 domos
591 2055 749 2100 alienas
771 2056 955 2114 dejicere
977 2071 1092 2115 saepe
1114 2057 1356 2102 moliuntur
1375 2081 1385 2116 3
1406 2069 1449 2104 et

55 2143 138 2193 eos
166 2129 243 2189 qui
266 2126 606 2172 contradixerint
622 2161 633 2180 ,
665 2126 831 2169 etiamsi
853 2127 952 2186 jure
973 2127 1211 2172 certissimo
1231 2130 1450 2173 contradi-

55 2208 190 2256 cant,
214 2197 448 2243 inimicitiis
477 2197 756 2241 acerbissimis
782 2196 1082 2241 insectantur?
1101 2198 1144 2242 Si
1165 2213 1295 2258 quem
1317 2200 1447 2258 igitur

13 2282 23 2289 ·
57 2263 80 2277 '
114 2269 339 2313 firmorum
379 2266 598 2326 potentior
624 2265 778 2325 aliquis
814 2267 990 2326 injuste.
1009 2282 1058 2311 ac
1087 2267 1250 2311 nefarie
1272 2280 1447 2328 propter

59 2334 63 2398 ζ
99 2354 195 2383 sum
213 2337 311 2383 solis
334 2336 592 2396 oppresserit
608 2370 619 2391 ,
642 2335 890 2394 diripuerit,
919 2336 966 2380 in
986 2336 1163 2380 exilium
1184 2338 1313 2381 etiam
1335 2354 1448 2383 mor-

1 2403 27 2445 lffi
60 2405 64 2447 ἒ
89 2424 211 2453 emve
230 2405 513 2466 compulerit,
535 2404 632 2448 solis
656 2414 718 2448 est
744 2405 907 2449 crimen
924 2441 934 2459 ,
960 2421 1048 2466 quo
1064 2405 1137 2449 ille
1155 2406 1450 2453 abundantius

62 2449 66 2482 l
103 2479 136 2523 ti
155 2477 373 2522 desiderat
389 2510 400 2531 ,
431 2490 484 2519 an
506 2474 650 2533 potius
672 2473 784 2518 male
811 2475 972 2519 utentis
999 2475 1225 2538 iniquitas,
1249 2477 1324 2536 qui
1344 2478 1451 2523 dum

120 2582 128 2598 ¹
151 2578 241 2608 Rom.
263 2585 288 2614 1,
309 2572 362 2604 25.

260 2648 398 2679 cxxv.
1292 2640 1317 2677 7
