1898 3178
397 236 480 273 320
827 245 860 272 S.
897 245 1127 273 ΑωυεΤιΝι
1160 245 1341 273 EPISCOPL

399 328 419 350 n
455 310 552 354 dico
573 311 715 364 vobis,
742 324 871 354 omne
898 319 1124 368 peccatum
1159 319 1202 354 et
1227 310 1495 370 blasphemia
1529 311 1771 356 remittetur

397 400 417 422 »
455 382 728 438 homiuibus3
767 380 948 440 Spiritus
979 391 1124 426 autem
1161 382 1429 441 blasphemia
1457 398 1546 427 non
1578 383 1772 427 remitte-

397 471 416 492 »
453 456 564 495 tur¹.
594 451 753 504 »Quid
785 461 848 495 est
875 452 986 496 hoc?
1025 453 1128 496 Ideo
1164 452 1254 496 sola
1293 453 1474 511 Spiritus
1508 453 1774 512 blasphemia

394 538 481 566 non
514 522 779 577 remittetur,
804 522 1010 583 quoniam
1031 522 1106 583 qui
1129 537 1216 567 non
1237 532 1300 566 est
1322 538 1421 566 cum
1445 523 1616 568 Christo
1631 558 1642 578 ,
1665 539 1773 568 con-

395 602 458 636 tra
488 593 629 652 ipsum
653 602 744 650 θεῖς
773 601 817 636 et
843 594 918 653 qui
945 608 1035 638 non
1058 608 1158 637 cum
1182 592 1256 636 illo
1290 603 1548 652 congregat,
1580 594 1774 653 spargit?

393 663 496 707 Ideo
521 664 689 724 utique.
720 664 806 717 Qui
829 664 944 708 enim
974 680 1064 709 non
1086 680 1184 709 cum
1205 663 1281 708 illo
1304 674 1562 722 congregat,
1586 679 1774 724 quomo—

391 734 558 778 dolibet
580 735 662 779 sub
685 737 776 795 ejus
808 736 984 780 nomine
1007 744 1237 794 congreget
1256 769 1266 789 ‚
1300 750 1387 778 non
1408 735 1544 779 habet
1567 735 1772 794 Spiritum

369 815 604 850 sanctum.

449 879 673 922 XXXVII.
702 878 781 922 Hic
803 877 983 922 omnino
1001 912 1011 932 ,
1048 878 1118 922 hic
1140 892 1218 922 nos
1237 876 1450 936 compulit
1466 891 1555 920 non
1573 875 1677 920 alibi
1703 877 1774 920 in-

390 947 583 1005 telligere
614 949 705 992 fieri
727 964 850 1007 posse
873 948 1165 992 remissionem
1191 948 1330 992 omnis
1359 947 1524 1007 peccati
1546 947 1773 1007 omnisque

390 1016 682 1077 blasphemiae,
706 1019 784 1062 nisi
805 1020 850 1062 in
867 1019 1025 1063 Christi
1049 1019 1398 1077 congregatione,
1424 1034 1524 1078 quae
1546 1033 1634 1062 non
1655 1034 1772 1078 spar-

390 1088 467 1146 git.
505 1091 806 1147 Congregatur
835 1090 996 1149 quippe
1022 1089 1066 1133 in
1101 1089 1264 1148 Spiritu
1300 1098 1472 1143 sancto,
1503 1089 1690 1148 quinon
1713 1098 1776 1133 est

388 1168 538 1202 contra
558 1174 602 1202 se
628 1159 770 1218 ipsum
795 1159 977 1214 divisus,
999 1160 1112 1204 sicut
1139 1159 1212 1203 ille
1237 1159 1491 1203 immundus
1508 1159 1696 1219 spiritus.
1719 1162 1776 1203 Et

389 1239 615 1288 propterea
635 1244 783 1274 omnes
802 1230 1158 1288 congregationes
1175 1265 1185 1284 ‚
1204 1229 1274 1273 vel
1296 1230 1438 1288 potius
1462 1228 1748 1288 dispersiones
1761 1264 1771 1284 ‚

389 1316 488 1359 quae
511 1315 554 1344 se
577 1300 736 1345 Christi
753 1300 964 1344 Ecclesias
987 1300 1223 1359 appellant,
1241 1310 1285 1344 et
1307 1309 1409 1344 sunt
1430 1301 1542 1343 inter
1564 1315 1608 1344 sc
1627 1300 1773 1343 divisae

389 1379 519 1429 atque
541 1370 769 1415 contrariae
784 1404 795 1425 ‚
821 1379 864 1414 et
890 1370 1067 1414 unitatis
1090 1370 1439 1429 congregationi,
1465 1386 1563 1430 quae
1584 1385 1683 1414 vera
1707 1379 1769 1414 est

386 1439 575 1484 Ecclesia
604 1442 722 1500 ejus,
759 1440 969 1495 inimicae,
1006 1456 1094 1485 non
1118 1441 1220 1501 quia
1252 1440 1457 1485 videntur
1490 1442 1581 1500 ejus
1608 1441 1770 1484 habere

387 1527 546 1555 nomen
567 1532 578 1568 3
602 1511 763 1556 idcirco
780 1511 1001 1570 pertinent
1024 1511 1075 1555 ad
1095 1513 1184 1571 ejus
1206 1512 1605 1570 congregationem.
1633 1512 1771 1555 Perti-

387 1592 542 1626 nerent
560 1591 702 1626 autem
717 1617 727 1636 ‚
747 1583 781 1625 si
799 1582 980 1641 Spiritus
997 1591 1169 1626 sanctus
1186 1617 1196 1637 ,
1220 1583 1265 1626 in
1283 1598 1371 1642 quo
1389 1582 1661 1626 consociatur
1678 1583 1771 1627 haec

387 1654 686 1712 congregatio,
713 1652 941 1697 adversum
960 1668 1004 1697 se
1020 1653 1159 1712 ipsum
1181 1653 1342 1697 divisus
1365 1662 1487 1697 esset.
1509 1656 1601 1696 Hoc
1625 1662 1771 1696 autem

391 1723 492 1783 quia
514 1739 601 1768 non
625 1733 688 1768 est
706 1745 716 1781 3
736 1725 838 1783 (qui
856 1724 972 1767 enim
995 1733 1160 1768 nonest
1183 1740 1283 1768 cum
1306 1724 1478 1769 Christo
1496 1759 1506 1778 ‚
1532 1733 1685 1768 contra
1705 1723 1773 1781 ip-

387 1810 481 1838 sum
504 1803 593 1850 est3
619 1803 660 1838 et
681 1794 756 1854 qui
788 1809 888 1838 cum
922 1793 998 1838 illo
1030 1810 1119 1839 non
1145 1803 1405 1853 congregat,
1431 1794 1594 1852 spargit
1614 1795 1651 1851 z)
1672 1792 1771 1836 ideo

387 1875 612 1925 peccatum
636 1881 764 1909 omne
788 1875 919 1925 atque
952 1866 1092 1910 omnis
1124 1865 1389 1924 blasphemia
1423 1864 1666 1908 dimittetur
1687 1865 1770 1908 ho—

390 1937 578 1979 minihus
600 1937 644 1979 in
667 1937 748 1980 hac
764 1937 1120 1994 congregatione,
1142 1951 1271 1995 quam
1291 1935 1335 1978 in
1356 1935 1517 1993 Spiritu
1534 1945 1705 1989 sancto,
1728 1943 1772 1978 et

387 2021 476 2051 non
496 2005 699 2050 adversus
721 2021 764 2049 se
786 2006 927 2065 ipsum
950 2005 1109 2060 diviso,
1137 2014 1368 2062 congregat
1390 2005 1601 2049 Christus.
1634 2004 1770 2064 Ipsius

389 2087 531 2121 autem
557 2076 739 2136 Spiritus
759 2076 1025 2135 blasphemia
1042 2075 1115 2120 illa
1131 2111 1142 2131 ,
1167 2092 1252 2136 qua
1271 2077 1320 2120 fit
1342 2085 1392 2120 ut
1411 2075 1541 2120 corde
1563 2076 1770 2135 impoeni—

389 2149 495 2192 tenti
514 2148 615 2192 huic
630 2156 753 2192 tanto
776 2148 854 2191 Dei
875 2147 992 2191 dono
1011 2147 1207 2206 usquein
1230 2147 1362 2190 finem
1383 2147 1484 2191 vitae
1501 2147 1622 2191 istius
1644 2147 1770 2190 resis-

389 2228 531 2273 tatur,
553 2234 642 2263 non
661 2219 920 2262 remittetur.
947 2220 1053 2263 Nam
1083 2218 1160 2260 etsi
1184 2217 1413 2277 quisquam
1435 2218 1494 2262 ita
1517 2218 1571 2261 sit
1593 2227 1769 2262 contra-

388 2289 476 2332 rius
499 2290 686 2344 veritati,
711 2298 762 2332 ut
798 2292 886 2332 Deo
905 2287 1122 2347 loquenti,
1160 2303 1248 2332 non
1271 2289 1314 2331 in
1342 2288 1568 2347 Prophetis
1585 2322 1595 2342 ‚
1621 2286 1695 2331 sed
1722 2287 1768 2330 in

390 2359 518 2403 unico
541 2360 677 2415 Filio,
697 2374 795 2403 cum
819 2367 996 2417 propter
1013 2373 1090 2401 nos
1118 2373 1240 2412 eum,
1261 2367 1310 2402 ut
1327 2358 1450 2402 nobis
1472 2359 1514 2401 in
1538 2373 1588 2402 eo
1610 2358 1767 2417 loque—

389 2439 531 2485 retur,
554 2431 713 2475 Filium
735 2430 919 2475 hominis
940 2445 1030 2473 esse
1052 2428 1212 2484 voluit,
1234 2429 1497 2488 reluctetur3
1519 2430 1765 2474 remittetur

387 2500 443 2555 ei,
464 2516 563 2544 cum
586 2501 839 2560 poenitendo
859 2516 1090 2547 conversus
1108 2500 1239 2546 fuerit
1256 2500 1309 2545 ad
1326 2501 1402 2545 Dei
1424 2500 1733 2559 benignitatem
1753 2520 1764 2557 3

436 2592 445 2608 1
469 2586 585 2619 Matlh.
602 2597 658 2630 xn,
674 2587 727 2620 31.
