1898 3178
432 258 512 295 164
867 264 900 294 S.
937 264 1166 294 Aucus'nm
1199 267 1379 295 Erlscom

504 335 623 377 xlv.
656 335 767 375 Ecce
800 331 959 389 figuras
996 339 1039 375 et
1065 330 1327 377 lineamenta
1350 331 1651 376 membrorum
1694 334 1764 376 Dei
1788 350 1810 377 a

424 417 604 462 corpore
625 402 820 445 humano
847 400 1024 445 duxisti.
1055 401 1141 446 Sed
1161 400 1274 447 forte
1303 404 1519 462 subrepsit
1542 403 1619 446 tibi
1634 438 1644 457 ‚
1671 412 1721 447 ut
1742 419 1811 448 se-

421 475 618 517 cundum
644 485 802 528 corpus
824 479 1001 529 putares
1025 487 1103 516 nos
1130 470 1267 517 factos
1284 472 1340 516 ad
1360 473 1595 532 imaginem
1618 473 1708 516 Dei.
1736 476 1812 517 ln-

423 545 549 588 terim
581 542 746 601 accipio
778 541 1171 598 considerandum,
1206 542 1552 598 discutiendum,
1585 543 1812 604 requiren-

422 613 551 667 dum,
578 610 842 672 disputando
861 612 1187 657 excutiendum.
1217 613 1260 658 Si
1276 612 1435 673 placet,
1460 613 1562 657 audi
1586 628 1655 657 me
1676 632 1685 658 ε
1710 614 1813 673 quia
1880 656 1883 665 ,

421 685 467 728 in
497 698 548 728 co
581 683 703 743 quod
732 683 813 727 tibi
842 682 1029 743 placuit,
1055 683 1204 728 audivi
1225 693 1282 728 te.
1314 683 1444 728 Sedet
1464 686 1578 728 Deus
1597 684 1642 728 in
1669 683 1810 739 coelo,
1878 713 1882 732 :

420 762 464 798 et
486 753 631 813 palmo
668 753 847 798 metitur
880 754 1060 798 coelum.
1098 753 1223 798 Idem
1244 753 1406 798 coelum
1434 755 1486 798 fit
1518 753 1657 798 latum
1675 789 1686 809 ‚
1712 769 1814 799 cum
1876 759 1880 816 ᾖ

419 823 570 882 sedet3
595 833 638 869 et
660 832 918 883 angustum,
948 839 1051 869 cum
1074 823 1284 868 metitur?
1312 826 1382 868 An
1418 824 1510 883 ipse
1531 827 1644 869 Deus
1666 833 1814 869 tantus
1874 882 1876 889 y

419 896 543 939 estin
566 894 759 940 sedendo
775 929 787 951 ‚
807 904 1000 956 quantus
1021 895 1066 938 in
1083 894 1230 955 palmo
1249 897 1267 937 ‘3
1292 895 1334 940 Si
1356 895 1440 939 hoc
1460 895 1520 939 ita
1542 905 1622 951 est,
1646 911 1737 940 non
1758 896 1814 940 ad
1873 899 1876 950 J'

419 966 751 1011 similitudinem
787 982 910 1011 suam
945 982 1025 1011 uos
1059 965 1160 1010 fecit
1192 969 1338 1011 Deus:
1370 982 1449 1011 nos
1481 967 1595 1010 enim
1618 966 1812 1026 palmum
1872 967 1873 971 ’

420 1038 715 1096 angustiorem
747 1037 873 1083 valde
895 1038 1133 1092 habemus,
1159 1052 1293 1097 quam
1315 1047 1483 1097 partem
1514 1038 1705 1097 corporis
1727 1053 1814 1098 qua
1869 1078 1871 1082 Α

418 1110 636 1154 sedemus.
659 1108 739 1153 Ille
762 1118 907 1154 autem
929 1110 965 1153 si
986 1119 1075 1154 tam
1096 1109 1210 1153 latus
1233 1118 1301 1152 est
1321 1109 1368 1152 in
1389 1108 1537 1169 palmo
1557 1124 1636 1153 suo
1651 1144 1662 1164 ‚
1681 1124 1815 1169 quam
1867 1159 1870 1165 ,

420 1181 533 1225 latus
555 1181 601 1224 in
629 1181 816 1224 sessione
841 1196 944 1235 sua,
976 1179 1162 1240 disparia
1190 1180 1386 1224 membra
1409 1180 1536 1225 nobis
1569 1178 1686 1224 fecit.
1718 1182 1816 1225 Non
1864 1237 1868 1250 ¹

421 1259 485 1295 est
516 1252 596 1294 ista
619 1247 872 1294 similitudo.
910 1251 1150 1292 Erubescat
1182 1263 1285 1306 ergo
1318 1250 1404 1293 tale
1421 1248 1589 1293 idolum
1616 1249 1662 1292 in
1684 1250 1815 1293 corde
1864 1251 1867 1256 ’

422 1320 673 1365 christiano.
707 1318 896 1363 Proinde
922 1319 1087 1362 coelum
1116 1318 1261 1377 accipe
1295 1333 1374 1377 pro
1406 1319 1611 1363 omnibus
1640 1320 1812 1364 sanctis.

424 1392 532 1445 Quia
548 1400 591 1435 et
607 1400 721 1435 terra
739 1389 899 1434 dicitur
921 1405 1001 1449 pro
1023 1389 1226 1435 omnibus
1242 1389 1317 1450 qui
1339 1399 1441 1434 sunt
1455 1391 1500 1434 in
1517 1399 1656 1435 terra:
1677 1409 1697 1433 «
1713 1392 1816 1435 Om-

425 1480 447 1504 »
483 1461 548 1506 nis
579 1471 691 1506 terra
721 1460 872 1505 adoret
893 1469 935 1505 te
955 1462 984 1504 ¹.
1014 1479 1034 1502 »
1063 1460 1106 1505 Si
1128 1460 1240 1504 bene
1262 1459 1449 1504 dicimus
1478 1461 1720 1505 secundum
1744 1477 1816 1507 eos

423 1533 501 1594 qui
516 1533 717 1577 habitant
740 1533 786 1576 in
807 1541 936 1587 terra,
961 1551 981 1574 «
1007 1532 1159 1576 Omnis
1185 1541 1297 1576 terra
1320 1531 1471 1577 adoret
1484 1542 1527 1577 te
1548 1552 1557 1577 2
1577 1533 1722 1577 »bene
1745 1532 1815 1577 di-

425 1603 563 1648 cimus
585 1603 715 1647 etiam
738 1602 978 1647 secundum
1012 1617 1084 1646 eos
1113 1602 1189 1661 qui
1211 1602 1412 1646 habitant
1438 1603 1483 1646 in
1505 1602 1646 1647 coelo:
1674 1604 1816 1647 Omne
1865 1603 1867 1650 ζ
1896 1620 1898 1628 ⁴

423 1675 586 1719 coelum
609 1683 753 1733 portet
774 1683 832 1718 te.
849 1676 958 1719 Nam
976 1683 1020 1717 et
1041 1673 1179 1718 sancti
1197 1673 1277 1732 ipsi
1299 1673 1374 1734 qui
1396 1674 1438 1719 in
1458 1683 1570 1718 terra
1595 1673 1812 1730 habitant,
1862 1710 1865 1731 ἑ

423 1757 552 1787 carne
569 1754 729 1784 terram
750 1742 942 1794 calcant,
973 1742 1104 1783 corde
1131 1743 1175 1783 in
1198 1742 1313 1787 coelo
1339 1743 1554 1787 habitant.
1580 1746 1678 1788 Non
1699 1744 1816 1787 enim

424 1812 584 1857 frustra
607 1811 901 1854 admonentur
918 1824 1089 1853 sursum
1111 1809 1275 1853 habere
1296 1824 1392 1864 cor,
1419 1819 1463 1854 et
1484 1825 1585 1854 cum
1607 1811 1817 1857 admoniti

427 1882 617 1936 suerint,
654 1881 713 1924 ita
746 1895 835 1924 esse
869 1879 1165 1940 respondent:
1193 1888 1269 1923 aut
1305 1878 1463 1923 frustra
1496 1879 1686 1926 dicitur:
1727 1901 1746 1924 «
1774 1881 1817 1927 Si
1858 1915 1860 1919 -
1886 1904 1890 1911 Δ

429 1973 450 1996 »
486 1950 812 1998 consurrexistis
835 1965 936 1995 cum
957 1950 1153 2005 Christo,
1178 1965 1278 2010 quae
1301 1965 1472 1994 sursum
1491 1960 1594 1996 sunt
1615 1953 1813 2013 quaerite,
1844 1984 1847 1997 .

431 2044 451 2067 »
487 2024 563 2069 ubi
596 2021 793 2069 Christus
821 2031 885 2066 est
914 2021 960 2065 in
982 2021 1158 2065 dextera
1181 2021 1257 2064 Dei
1294 2020 1472 2077 sedens,
1503 2037 1604 2082 quae
1644 2038 1816 2068 sursum
1842 2034 1845 2083 ξ
1883 2030 1891 2049 ²⁷

432 2116 453 2139 n
488 2104 590 2141 sunt
611 2094 762 2154 sapite,
779 2108 869 2138 non
891 2107 990 2153 quae
1008 2107 1138 2152 super
1155 2100 1313 2136 terram
1330 2095 1362 2135 ².
1378 2111 1397 2133 »
1411 2095 1461 2136 In
1479 2101 1695 2153 quantum
1713 2109 1814 2153 ergo
1834 2108 1843 2143 ³3
1881 2110 1888 2120 „

429 2168 490 2213 ibi
508 2173 820 2212 conversantur
838 2198 849 2219 ‚
879 2172 922 2208 et
944 2163 1025 2222 ipsi
1047 2165 1186 2206 Deum
1208 2171 1403 2221 portant,
1432 2171 1475 2207 et
1497 2163 1662 2208 coelum
1683 2174 1812 2222 sunt3
1837 2172 1842 2234 Ι

426 2237 532 2298 quia
549 2236 626 2282 Dei
647 2235 768 2280 sedes
790 2243 920 2292 sunt3
944 2236 1150 2278 «Etcum
1165 2233 1429 2278 annuntiant
1451 2234 1583 2278 verba
1604 2235 1698 2290 Dei,
1717 2233 1815 2280 coeli
1832 2246 1839 2301 ‚ff
1876 2239 1898 2267 se

433 2327 455 2350 »
490 2315 693 2352 enarrant
714 2305 896 2365 gloriam
919 2303 1038 2347 Dei3.
1068 2321 1089 2344 »
1833 2317 1837 2379 f
1873 2310 1898 2356 §af

491 2380 584 2422 XV.
612 2377 722 2422 Redi
757 2391 860 2435 ergo
887 2389 1060 2418 mecum
1096 2372 1150 2418 ad
1168 2371 1322 2418 faciem
1345 2373 1486 2419 cordis
1516 2375 1680 2434 :ipsam
1705 2389 1814 2435 prae-
1832 2381 1849 2430 ,Γ
1871 2381 1898 2423 ἐκ,

431 2464 549 2509 para.
576 2452 698 2493 Intus
720 2457 783 2492 est
810 2447 881 2492 cui
902 2445 1098 2506 loquitur
1126 2447 1255 2489 Deus.
1282 2447 1442 2500 Aures,
1487 2445 1634 2500 oculi,
1660 2447 1833 2490 caeterass
1869 2440 1896 2479 *²¹³¹

432 2518 626 2562 membra
664 2517 875 2569 visibilia,
913 2515 1127 2562 interioris
1164 2515 1389 2576 cujusdam
1425 2515 1495 2559 vel
1516 2504 1832 2562 habitaculum!

486 2602 588 2633 'Psal
612 2612 684 2642 mv,
702 2601 730 2641 4.
756 2619 795 2624 --
819 2600 962 2634 2601055,
985 2612 1033 2640 111,
1066 2612 1092 2638 ι1
1116 2610 1147 2631 2.
1171 2617 1210 2623 —
1231 2598 1243 2622 3
1267 2600 1352 2631 Psal.
1377 2609 1466 2640 xvux,
1487 2608 1518 2631 2.
1826 2630 1827 2636 ¹

1824 2645 1827 2662 l
