1898 3178
287 195 426 225 smum
457 196 558 235 Lv1‚
591 195 639 224 m
667 190 834 224 ΜΔΤΤΗ.
867 196 939 236 v1,
973 195 1028 224 nn
1059 192 1183 225 ona-r.
1219 196 1326 225 nom.
1402 188 1485 228 183

112 261 273 307 dimitti
295 261 578 322 postulamus.
600 260 824 306 Debitores
845 262 963 306 enim
981 276 1128 306 sumus
1141 295 1153 319 ,
1177 276 1268 306 non
1289 264 1489 322 pecunia-

113 347 209 377 rum
221 367 232 389 ,
257 333 332 376 sed
346 339 637 391 peccatorum.
659 331 772 375 Dicis
789 330 921 377 modo
941 331 1080 377 forte:
1101 333 1160 377 Et
1174 333 1275 377 vos?
1295 335 1486 393 Respon-

112 402 265 448 demus
285 422 294 448 :
313 404 369 447 Et
386 417 480 446 nos.
517 404 661 446 Etvos
678 402 866 461 episcopi
883 404 1035 459 sancti,
1055 403 1271 449 debitores
1287 405 1411 449 estis?
1432 407 1489 450 Et

111 488 190 518 nos
205 472 422 517 debitores
436 487 599 516 sumus.
618 475 675 516 Et
689 473 796 517 vos?
818 473 965 528 Absit,
987 474 1186 531 domine,
1212 474 1304 520 noli
1322 474 1404 520 tibi
1420 475 1487 520 fa-

110 559 207 588 cere
227 544 446 604 injuriam.
473 545 572 589 Non
588 543 792 603 injuriam
810 543 917 587 mihi
929 543 1063 600 facio,
1082 543 1158 590 sed
1179 560 1330 591 verum
1352 545 1451 593 dico
1475 566 1485 592 t

109 613 336 658 Debitores
357 628 520 659 sumus.
545 632 565 656 «
582 613 625 659 Si
638 612 872 658 dixerimus
886 614 988 674 quia
1003 624 1230 674 peccatum
1246 631 1337 661 non
1355 617 1489 662 habe-

112 701 134 727 »
168 700 286 740 mus,
304 699 383 732 nos
403 685 517 745 ipsos
538 683 799 744 decipimus,
816 693 859 728 et
872 685 1029 730 veritas
1041 686 1087 729 in
1106 686 1232 731 nobis
1253 702 1344 732 non
1357 690 1485 734 est¹.»

109 758 167 803 Et
188 756 393 816 baptizati
423 771 596 812 sumus,
621 765 664 800 et
683 756 901 801 debitores
934 771 1097 801 sumus
1142 759 1241 804 Non
1273 759 1378 818 quia
1411 759 1491 804 ali-

108 826 215 887 quid
247 827 482 882 remansit,
520 827 641 888 quod
673 827 800 872 nobis
830 827 875 871 in
911 827 1128 887 baptismo
1153 843 1244 873 non
1264 830 1491 876 dimissum

108 896 240 942 fuerit
277 916 287 942 :
322 897 399 942 sed
435 898 537 958 quia
587 897 772 943 vivendo
805 897 1102 942 contrahimus
1143 898 1263 959 quod
1293 901 1490 960 quotidie

107 966 368 1015 dimittatur.
389 969 475 1021 Qui
497 968 774 1028 baptizantur
788 977 831 1012 et
851 977 1011 1012 exeunt
1024 1003 1035 1024 ,
1056 968 1149 1013 sine
1173 969 1325 1014 debito
1342 985 1490 1016 ascen-

107 1036 243 1093 dunt,
265 1038 356 1082 sine
380 1037 532 1083 debito
554 1047 762 1098 pergunt.
789 1039 875 1092 Qui
897 1048 1043 1084 autem
1063 1039 1340 1099 baptizantur
1358 1049 1402 1086 et
1422 1050 1492 1086 te-

106 1117 269 1152 nentur
288 1109 335 1152 in
355 1109 437 1153 hac
455 1108 543 1154 vita
561 1143 572 1163 ,
598 1107 652 1152 de
673 1107 912 1167 fragilitate
932 1108 1107 1153 mortali
1126 1110 1394 1154 contrahunt
1413 1111 1493 1154 ali-

106 1177 216 1237 quid
229 1212 241 1233 ,
265 1178 385 1223 unde
399 1179 480 1224 etsi
496 1194 587 1223 non
608 1179 895 1237 naufragatur
906 1213 917 1234 ,
940 1188 1087 1223 tamen
1102 1189 1274 1239 oportet
1289 1189 1340 1225 ut
1354 1182 1491 1226 senti-

106 1256 252 1292 netur.
290 1248 398 1300 Quia
421 1249 456 1292 si
476 1263 567 1293 non
587 1248 851 1303 sentinatur,
876 1247 1086 1307 paulatim
1111 1249 1356 1308 ingreditur
1375 1250 1494 1296 unde

105 1326 197 1362 tota
217 1317 338 1363 navis
357 1326 595 1376 mergatur.
620 1319 678 1361 Et
693 1317 776 1362 hoc
789 1332 932 1373 orare,
950 1318 1165 1363 sentinare
1181 1328 1260 1364 est.
1282 1322 1380 1366 Non
1394 1330 1492 1365 tan-

105 1396 200 1432 tum
209 1396 356 1433 autem
367 1387 578 1432 debemus
588 1402 710 1433 orare
721 1421 733 1443 ,
745 1388 821 1432 sed
833 1396 876 1431 et
884 1386 1205 1445 eleemosynam
1214 1389 1355 1434 facere
1368 1391 1493 1452 :lquia

103 1456 282 1517 quando
299 1458 556 1513 sentinatur,
581 1473 637 1502 ne
657 1458 778 1503 navis
800 1466 1046 1516 mergatur,
1071 1467 1116 1502 et
1145 1460 1325 1504 vocibus
1348 1461 1490 1520 agitur

103 1536 149 1573 et
167 1528 384 1575 manibus.
424 1528 616 1573 Vocibus
653 1528 819 1587 agimus
833 1562 845 1583 ,
877 1543 980 1572 cum
1012 1528 1196 1573 dicimus
1221 1548 1231 1575 :
1265 1548 1285 1572 α
1310 1531 1489 1587 Dimitte

105 1616 128 1641 »
161 1599 288 1644 nobis
309 1599 456 1644 debita
472 1608 618 1644 nostra
630 1634 641 1654 ,
664 1600 775 1644 sicut
788 1608 831 1643 et
846 1614 924 1644 nos
942 1599 1202 1645 dimittimus
1218 1601 1488 1647 debitoribus

105 1688 127 1713 »
161 1670 362 1715 nostris.»
380 1670 588 1716 Manibus
603 1679 748 1715 autem
771 1672 952 1733 agimus,
972 1684 1071 1714 cum
1088 1670 1273 1716 facimus
1294 1691 1303 1717 :
1323 1675 1490 1719 «Fran-

106 1757 127 1782 »
163 1755 215 1799 ge
232 1740 437 1784 esurienti
461 1755 618 1798 panem
640 1749 791 1794 tuum,
817 1748 861 1783 et
883 1753 1069 1797 egenum
1090 1741 1182 1785 sine
1204 1750 1320 1787 tecto
1350 1743 1486 1790 induc

104 1828 127 1853 »
157 1811 203 1854 in
221 1809 402 1855 domum
424 1812 585 1854 tuam2.
613 1808 794 1854 Include
815 1809 1136 1867 eleemosynam
1157 1812 1203 1855 in
1220 1813 1352 1858 corde
1375 1830 1487 1874 pau-

106 1899 128 1925 »
162 1881 275 1940 peris
289 1915 301 1936 ,
324 1889 368 1925 et
390 1881 482 1939 ipsa
502 1896 581 1940 pro
602 1888 645 1924 te
667 1880 863 1925 exorabit
885 1880 940 1926 ad
958 1881 1195 1926 Dominum
1213 1884 1246 1928 3.
1265 1901 1286 1926 »

161 1954 263 1997 XII.
297 1951 486 1996 Dimissis
507 1964 608 2009 ergo
626 1951 811 2010 peccatis
832 1950 1035 1995 omnibus
1056 1966 1133 2011 per
1167 1952 1387 1998 lavacrum
1417 1971 1487 2000 re-

0 2072 3 2079 ,
104 2022 413 2082 generationis,
447 2022 494 2066 in
525 2036 702 2080 magnas
725 2021 939 2079 angustias
961 2023 1152 2067 contrusi
1179 2023 1391 2070 fuerimus
1410 2060 1422 2082 ,
1447 2027 1482 2072 si

34 2125 35 2146 3
103 2108 195 2138 non
214 2092 340 2138 nobis
361 2091 536 2136 daretur
556 2090 810 2152 quotidiana
830 2091 1058 2138 mundatio
1080 2102 1241 2139 sanctae
1261 2096 1479 2142 orationis.

0 2195 2 2208 s
34 2199 35 2202 η
103 2162 407 2220 Eleemosynae
427 2170 472 2207 et
497 2162 713 2208 orationes
734 2160 952 2206 mundant
981 2172 1183 2222 peccata,
1218 2173 1389 2211 tantum
1426 2183 1483 2213 ne

103 2231 204 2278 talia
227 2232 557 2277 committantur
571 2267 582 2288 ‚
606 2231 725 2276 unde
746 2247 919 2277 necesse
936 2232 989 2277 sit
1013 2235 1199 2293 separari
1219 2250 1298 2280 nos
1325 2252 1349 2282 a
1369 2253 1482 2298 pane

33 2322 35 2351 3
102 2302 383 2365 quotidiano;
405 2303 588 2348 vitantes
612 2302 783 2359 debita,
809 2304 970 2364 quibus
991 2303 1176 2350 debetur
1198 2316 1316 2352 certa
1347 2317 1392 2355 et
1412 2324 1482 2355 se-

0 2405 1 2416 ,
33 2393 35 2435 }
102 2389 204 2421 vera
223 2373 459 2421 damnatio.
483 2373 624 2420 Nolite
641 2389 717 2418 vos
728 2375 867 2434 justos
886 2373 1044 2430 dicere,
1069 2376 1193 2435 quasi
1212 2391 1303 2422 non
1323 2378 1482 2425 habea-

33 2438 36 2452 ²
103 2444 157 2490 tis
177 2442 296 2490 unde
318 2443 470 2489 dicatis
494 2462 504 2490 2
534 2461 554 2485 «
573 2443 752 2489 Dimitte
786 2444 911 2490 nobis
933 2444 1077 2490 debita
1098 2455 1243 2493 nostra
1260 2482 1272 2504 ,
1303 2449 1413 2494 sicut
1435 2460 1477 2495 et

150 2531 164 2549 ¹
185 2539 197 2560 1
219 2530 312 2562 Joan.
330 2539 354 2571 ι,
373 2528 451 2562 8.-
470 2534 483 2551 ²
503 2528 575 2559 lsai.
602 2538 690 2567 um,
711 2541 788 2571 7.—
809 2529 935 2564 mccli.
954 2531 1038 2573 xxix,
1060 2533 1111 2565 35.
