1898 3178
375 247 513 275 SERMO
543 247 650 283 L111,
685 246 739 272 nn
772 243 917 273 VERBIS
948 244 1113 273 ΜΑΤΤΗ.
1150 248 1191 273 v.
1396 240 1471 278 161

105 309 159 354 ad
182 309 290 370 quid
310 311 537 369 pertineat.
562 312 677 367 Apta
699 317 763 352 est
782 309 1002 354 humilitas
1026 310 1082 355 ad
1105 310 1358 356 habendum
1379 328 1479 372 reg-

104 395 213 424 num
247 379 486 433 coelorum,
517 387 617 438 apta
644 378 935 423 mansuetudo
958 379 1028 424 =ad
1061 380 1363 440 possidendam
1392 392 1482 427 ter-

105 466 197 495 ram
217 485 228 505 ,
259 459 385 509 aptus
404 449 550 494 luctus
570 449 625 493 ad
650 448 1014 505 consolationem,
1047 460 1147 511 apta
1173 450 1308 496 fames
1330 462 1373 498 et
1392 454 1483 499 sitis

98 520 278 580 justitiae
295 521 349 564 ad
370 520 655 574 saturitatem,
671 527 771 578 apta
785 519 1074 564 misericordia
1092 522 1148 565 ad
1167 522 1483 583 impetrandam

103 589 440 635 misericordiam
457 626 469 646 ,
490 599 640 650 aptum
660 589 879 634 mundum
900 605 975 635 cor
1001 590 1057 635 ad
1071 591 1312 639 videndum
1328 596 1483 639 Deum.

161 662 218 705 X.
242 661 287 706 Si
307 674 409 719 ergo
430 660 724 706 desideramus
745 659 892 704 videre
914 663 1068 716 Deum,
1098 662 1249 708 oculus
1270 664 1348 708 iste
1370 664 1487 709 unde

103 730 420 776 mundabitur?
433 732 539 785 Quis
556 732 670 776 enim
694 746 784 776 non
801 740 940 787 curet,
958 732 1055 792 quis
1073 748 1163 777 non
1186 745 1356 794 quaerat
1373 735 1489 780 unde

104 800 316 856 mundet,
347 817 437 862 quo
458 801 605 846 videre
627 803 760 861 possit
781 817 913 862 quem
941 811 1034 847 toto
1056 803 1220 848 affectu
1246 804 1491 851 desiderat?

105 873 323 931 Expressit
348 873 432 916 hoc
465 872 613 917 divina
635 874 837 917 testatio:
863 892 883 915 «
909 873 1017 917 Fide
1034 909 1045 929 ,
1071 875 1215 935 inquit
1230 911 1241 931 ,
1274 876 1491 921 mundans

105 961 127 985 ι)
161 942 292 988 corda
315 957 467 987 eorum
484 945 515 986 1.
540 961 559 984 »
586 943 774 988 Mundat
806 959 881 988 cor
913 944 1021 988 fides
1054 945 1153 1001 Dei,
1179 947 1396 992 mundum
1416 963 1490 992 cor

102 1013 222 1057 videt
243 1016 397 1058 Deum.
417 1012 501 1058 Sed
522 1013 624 1071 quia
645 1013 737 1072 ipsa
759 1012 866 1057 fides
888 1012 1124 1074 aliquando
1141 1016 1196 1061 ab
1219 1017 1486 1072 hominibus,

102 1083 180 1143 qui
209 1098 252 1127 se
280 1084 395 1142 ipsos
426 1081 608 1138 fallunt,
645 1083 740 1127 talis
774 1082 1112 1140 determinatur,
1148 1088 1271 1147 quasi
1302 1088 1489 1132 sufficiat

104 1152 409 1197 tantummodo
423 1153 614 1208 credere,
630 1153 917 1209 (promittunt
929 1156 1044 1199 enim
1060 1156 1142 1200 sibi
1157 1157 1336 1215 quidam
1358 1159 1488 1202 etiam

101 1230 384 1280 conspectum
408 1223 484 1265 Dei
518 1235 791 1279 regnumque
814 1222 1027 1265 coelorum
1064 1223 1290 1270 credentes
1311 1236 1355 1271 et
1375 1228 1488 1272 male

101 1291 316 1345 viventes,
331 1291 510 1346 >contra
533 1289 611 1333 hos
635 1303 865 1333 succensus
883 1299 927 1333 et
947 1291 1128 1349 spiritali
1148 1294 1357 1340 charitate
1380 1311 1488 1355 quo-

99 1359 200 1404 dam
220 1358 352 1404 modo
374 1358 647 1403 stomachans
676 1359 867 1403 Jacobus
888 1359 1110 1419 apostolus
1131 1362 1177 1406 in
1196 1365 1388 1423 Epistola
1409 1382 1486 1411 sua

100 1431 230 1475 dicit:
268 1449 288 1473 «
316 1433 383 1474 Tu
403 1429 542 1475 credis
563 1429 773 1490 quoniam
794 1446 909 1475 unus
935 1441 999 1476 est
1018 1435 1147 1477 Deus.
1169 1451 1190 1475 »
1208 1434 1381 1481 Plaudjs
1406 1438 1485 1481 tibi

99 1500 155 1544 de
185 1500 303 1545 fide:
329 1500 514 1545 attendis
549 1500 664 1543 enim
697 1499 858 1544 multos
890 1501 1046 1561 impios
1077 1504 1292 1549 aestimare
1325 1506 1486 1552 multos

99 1585 189 1615 esse
210 1570 330 1626 deos,
347 1579 390 1614 et
412 1579 462 1614 tu
483 1569 565 1614 tibi
586 1569 746 1629 gaudes
768 1569 989 1616 credendo
1011 1573 1113 1632 quia
1135 1589 1250 1618 unus
1267 1585 1332 1619 est
1354 1579 1482 1621 Deus.

102 1660 123 1683 «
157 1643 274 1685 Bene
297 1640 415 1686 facis.
441 1643 498 1685 Et
518 1639 738 1685 daemones
759 1641 947 1686 credunt
964 1677 975 1696 ,
1001 1651 1043 1685 et
1065 1646 1480 1692 contremiscunt‘2.»

98 1711 323 1771 Numquid
335 1720 377 1755 et
398 1711 428 1755 ii
442 1712 593 1755 Deum'
603 1709 818 1754 videbunt
831 1713 849 1750 P
863 1711 1088 1757 Videbunt
1102 1714 1180 1774 qui
1201 1715 1369 1760 mundo
1382 1725 1486 1761 sunt

98 1781 244 1823 corde.
259 1781 365 1831 Quis
393 1786 539 1821 autem
554 1774 862 1820 mundicordes
879 1775 994 1821 dicat
1013 1778 1188 1838 spiritus
1210 1780 1488 1831 immundos?

99 1852 156 1893 Et
177 1857 323 1893 tamen
344 1847 531 1892 credunt
552 1855 596 1890 et
617 1846 972 1891 contremiscunt.

156 1922 236 1964 XI.
263 1916 554 1963 Discernenda
575 1925 640 1961 est
655 1916 762 1962 fides
779 1927 926 1962 nostra
943 1933 966 1961 a
982 1918 1069 1962 fide
1087 1919 1354 1968 daemonum.
1378 1944 1398 1967 «
1414 1928 1484 1971 Fi-

101 2008 122 2032 »
157 1992 231 2034 des
254 1990 370 2034 enim
387 1997 531 2034 nostra
554 1987 740 2032 mundat
759 2003 833 2032 cor
862 2008 870 2032 :
896 1988 1002 2032 fides
1025 1999 1170 2034 autem
1195 1991 1369 2038 illorum
1388 2011 1484 2042 reos

101 2078 123 2102 »
157 2058 306 2104 facit.»
322 2058 438 2103 Male
460 2059 622 2118 quippe
640 2067 892 2117 operantur,
909 2067 952 2103 et
973 2059 1072 2104 ideo
1098 2063 1282 2107 Domino
1306 2063 1478 2112 dicunt:

77 2172 81 2173 ⁷
103 2148 124 2172 «
157 2129 276 2182 Quid
295 2128 420 2172 nobis
441 2136 485 2172 et
511 2127 592 2172 tibi
626 2130 721 2172 est?
745 2146 765 2168 »
792 2130 904 2174 Cum
927 2128 1048 2173 audis
1071 2132 1152 2174 hoc
1173 2131 1390 2179 daemones
1412 2136 1482 2181 di-

100 2215 222 2255 cere,
246 2208 372 2258 putas
394 2214 466 2243 eos
487 2214 578 2244 non
599 2202 862 2257 agnoscere?
888 2218 907 2240 u
927 2201 1093 2245 Scimus
1109 2237 1120 2256 ,
1145 2203 1379 2263 inquiunt,
1406 2210 1483 2267 qui

76 2289 123 2327 3»
149 2270 218 2314 sis.
247 2272 312 2313 Tu
333 2284 377 2313 es
398 2268 533 2312 Filius
554 2269 676 2313 Dei3.
705 2287 725 2311 »
752 2270 859 2314 Dicit
882 2270 965 2315 hoc
988 2274 1140 2316 Petrus
1172 2282 1215 2317 et
1243 2275 1479 2324 laudatur:

100 2340 205 2385 dicit
224 2341 308 2385 hoc
331 2339 505 2384 daemon
521 2374 532 2394 ‚
556 2348 599 2383 et
616 2339 864 2383 damnatur.
891 2340 1016 2384 Unde
1032 2342 1117 2386 hoc
1137 2363 1148 2399 3
1167 2343 1249 2387 nisi
1279 2347 1380 2405 quia
1401 2364 1483 2393 vox

103 2427 179 2470 par
195 2447 206 2466 ‚
231 2421 275 2456 et
292 2427 366 2456 cor
382 2412 552 2470 impar?
573 2411 873 2455 Discernamus
903 2427 1003 2470 ergo
1021 2413 1153 2457 fidem
1176 2425 1383 2474 nostram,
1402 2435 1482 2465 nec

0 2481 4 2487 '
50 2502 51 2507 ¹
102 2482 278 2525 credere
311 2482 511 2525 sufficiat.
550 2484 647 2525 Non
673 2491 737 2525 est
771 2481 866 2525 talis
900 2482 1006 2527 fides
1040 2500 1139 2542 quae
1170 2489 1354 2532 mundat
1391 2506 1477 2535 cor.

154 2573 160 2588 ¹
187 2568 259 2598 Act.
278 2575 332 2604 xv,
352 2577 385 2607 9.
407 2583 446 2589 ·—-
468 2573 479 2589 ²
499 2566 611 2597 Jacob.
638 2577 672 2606 n,
699 2577 745 2606 ig.
772 2583 811 2588 ·——
834 2564 938 2599 3Luc.
962 2578 1005 2607 tv,
1026 2566 1079 2607 34,
1098 2572 1130 2600 et
1149 2570 1267 2603 Matth.
1295 2583 1358 2613 xm,
1390 2577 1437 2606 ιο,

268 2629 403 2660 CXXV.
1279 2628 1321 2665 11
