1898 3178
398 234 537 262 sunno
568 233 649 271 ιν,
683 232 738 259 DE
770 228 916 259 vnnms
947 227 1112 259 ΜΑΤΤΗ.
1147 231 1191 258 v.
1397 218 1476 258 171

103 297 233 343 datur
254 299 300 344 in
317 298 452 343 altero
469 332 480 353 ,
504 296 550 341 id
572 305 651 351 est,
673 304 724 340 ut
743 295 998 340 laudantem
1019 295 1148 340 faciat
1167 308 1258 339 esse
1277 293 1481 339 laudabi-

102 369 205 413 lem.
244 367 470 413 Attendite
502 375 546 411 et
577 365 860 425 Apostolum,
894 381 995 410 cum
1026 365 1232 415 dixisset:
1261 383 1282 408 «
1310 364 1481 410 Placete

105 455 126 480 »
160 437 364 483 omnibus
393 451 471 496 per
491 435 657 492 omnia,
682 436 791 480 sicut
813 443 857 479 et
890 450 971 494 ego
992 435 1196 480 omnibus
1222 450 1299 494 per
1335 435 1481 479 omnia

105 526 127 550 »
160 507 331 567 placeo¹
353 527 365 564 3
392 525 413 548 »
441 506 664 567 quomodo
686 521 775 551 non
796 506 860 549 ibi
880 507 1108 563 remansit,
1133 507 1257 567 quasi
1274 505 1334 550 ibi
1355 521 1483 551 cons-

99 577 265 622 tituerit
306 578 441 622 finem
477 576 728 622 intentionis
762 591 873 631 suae,
904 585 954 620 ut
980 576 1170 635 placeret
1204 576 1479 636 hominibus3

99 646 296 707 alioquin
315 646 473 692 falsum
491 646 664 692 dixisset
684 665 694 691 ι
719 664 739 688 «
762 646 804 691 Si
821 645 965 690 adhuc
980 646 1229 691 hominibus
1245 647 1477 706 placerem,

101 735 123 759 n
158 718 318 764 Christi
339 733 486 764 servus
504 733 594 763 non
614 732 749 763 essem
772 735 782 762 ε
803 734 824 758 »
847 716 924 762 sed
943 717 1089 762 statim
1109 717 1332 777 subjunxit
1346 733 1481 778 quare

97 788 349 834 hominibus
365 789 557 848 placeret
582 808 592 834 ε
623 808 644 832 «
667 791 766 835 Non
786 803 1007 848 quaerens,
1033 788 1179 848 inquit
1196 823 1208 844 ‚
1232 789 1354 848 quod
1375 789 1481 832 mihi

18 903 27 924 h,
99 875 121 901 υ
155 858 263 902 utile
280 868 366 914 est,
392 859 468 904 sed
485 859 609 920 quod
628 858 776 905 multis
791 893 803 915 ,
828 868 878 904 ut
894 859 999 904 salvi
1021 860 1169 904 fiant2.
1197 877 1218 901 »
1240 863 1306 904 Ita
1327 869 1372 904 et
1391 875 1482 904 non

93 928 296 989 placebat
316 930 569 975 hominibus
595 939 774 990 propter
793 944 917 974 suam
948 929 1205 985 utilitatem,
1236 945 1292 973 ne
1321 929 1482 975 Christi

25 1010 27 1022 ³
94 1014 242 1044 servus
262 1016 352 1046 non
380 1010 520 1060 esset3
543 1010 588 1046 et
609 1001 813 1060 placebat
834 1001 1086 1045 hominibus
1103 1010 1280 1060 propter
1306 1000 1478 1053 illorum

94 1071 278 1116 salutem
293 1106 305 1128 ‚
329 1081 380 1117 ut
400 1073 560 1118 Christi
580 1082 689 1118 esset
708 1072 979 1132 dispensator
999 1072 1182 1119 idoneus
1203 1091 1212 1117 :
1233 1072 1335 1132 quia
1356 1080 1400 1116 et
1417 1070 1481 1115 illi

94 1156 239 1186 coram
262 1145 352 1187 Deo
373 1143 637 1189 conscientia
652 1143 917 1198 sufficiebat,
942 1151 986 1187 et
1003 1142 1057 1187 de
1073 1142 1150 1188 illo
1170 1157 1316 1188 coram
1337 1141 1480 1187 homi-

93 1210 228 1255 nibus
240 1212 362 1271 quod
379 1213 656 1258 imitarentur
667 1247 678 1268 ,
701 1212 918 1258 elucebat.

0 1390 2 1395 V
25 1392 31 1431 'v'
92 1405 1479 1424 mmmmmmnmmmmmmmmmmmwwmmmmmnmmm

0 1438 2 1445 r
29 1438 31 1446 v

590 1558 821 1608 SERMO
858 1559 945 1606 LV
957 1554 988 1605 3.

0 1732 5 1741 '
32 1778 33 1791 ἶ
88 1730 152 1773 De
172 1730 314 1774 verbis
340 1730 568 1787 Evangelii
587 1732 745 1776 Matth.
773 1748 800 1773 v
826 1748 836 1774 ε
865 1729 965 1790 Qui
983 1728 1162 1774 dixerit
1183 1731 1341 1789 fratri
1354 1746 1440 1775 suo
1462 1748 1473 1775 .·

31 1803 32 1806 ’
297 1798 459 1843 Fatue
474 1834 486 1851 ,
507 1813 615 1843 reas
639 1799 728 1843 erit
745 1795 980 1861 gehenna?
1002 1799 1151 1859 ignis,
1176 1808 1259 1844 etc.

147 1969 183 2011 Ι.
210 1968 365 2012 ΒΑΜΤῙ
385 1966 611 2026 Evangelii
627 1967 870 2026 capitulum
886 2002 897 2022 ‚
918 1966 1039 2027 quod
1059 1968 1193 2013 modo
1216 1983 1318 2013 cum
1350 1968 1475 2028 lege-

0 2084 4 2092 ,
35 2063 37 2067 ·
70 2046 208 2098 vrretur
228 2037 496 2093 audivimus,
527 2036 655 2081 valde
675 2052 754 2082 nos
776 2037 960 2092 terruit,
997 2038 1030 2083 si
1053 2037 1186 2082 fidem
1218 2038 1431 2084 habemus
1461 2059 1470 2086 :

35 2129 37 2132 ·
72 2122 161 2172 ⁵iios
188 2117 334 2153 autem
363 2123 453 2153 non
473 2107 652 2163 terruit,
678 2108 755 2167 qui
787 2107 919 2152 fidem
947 2123 1036 2153 non
1071 2108 1250 2154 habent.
1286 2112 1342 2154 Et
1370 2111 1474 2171 quia

26 2203 37 2213 .,
66 2193 180 2231 ,non
201 2187 334 2226 terret
363 2193 456 2233 eos,
490 2178 646 2223 volunt
674 2193 764 2222 esse
796 2193 996 2241 perverse
1037 2179 1200 2235 securi,
1233 2180 1471 2226 nescientes

0 2288 4 2295 ,
33 2284 35 2289 .
88 2249 351 2295 distribuere
367 2259 410 2294 et
431 2250 695 2307 distinguere
722 2258 918 2308 tempora
940 2249 1106 2294 timoris
1138 2259 1182 2295 et
1211 2251 1465 2298 securitatis.

0 2309 4 2376 ζ
30 2371 33 2375 ,
89 2321 258 2366 Timeat
279 2335 382 2379 ergo
403 2320 479 2380 qui
498 2319 620 2364 ducit
642 2320 774 2365 modo
793 2320 926 2365 vitam
960 2336 1062 2365 cum
1083 2321 1194 2376 fine,
1220 2337 1308 2382 quo
1337 2323 1469 2380 possit

71 2391 132 2434 ‚in
148 2389 222 2434 illa
242 2390 331 2436 vita
356 2389 518 2434 habere
539 2391 811 2434 securitatem
837 2391 928 2435 sine
956 2391 1057 2434 fine.
1088 2393 1202 2449 Ergo
1225 2392 1465 2438 timuimus.

0 2508 4 2518 ,
31 2464 33 2470 “
85 2460 192 2514 Quis
212 2461 328 2504 enim
349 2475 440 2505 non
456 2461 606 2504 timeat
626 2459 881 2521 loquentem
901 2461 1126 2505 veritatem
1147 2471 1192 2506 et
1211 2461 1431 2509 dicentem
1452 2484 1462 2510 :

133 2572 142 2588 ¹
170 2576 182 2596 ι
198 2568 272 2597 Cor.
291 2575 325 2603 x,
347 2565 398 2597 33.
417 2583 459 2588 —
482 2573 493 2587 ²
511 2566 592 2597 Ibid.
613 2583 653 2589 --
673 2564 686 2588 3
706 2566 788 2598 Alias
806 2567 825 2607 4
840 2568 880 2601 de
898 2567 1005 2600 verbis
1030 2569 1164 2601 Domini.
