1898 3178
317 238 458 267 sEnMO
490 237 559 274 LI,
594 235 648 263 DE
679 233 912 265 coNconmA
944 231 1111 264 MATTH.
1148 234 1201 262 ET
1232 234 1326 262 Luc,
1423 225 1500 263 121

124 314 195 349 tur
216 303 467 364 parentibus
483 336 494 358 ,
515 302 663 362 eisque
685 302 771 346 sint
790 301 970 346 subditi.
990 301 1163 348 Christo
1187 299 1378 346 mundus
1400 302 1503 346 subr

122 376 239 420 ditus
255 409 266 429 ‚
289 374 480 420 Christus
501 373 752 432 parentibus
774 373 990 418 subditus.

178 447 277 489 XX.
328 442 493 487 Videtis
531 458 656 502 ergo,
695 442 870 497 fratres,
916 443 1036 503 quod
1082 457 1172 488 non
1209 442 1267 487 ita
1318 440 1500 499 dixerit,

124 535 144 558 «
177 516 360 574 Oportet
382 529 451 558 me
474 515 520 558 in
536 514 602 558 his
624 529 724 573 quae
746 513 884 558 Patris
904 513 990 557 mei
1001 522 1103 558 sunt
1124 528 1231 568 esse,
1254 531 1275 555 »
1300 521 1350 557 ut
1371 513 1503 557 intel-

118 587 349 645 ligeremus
371 586 494 647 quasi
511 584 677 630 dietum
697 604 706 630 ε
724 587 812 630 Vos
834 600 924 629 non
955 585 1053 629 estis
1070 593 1270 644 parentes
1291 585 1401 629 mei:
1420 586 1503 630 Sed

117 668 315 718 parentes
335 657 398 702 illi
415 656 711 717 temporaliter
727 691 738 709 ‚
764 661 892 701 Pater
910 656 983 701 ille
1005 657 1278 716 sempiterne.
1301 660 1503 701 Parentes

116 727 178 772 illi
196 727 273 772 filii
294 727 482 772 hominis
499 762 510 783 ,
538 730 665 772 Pater
686 725 760 771 ille
777 727 911 772 Verbi
932 735 975 771 et
993 726 1221 786 Sapientiae
1244 742 1349 781 suae,
1377 730 1502 771 Pater

116 799 297 844 Virtutis
316 814 403 843 suae
416 833 427 855 ,
446 813 524 858 per
541 814 673 859 quam
690 807 849 843 cuncta
867 797 1087 843 formavit.
1112 798 1154 842 Si
1170 812 1247 856 per
1268 796 1389 841 illam
1410 795 1503 842 for·-

114 879 288 915 mantur
320 871 543 925 universa,
578 886 678 931 quae
712 889 733 913 «
758 870 945 929 Attingit
968 885 992 914 a
1012 870 1100 913 fine
1122 884 1262 928 usque
1289 869 1345 913 ad
1366 869 1498 912 finem

115 958 136 981 »
172 940 342 985 fortiter
366 949 409 984 et
427 940 620 1000 disponit
634 941 779 985 omnia
797 941 983 986 suaviter
997 942 1030 998 ¹3
1052 954 1167 999 »per
1184 938 1346 983 Filium
1367 938 1443 982 Dei
1460 948 1502 983 et

111 1010 174 1054 illi
196 1009 371 1056 formati
402 1021 527 1067 sunt,
553 1012 712 1072 quibus
735 1011 851 1056 idem
874 1012 965 1071 ipse
997 1020 1147 1070 postea
1177 1010 1292 1054 filius
1314 1010 1502 1053 hominis

110 1081 386 1126 subderetur.
412 1085 470 1126 Et
491 1081 725 1141 Apostolus
758 1081 863 1126 dicit
891 1097 991 1126 eum
1011 1082 1152 1125 filium
1172 1079 1311 1125 David
1334 1099 1342 1125 2
1371 1099 1391 1122 «
1416 1081 1500 1133 Qui

113 1170 134 1192 »
169 1152 310 1196 faetus
327 1161 390 1196 est
412 1154 466 1206 ei,
498 1153 667 1213 inquit,
693 1168 746 1197 ex
770 1154 932 1197 semine
960 1152 1114 1207 David,
1141 1151 1383 1196 secundum
1406 1167 1501 1195 ear-

112 1240 132 1262 υ
167 1224 303 1265 ne1n‘2.
325 1239 345 1262 »
373 1222 458 1266 Sed
481 1231 626 1266 tamen
648 1224 737 1281 ipse
759 1224 969 1268 Dominus
990 1223 1273 1282 quaestionem
1295 1222 1500 1281 proponit

108 1291 298 1345 Judeeis,
323 1307 456 1350 quam
473 1293 519 1335 in
546 1293 611 1336 his
632 1292 731 1351 ipsis
764 1293 905 1336 verbis
937 1292 1065 1337 solvit
1100 1292 1350 1352 Apostolus.
1386 1294 1499 1337 Cum

108 1362 223 1405 enim
238 1360 425 1406 diceret:
446 1381 466 1404 α
483 1362 720 1415 Quisactus
735 1371 798 1407 est
815 1363 852 1406 ei
869 1378 919 1406 ex
940 1363 1103 1407 semine
1114 1362 1275 1420 David3
1299 1380 1319 1404 n
1338 1363 1393 1406 ad
1416 1363 1498 1406 hoc

108 1431 276 1477 addidit
293 1467 304 1487 ‚
329 1432 571 1478 secundum
603 1449 777 1478 carnem
793 1469 804 1489 ,
837 1443 887 1478 ut
913 1433 1228 1492 intelligeretur
1255 1434 1498 1478 secundum

105 1502 386 1547 Divinitatem
420 1519 510 1548 non
544 1519 634 1549 esse
667 1504 782 1549 filius
815 1504 974 1559 David,
1008 1504 1084 1548 sed
1114 1504 1249 1549 Filius
1292 1504 1370 1547 Dei
1407 1507 1496 1548 Do-

104 1573 247 1618 minus
289 1573 442 1618 David.
488 1575 597 1619 Nam
642 1583 684 1618 et
722 1574 806 1619 alio
854 1574 951 1618 loco
987 1574 1045 1617 sic
1083 1573 1189 1618 dicit
1230 1573 1465 1633 Apostolus
1481 1609 1492 1629 ‚

104 1659 204 1688 cum
241 1644 568 1689 commendaret
607 1645 783 1702 stirpem
815 1643 1072 1688 Judaeorum
1100 1664 1108 1688 ε
1140 1646 1383 1697 «Quorum
1415 1660 1494 1704 pa·

106 1732 126 1754 »
162 1723 269 1769 tres,
307 1714 477 1772 inquit,
513 1710 755 1773 ex'quibus
785 1714 982 1758 Christus
1019 1715 1260 1758 secundum
1293 1730 1490 1769 carnem,

103 1801 124 1825 »
160 1784 237 1843 qui
262 1792 326 1827 est
357 1798 485 1841 super
514 1783 658 1828 omnia
698 1786 812 1827 Deus
853 1782 1111 1828 benedictus
1148 1783 1195 1827 in
1234 1784 1436 1828 saeculass.
1469 1803 1489 1826 »

101 1853 231 1907 Quod
254 1853 497 1898 secundum
534 1868 731 1908 carnem,
765 1853 867 1898 inde
908 1853 1022 1898 filius
1060 1853 1232 1899 David:
1268 1854 1390 1914 quod
1412 1871 1492 1900 au-

100 1935 188 1970 tem
215 1939 345 1984 super
381 1925 527 1969 omnia
558 1927 673 1968 Deus
706 1924 961 1969 benedictus
983 1925 1029 1968 in
1050 1925 1208 1969 seeeula
1227 1959 1237 1979 ,
1274 1925 1376 1970 inde
1404 1930 1493 1971 Do-

99 1996 244 2039 minus
272 1995 424 2039 David.
459 1995 670 2039 Dominus
695 2009 794 2052 ergo
822 1993 986 2039 Judaeis
1020 1995 1105 2039 hoe
1142 1994 1247 2039 dicit
1273 2014 1282 2039 :
1312 2014 1332 2038 «
1356 1997 1492 2056 Cujus

104 2087 121 2107 »
173 2081 263 2111 esse
305 2066 445 2110 filium
506 2065 648 2110 dicitis
694 2065 947 2110 Christum?
990 2052 1353 2126 Responderunt,
1401 2070 1487 2112 Da-

31 2191 34 2199 .
102 2155 122 2178 »
157 2136 274 2181 vid4.
302 2155 322 2178 n
351 2140 445 2181 Hoc
472 2137 587 2180 enirn
610 2147 843 2192 noverant,
877 2136 998 2197 quod
1025 2136 1152 2183 facile
1179 2139 1410 2198 capiebant
1438 2155 1488 2184 ex

30 2201 35 2212 Χ
99 2206 410 2265 praedicatione
439 2208 771 2265 Prophetarum.
810 2210 867 2252 Et
893 2223 993 2253 vere
1017 2209 1106 2268 ipse
1135 2218 1227 2254 erat
1255 2224 1305 2253 ex
1327 2210 1488 2255 semine

96 2275 260 2331 David,
322 2276 398 2320 sed
444 2277 684 2321 secundum
732 2293 906 2323 carnem
952 2294 1029 2338 per
1069 2280 1261 2338 viginem
1305 2281 1486 2325 Mariam

18 2382 31 2409 3
96 2346 400 2406 desponsatam
441 2349 617 2407 Joseph.
660 2350 774 2394 Cum
826 2365 927 2408 ergo
973 2351 1284 2410 responderent
1325 2353 1486 2397 Chris—

95 2425 190 2460 tum
210 2414 349 2461 filium
372 2431 460 2461 esse
490 2417 649 2473 David,
687 2418 746 2463 ait
773 2419 857 2463 illis
891 2422 1014 2464 Jesus
1039 2440 1046 2465 :
1077 2440 1097 2462 «
1123 2421 1356 2474 Quomodo
1377 2437 1481 2481 ergo

97 2485 118 2529 ›'›
153 2487 290 2532 David
310 2488 356 2532 in
376 2488 539 2548 Spiritu
570 2499 696 2534 vocat
723 2505 823 2535 eum
858 2492 1115 2547 Dominum,
1155 2491 1334 2538 dicens:
1362 2494 1476 2539 Dixit

143 2578 153 2594 ¹
173 2574 335 2614 Sap.v1n,
356 2584 383 2607 ι,
406 2590 447 2597 --
467 2581 479 2598 ²
503 2576 595 2607 Rom.
614 2585 637 2616 1,
654 2575 683 2608 3,
704 2592 745 2599 —
766 2575 844 2610 31d.
870 2587 915 2619 xi,
937 2578 969 2611 .3.
989 2595 1029 2602 -
1047 2576 1062 2608 s,
1081 2578 1200 2611 Matth.
1221 2589 1299 2621 xxii,
1318 2578 1376 2622 49.
