1898 3178
417 246 558 274 sumo
588 246 687 283 mx,
722 246 776 273 nr.
809 243 954 273 VERBIS
986 246 1080 274 Luc.
1116 247 1196 274 ΧΠ.
1407 234 1491 274 603

111 311 226 356 enim
248 311 439 370 parcitur
459 310 648 364 homini,
668 320 716 355 ut
732 320 1025 366 convertatur,
1044 320 1087 356 et
1105 327 1194 356 non
1206 312 1260 356 sit
1276 312 1351 372 qui
1375 311 1490 355 dam-

112 391 256 425 netur.
278 382 448 426 Viderit
469 384 583 425 Deus
599 380 776 440 quando
799 382 942 426 veniat
958 383 1053 426 finis
1075 381 1222 427 saeculi
1242 401 1251 426 ε
1270 392 1333 427 est
1348 391 1493 427 tamen

111 452 245 496 modo
262 462 434 511 tempus
458 451 575 496 fidei.
604 453 721 496 Finis
743 453 889 497 saeculi
918 462 1065 497 utrum
1092 454 1162 498 hic
1183 453 1371 513 aliquem
1392 469 1494 498 nos-

114 531 231 567 trum
253 522 468 576 inveniat,
494 521 636 566 nescio
660 541 668 566 ε
695 531 738 566 et
759 523 936 567 fortasse
968 539 1057 568 non
1079 524 1284 568 inveniet.
1309 527 1496 583 Tempus

114 593 274 652 cuique
288 602 486 637 nostrum
505 593 753 652 proximum
770 603 849 648 est,
867 595 969 654 quia
982 594 1186 639 mortales
1202 609 1365 649 sumus,
1383 595 1497 638 inter

116 678 239 709 casus
266 663 554 708 ambulamus.
583 664 626 709 Si
647 664 773 707 vitrei
789 679 997 718 essemus,
1023 665 1165 709 minus
1186 681 1306 709 casus
1324 665 1497 709 timere-

116 749 228 779 muS.
262 733 379 787 Quid
415 733 610 793 fragilius
642 749 741 778 vase
771 734 933 779 vitreo?
962 737 1018 779 Et
1040 744 1185 778 tamen
1216 744 1425 790 servatur,
1457 744 1500 779 et

118 803 247 849 durat
268 819 345 863 per
372 804 546 848 saecula.
583 803 674 848 Etsi
702 805 817 849 enim
845 820 966 848 casus
992 805 1130 849 vitreo
1155 806 1245 850 vasi
1274 806 1497 860 timentur,

118 883 317 919 senectus
347 874 385 917 ei
410 883 454 918 et
482 872 615 918 febris
638 890 727 919 non
750 874 942 919 timetur.
969 877 1055 920 Nos
1077 890 1178 933 ergo
1200 875 1440 934 fragiliores
1459 884 1502 919 et

119 944 375 990 infirmiores
394 959 545 989 sumus
563 963 572 989 :
593 946 693 1004 quia
710 953 753 988 et
769 960 891 989 casus
907 960 1056 990 omnes
1075 946 1150 1005 qui
1173 961 1261 989 non
1277 956 1441 990 cessant
1458 946 1503 989 in

119 1016 250 1060 rebus
272 1015 475 1059 humanis
490 1050 501 1070 ,
534 1014 768 1074 fragilitate
791 1017 943 1075 utique
963 1025 1110 1060 nostra
1131 1016 1328 1076 quotidie
1349 1015 1503 1060 formi-

120 1086 274 1131 damus
296 1105 304 1130 :
325 1095 375 1130 ·et
397 1086 431 1130 si
454 1086 532 1145 ipsi
559 1101 681 1130 casus
711 1101 799 1130 non
824 1086 1053 1140 accedant,
1086 1095 1256 1145 tempus
1278 1086 1473 1130 ambulat
1493 1106 1502 1131 :

120 1159 228 1202 vitat
250 1158 384 1202 homo
407 1157 566 1211 ictum,
597 1157 813 1217 numquid
836 1158 943 1202 vitat
965 1158 1154 1202 exitum?
1183 1158 1291 1202 vitat
1310 1174 1408 1218 quae
1430 1173 1504 1201 ex-

121 1229 334 1274 trinsecus
359 1229 593 1283 eveniunt,
627 1228 843 1288 numquid
876 1229 996 1288 quod
1028 1229 1143 1273 intus
1165 1230 1354 1274 nascitur
1376 1228 1505 1289 pelli-

122 1301 224 1344 tur?
259 1299 456 1358 Denique
490 1313 609 1342 nunc
639 1298 876 1343 lumbricos
908 1300 1094 1358 gignunt
1126 1300 1354 1353 interiora,
1389 1315 1506 1343 nunc

124 1370 304 1414 morbus
336 1369 522 1429 quilibet
552 1369 697 1413 subito
731 1379 915 1429 occupat
947 1389 954 1414 :
983 1379 1198 1429 postremo
1228 1371 1507 1430 quantumvis

124 1442 290 1486 homini
312 1450 532 1500 parcatur,
557 1441 787 1485 novissime
803 1450 1002 1486 senectus
1019 1457 1119 1486 cum
1138 1442 1327 1497 venerit,
1342 1457 1432 1486 non
1447 1450 1510 1485 est

125 1528 215 1573 quo
236 1512 481 1557 differatur.

186 1586 244 1627 II.
270 1582 458 1627 Proinde
474 1582 702 1629 audiamus
720 1583 954 1627 Dominum
971 1617 981 1637 ,
998 1583 1043 1627 in
1065 1583 1188 1626 nobis
1210 1583 1311 1642 ipsis
1333 1598 1511 1642 agamus

129 1653 250 1714 quod
281 1654 487 1713 praecepit
514 1673 523 1698 :
558 1653 792 1698 Videamus
824 1653 921 1712 quis
943 1661 1005 1697 est
1032 1652 1105 1696 ille
1137 1654 1432 1707 adversarius,
1456 1654 1513 1696 de

129 1739 219 1785 quo
238 1739 316 1768 nos
338 1724 507 1778 terruit,
534 1722 706 1767 dicens:
731 1742 750 1765 «
769 1723 811 1768 Si
832 1722 951 1767 vadis
973 1737 1072 1766 cum
1095 1723 1338 1767 adversario
1357 1732 1434 1767 tuo
1457 1722 1512 1766 ad

132 1813 154 1837 ))
179 1796 418 1854 principem
436 1830 447 1850 ,
474 1796 529 1839 da
554 1810 730 1854 operam
752 1795 797 1838 in
820 1795 885 1839 via
906 1793 1080 1839 liberari
1103 1795 1158 1838 ab
1190 1794 1265 1839 illo
1292 1814 1300 1840 ε
1325 1810 1380 1839 ne
1400 1795 1514 1839 forte

133 1883 154 1906 »
180 1863 325 1908 tradat
346 1872 389 1907 te
421 1865 631 1922 principi,
657 1874 700 1905 et
724 1865 921 1924 princeps
950 1865 1170 1919 ministro,
1195 1874 1239 1909 et
1260 1865 1441 1909 mittaris
1468 1865 1513 1908 in

135 1953 156 1976 »
181 1948 423 1987 carcerem,
458 1931 575 1976 unde
612 1947 701 1976 non
727 1932 839 1974 exies
855 1966 866 1985 ,
901 1931 1040 1975 donec
1069 1934 1206 1975 solvas
1233 1935 1513 1976 novissimum

137 2024 158 2048 »
187 2004 476 2065 quadrantem
492 2005 523 2048 ¹.
546 2021 566 2044 »
587 2003 692 2056 Quis
714 2011 776 2046 est
796 2002 876 2046 iste
899 2001 1198 2046 adversarius?
1225 2003 1267 2047 Si
1286 2003 1485 2047 diabolus
1503 2022 1512 2047 ε

131 2078 222 2138 jam
239 2075 409 2120 liberati
428 2089 576 2118 sumus
589 2074 644 2118 ab
657 2073 746 2117 illo.
769 2072 906 2126 Quale
922 2073 1108 2132 pretium
1122 2089 1201 2132 pro
1218 2074 1343 2118 nobis
1365 2072 1516 2118 datum

136 2158 228 2202 est,
254 2155 304 2191 ut
325 2146 380 2190 ab
396 2145 471 2189 illo
493 2145 837 2189 redimeremur?
861 2147 923 2188 De
939 2160 1027 2204 quo
1050 2144 1155 2189 dicit
1177 2145 1434 2203 Apostolus,
1458 2144 1518 2189 lo-

138 2233 276 2280 quens
301 2218 356 2261 de
383 2217 473 2276 ipsa
499 2215 800 2276 redemptione
836 2224 979 2260 nostra
1005 2232 1012 2256 :
1049 2234 1068 2257 «
1094 2215 1179 2268 Qui
1214 2216 1327 2259 eruit
1358 2231 1435 2259 nos
1464 2216 1519 2259 de

141 2308 162 2332 »
187 2296 400 2348 potestate
421 2287 722 2340 tenebrarum,
744 2296 787 2330 et
803 2285 1023 2330 transtulit
1040 2286 1084 2329 in
1102 2301 1282 2343 regnum
1302 2285 1397 2329 Filii
1416 2286 1520 2330 cha-

142 2379 163 2403 »
188 2359 325 2407 ritatis
339 2361 468 2403 suae‘2.
485 2376 504 2398 »
520 2357 754 2416 Redempti
776 2373 940 2411 sumus,
961 2356 1135 2401 diabolo
1153 2357 1516 2402 renuntiavimus:

139 2430 362 2492 quomodo
385 2429 585 2476 dabimus
608 2443 783 2488 operam
800 2428 973 2473 liberari
991 2429 1045 2472 ab
1068 2427 1165 2483 illo,
1190 2443 1245 2472 ne
1268 2443 1345 2472 nos
1362 2429 1519 2472 iterum

142 2501 336 2562 captivos
362 2499 492 2545 faciat
517 2501 789 2559 peccatores?
815 2500 900 2546 Sed
919 2515 1008 2544 non
1033 2507 1095 2544 est
1116 2499 1205 2559 ipse
1228 2498 1519 2553 adversarius,

193 2593 202 2610 ¹
221 2589 298 2620 Luc.
318 2598 377 2628 χιι,
398 2586 451 2619 58.
465 2602 508 2609 -·
527 2592 540 2609 ²
565 2584 684 2618 Coloss.
702 2595 725 2625 i,
748 2585 799 2617 13.
