1898 3178
319 225 458 256 senno
489 226 592 256 xrvr
608 242 621 266 ,
653 225 710 254 nn
740 221 990 256 rAsromnus
1018 225 1066 256 11<
1095 223 1243 255 zzzcn.
1412 218 1469 258 23

93 301 329 347 errantem,
353 292 456 351 quia
489 305 580 335 non
615 290 813 350 quaesivit
843 299 1128 349 pereuntem3
1162 290 1271 352 quid
1291 292 1468 351 prodest

91 362 214 424 quod
227 361 392 406 invenit
412 359 569 419 pellem
590 375 723 419 quam
744 358 955 405 referret?
979 363 1122 420 Ipsam
1141 372 1364 407 revocaret
1377 397 1390 419 ,
1409 380 1466 409 ne

90 432 249 492 pellem
270 439 453 475 mortuae
473 429 803 474 demonstraret.
835 429 880 474 Si
905 443 1007 488 ergo
1027 445 1117 475 non
1147 430 1308 476 bonam
1335 434 1469 479 ratio-

91 517 192 546 nem
213 501 372 555 reddit,
390 501 491 560 quia
511 515 600 544 non
619 500 818 560 quaesivit
838 508 1079 559 errantem,
1102 501 1273 561 qualem
1294 502 1464 561 reddet,

91 572 167 632 qui
188 570 292 616 fecit
322 572 569 614 errantem?
601 573 694 615 Hoc
720 579 783 615 est
808 569 930 628 quod
962 570 1092 616 dico:
1119 572 1162 617 Si
1186 573 1232 616 in
1255 573 1468 620 catholica

60 661 62 663 >
91 643 315 701 episcopus
336 641 597 685 constitutus
617 655 708 685 non
721 640 883 685 bonam
904 640 1116 685 rationem
1129 641 1272 686 reddit
1293 642 1349 688 de
1369 659 1466 702 ove,

90 711 126 756 si
146 727 236 757 non
255 710 474 771 quaesierit
494 720 711 756 errantem
732 726 757 755 a
779 725 908 770 grege
928 711 1034 768 Dei3
1061 711 1237 772 qualem
1255 715 1469 760 rationem

90 782 338 826 redditurus
359 791 423 826 est
441 782 686 837 haereticus,
699 782 777 842 qui
797 797 888 827 non
909 781 1051 827 solum
1066 798 1158 828 non
1178 787 1392 831 revocavit
1412 787 1469 831 ab

92 866 236 896 errore
254 886 267 906 ,
295 850 371 895 sed
392 851 522 895 etiam
544 851 720 911 impulit
737 852 784 896 in
802 854 1019 897 errorem?

148 922 292 965 XXII.
320 920 404 966 Sed
424 921 648 966 videamus
664 956 675 977 ,
700 931 751 966 ut
772 921 884 978 dixi,
913 922 1138 983 quomodo
1157 933 1331 969 revocet
1357 926 1474 970 Deus

91 1005 191 1036 oves
212 1005 236 1034 a
265 991 510 1050 pastoribus
538 990 675 1036 malis.
713 994 810 1036 Jam
833 993 1199 1038 commemoravi:
1233 1011 1253 1036 «
1270 996 1382 1048 Quae
1403 995 1474 1039 di-

93 1077 114 1102 n
147 1069 276 1115 eunt,
295 1060 452 1118 facite3
486 1076 586 1120 quae
606 1070 752 1105 autem
781 1060 970 1117 faciunt,
998 1060 1140 1107 facere
1166 1062 1347 1107 nolite1.
1375 1083 1396 1105 >›
1418 1067 1477 1109 Et

89 1145 179 1174 non
200 1145 275 1175 vos
292 1131 371 1188 ipsi
387 1140 595 1189 pascunt,
621 1131 697 1174 sed
724 1134 840 1175 Deus
857 1147 870 1174 .·
889 1133 991 1189 quia
1011 1132 1148 1175 velint
1167 1132 1311 1176 nolint
1325 1123 1475 1192 pasto-

90 1214 172 1254 res,
189 1208 240 1243 ut
260 1201 513 1258 perveniant
536 1201 591 1243 ad
607 1200 674 1243 lac
690 1209 734 1243 et
754 1200 916 1254 lanam,
931 1201 1061 1244 verba
1079 1200 1157 1243 Dei
1180 1199 1339 1245 dicturi
1355 1213 1471 1248 sunt.

90 1269 176 1321 Qui
211 1268 419 1327 praedicas
441 1284 530 1312 non
547 1267 809 1322 furandum,
829 1267 984 1311 furaris
999 1302 1010 1322 ,
1034 1267 1140 1311 dicit
1160 1270 1394 1328 Apostolus
1421 1274 1475 1317 ad

91 1353 163 1384 eos
182 1338 259 1398 qui
280 1338 394 1382 bona
419 1338 571 1381 dicunt
592 1345 636 1380 et
656 1336 770 1380 mala
790 1335 1002 1381 faciunt2.
1026 1339 1092 1380 Tu
1109 1337 1210 1381 audi
1233 1339 1477 1397 praedican-

90 1418 203 1464 tem,
226 1423 283 1453 ne
302 1407 458 1452 fureris
480 1427 489 1452 z
515 1406 605 1453 noli
624 1407 784 1451 imitari
812 1405 1046 1452 furantem.
1071 1407 1114 1453 Si
1134 1408 1354 1454 furantem
1374 1411 1476 1456 imi-

58 1534 60 1536 Υ
89 1480 171 1523 tari
190 1479 399 1534 volueris,
420 1479 510 1537 ipse
533 1488 576 1522 te
597 1478 734 1538 pascit
749 1476 866 1523 facto
888 1492 967 1523 suo
988 1496 998 1524 ε
1023 1479 1105 1523 tibi
1125 1494 1345 1525 venenum
1365 1482 1474 1526 sub-

89 1550 328 1605 ministrat,
369 1565 458 1594 non
479 1549 642 1594 cibum.
671 1550 716 1594 Si
736 1565 840 1594 vero
859 1549 945 1594 hoc
982 1549 1038 1594 ab
1075 1549 1152 1595 illo
1172 1551 1322 1608 audis,
1353 1553 1476 1613 quod

90 1634 180 1665 non
202 1619 307 1665 dicit
328 1619 383 1664 de
404 1635 483 1664 suo
499 1655 510 1675 ,
534 1620 610 1664 sed
631 1619 686 1664 de
706 1620 785 1664 Dei
802 1641 814 1678 3
837 1634 927 1664 non
947 1629 1092 1679 potest
1112 1620 1291 1680 quidem
1312 1637 1398 1668 uva
1419 1623 1475 1668 de

90 1690 221 1749 spinis
249 1690 334 1748 legi
356 1709 365 1734 :
390 1692 529 1748 (Nam
552 1698 595 1734 et
614 1689 707 1748 ipsa
730 1689 904 1735 Domini
933 1690 1147 1735 sententia
1170 1700 1233 1736 est
1255 1710 1266 1737 ι
1291 1710 1313 1734 «
1335 1694 1474 1738 Nemo

93 1777 113 1802 »
148 1759 312 1817 colligit
334 1759 388 1803 de
408 1759 540 1818 spinis
562 1775 709 1815 uvam,
731 1769 775 1804 et
795 1760 850 1804 de
868 1760 1041 1806 tribulis
1061 1761 1217 1807 ficusss:
1237 1764 1255 1820 )
1275 1777 1356 1807 nec
1371 1763 1472 1809 ideo

88 1838 236 1874 tamen
249 1830 370 1890 quasi
393 1829 669 1873 calumnieris
687 1830 872 1875 Domino
889 1839 967 1875 tuo
985 1865 997 1886 ,
1021 1839 1065 1875 et
1084 1830 1203 1876 dicas
1225 1850 1236 1877 ι
1260 1834 1468 1889 Domine,

88 1900 264 1946 noluisti
286 1916 372 1955 me,
387 1900 489 1960 quia
511 1901 604 1944 fieri
627 1916 717 1946 non
737 1910 895 1960 potest,
912 1901 969 1946 de
990 1902 1122 1960 spinis
1147 1902 1288 1960 legere
1308 1918 1438 1949 uvam
1457 1922 1469 1950 ε

88 1979 132 2015 et
147 1986 294 2016 rursus
318 1970 461 2015 dixisti
483 1970 590 2015 mihi
620 1970 675 2015 de
697 1971 959 2031 quibusdam
987 1991 996 2018 ε
1026 1990 1047 2015 «
1071 1975 1177 2027 Quae
1196 1972 1377 2029 dicunt,
1402 1972 1470 2019 fa-

90 2057 112 2083 »
145 2041 230 2084 cite
246 2076 257 2096 ,
278 2057 377 2101 quse
395 2050 541 2085 autem
559 2039 727 2086 faciunt
743 2076 755 2096 ,
788 2040 929 2087 facere
950 2041 1100 2087 nolite.
1129 2060 1150 2084 »
1176 2045 1343 2102 Nempe
1358 2044 1470 2088 mala

88 2107 293 2154 facientes
315 2109 467 2169 utique
488 2111 624 2167 Spinae
658 2120 775 2152 sunt.
811 2112 1043 2160 Quomodo
1075 2112 1141 2158 vis
1170 2112 1226 2157 de
1250 2114 1383 2173 spinis
1398 2129 1470 2158 me

56 2178 60 2182 ’
75 2178 291 2237 colligere
305 2194 435 2224 uvam
451 2178 574 2224 verbi
590 2177 686 2222 tui?
706 2176 1059 2237 Respondebitur
1069 2213 1081 2234 ,
1094 2181 1192 2224 Non
1205 2189 1269 2224 est
1288 2182 1363 2225 illa
1383 2197 1470 2227 uva

88 2250 309 2309 spinarum
331 2267 340 2293 :
364 2248 439 2292 sed
460 2247 695 2308 aliquando
717 2248 959 2294 increscens
988 2258 1256 2294 sarmentum
1278 2250 1472 2311 implicat

90 2334 134 2363 se
149 2319 196 2362 in
216 2333 378 2379 sepem,
393 2327 436 2362 et
456 2317 619 2377 pendet
640 2333 726 2363 uva
746 2319 860 2363 inter
881 2318 1013 2364 densa
1029 2320 1266 2380 spinarum,
1289 2321 1367 2366 sed
1381 2337 1473 2367 non

91 2389 227 2447 surgit
260 2389 316 2433 de
335 2388 479 2433 radice
498 2388 734 2447 spinarum.
763 2391 830 2434 Tu
864 2390 899 2435 si
917 2391 1123 2446 ⁴esurieris
1138 2424 1151 2447 ,
1176 2400 1220 2436 et
1241 2390 1363 2437 aliud
1382 2408 1474 2438 non

90 2455 226 2505 h'abes
253 2460 372 2504 unde
393 2473 534 2503 sumas
551 2492 564 2514 ‚
588 2468 715 2505 caute
736 2475 916 2506 manum
942 2462 1067 2506 mitte
1083 2495 1096 2517 ,
1125 2476 1182 2506 ne
1200 2461 1398 2510 lacereris
1419 2464 1474 2509 ab

141 2549 150 2566 ¹
166 2542 279 2576 Matth.
299 2552 389 2584 xxm,
410 2542 439 2574 3.
461 2558 502 2566 —
523 2547 536 2565 2
554 2543 644 2577 Rom.
666 2553 701 2584 11,
720 2553 773 2576 21.
794 2560 836 2569 -ε-
856 2542 870 2567 3
892 2543 1012 2577 Matth.
1031 2555 1089 2585 vu,
1109 2545 1161 2578 16.
