<?xml version="1.0" encoding="UTF-8"?>
<!DOCTYPE html PUBLIC "-//W3C//DTD XHTML 1.0 Transitional//EN"
    "http://www.w3.org/TR/xhtml1/DTD/xhtml1-transitional.dtd">
<html xmlns="http://www.w3.org/1999/xhtml" xml:lang="en" lang="en">
 <head>
  <title>
</title>
<meta http-equiv="Content-Type" content="text/html;charset=utf-8" />
  <meta name='ocr-system' content='tesseract 3.04.00' />
  <meta name='ocr-capabilities' content='ocr_page ocr_carea ocr_par ocr_line ocrx_word'/>
</head>
<body>
  <div class='ocr_page' id='page_1' title='image "./operaomniaaccura18auguuoft_0639.png"; bbox 0 0 1898 3178; ppageno 0'>
   <div class='ocr_carea' id='block_1_1' title="bbox 0 0 92 3178">
    <p class='ocr_par' dir='ltr' id='par_1_1' title="bbox 0 0 92 3178">
     <span class='ocr_line' id='line_1_1' title="bbox 0 0 92 3178; baseline 0 0"><span class='ocrx_word' id='word_1_1' title='bbox 0 0 92 3178; x_wconf 95' lang='lat' dir='ltr'> </span> 
     </span>
    </p>
   </div>
   <div class='ocr_carea' id='block_1_2' title="bbox 413 189 1501 232">
    <p class='ocr_par' dir='ltr' id='par_1_2' title="bbox 413 189 1501 232">
     <span class='ocr_line' id='line_1_2' title="bbox 413 189 1501 232; baseline 0.006 -13"><span class='ocrx_word' id='word_1_2' title='bbox 413 194 550 220; x_wconf 68' lang='lat' dir='ltr'>smmo</span> <span class='ocrx_word' id='word_1_3' title='bbox 582 194 704 232; x_wconf 74' lang='lat' dir='ltr'>exin,</span> <span class='ocrx_word' id='word_1_4' title='bbox 740 196 793 221; x_wconf 82' lang='lat' dir='ltr'>DE</span> <span class='ocrx_word' id='word_1_5' title='bbox 826 195 971 223; x_wconf 67' lang='lat' dir='ltr'>vulnus</span> <span class='ocrx_word' id='word_1_6' title='bbox 1003 198 1094 223; x_wconf 70' lang='lat' dir='ltr'>Luc.</span> <span class='ocrx_word' id='word_1_7' title='bbox 1132 199 1221 224; x_wconf 77' lang='lat' dir='ltr'>xvt.</span> <span class='ocrx_word' id='word_1_8' title='bbox 1421 189 1501 226; x_wconf 79' lang='lat'>627</span> 
     </span>
    </p>
   </div>
   <div class='ocr_carea' id='block_1_3' title="bbox 125 257 1513 2508">
    <p class='ocr_par' dir='ltr' id='par_1_3' title="bbox 134 257 1512 591">
     <span class='ocr_line' id='line_1_3' title="bbox 141 257 1511 323; baseline 0.006 -23"><span class='ocrx_word' id='word_1_9' title='bbox 141 258 220 300; x_wconf 88' lang='lat' dir='ltr'>tias</span> <span class='ocrx_word' id='word_1_10' title='bbox 241 257 330 302; x_wconf 90' lang='lat' dir='ltr'>noli</span> <span class='ocrx_word' id='word_1_11' title='bbox 347 259 586 318; x_wconf 67' lang='lat' dir='ltr'>appellare,</span> <span class='ocrx_word' id='word_1_12' title='bbox 610 262 712 319; x_wconf 88' lang='lat' dir='ltr'>quia</span> <span class='ocrx_word' id='word_1_13' title='bbox 725 276 838 305; x_wconf 82' lang='lat' dir='ltr'>verae</span> <span class='ocrx_word' id='word_1_14' title='bbox 855 277 944 305; x_wconf 89' lang='lat' dir='ltr'>non</span> <span class='ocrx_word' id='word_1_15' title='bbox 957 272 1073 306; x_wconf 88' lang='lat' dir='ltr'>sunt.</span> <span class='ocrx_word' id='word_1_16' title='bbox 1096 265 1354 322; x_wconf 80' lang='lat' dir='ltr'><strong>Paupertate</strong></span> <span class='ocrx_word' id='word_1_17' title='bbox 1371 264 1511 323; x_wconf 88' lang='lat' dir='ltr'>plenae</span> 
     </span>
     <span class='ocr_line' id='line_1_4' title="bbox 137 330 1507 388; baseline 0.007 -19"><span class='ocrx_word' id='word_1_18' title='bbox 137 336 260 381; x_wconf 91' lang='lat' dir='ltr'>sunt,</span> <span class='ocrx_word' id='word_1_19' title='bbox 300 337 343 371; x_wconf 92' lang='lat' dir='ltr'>et</span> <span class='ocrx_word' id='word_1_20' title='bbox 366 344 534 388; x_wconf 84' lang='lat' dir='ltr'>semper</span> <span class='ocrx_word' id='word_1_21' title='bbox 566 330 765 374; x_wconf 81' lang='lat' dir='ltr'>obnoxiae</span> <span class='ocrx_word' id='word_1_22' title='bbox 788 331 972 375; x_wconf 83' lang='lat' dir='ltr'>casibus.</span> <span class='ocrx_word' id='word_1_23' title='bbox 999 331 1152 384; x_wconf 82' lang='lat' dir='ltr'>Quales</span> <span class='ocrx_word' id='word_1_24' title='bbox 1187 332 1348 376; x_wconf 85' lang='lat' dir='ltr'>divitiae</span> <span class='ocrx_word' id='word_1_25' title='bbox 1379 343 1507 388; x_wconf 92' lang='lat' dir='ltr'>sunt,</span> 
     </span>
     <span class='ocr_line' id='line_1_5' title="bbox 135 397 1512 462; baseline 0.005 -23"><span class='ocrx_word' id='word_1_26' title='bbox 135 405 313 455; x_wconf 90' lang='lat' dir='ltr'>propter</span> <span class='ocrx_word' id='word_1_27' title='bbox 335 413 442 457; x_wconf 90' lang='lat' dir='ltr'>quas</span> <span class='ocrx_word' id='word_1_28' title='bbox 462 397 675 443; x_wconf 88' lang='lat' dir='ltr'>latronem</span> <span class='ocrx_word' id='word_1_29' title='bbox 695 400 819 444; x_wconf 88' lang='lat' dir='ltr'>times</span> <span class='ocrx_word' id='word_1_30' title='bbox 833 435 843 455; x_wconf 94' lang='lat'>,</span> <span class='ocrx_word' id='word_1_31' title='bbox 870 409 1047 460; x_wconf 89' lang='lat' dir='ltr'>propter</span> <span class='ocrx_word' id='word_1_32' title='bbox 1067 417 1173 462; x_wconf 90' lang='lat' dir='ltr'>quas</span> <span class='ocrx_word' id='word_1_33' title='bbox 1190 401 1313 446; x_wconf 87' lang='lat' dir='ltr'>times</span> <span class='ocrx_word' id='word_1_34' title='bbox 1341 417 1512 448; x_wconf 90' lang='lat' dir='ltr'>servum</span> 
     </span>
     <span class='ocr_line' id='line_1_6' title="bbox 137 469 1511 530; baseline 0.007 -21"><span class='ocrx_word' id='word_1_35' title='bbox 137 476 263 510; x_wconf 80' lang='lat' dir='ltr'>tuum</span> <span class='ocrx_word' id='word_1_36' title='bbox 280 502 291 522; x_wconf 89' lang='lat'>,</span> <span class='ocrx_word' id='word_1_37' title='bbox 307 482 362 510; x_wconf 90' lang='lat' dir='ltr'>ne</span> <span class='ocrx_word' id='word_1_38' title='bbox 384 476 426 511; x_wconf 90' lang='lat' dir='ltr'>te</span> <span class='ocrx_word' id='word_1_39' title='bbox 449 469 587 513; x_wconf 82' lang='lat' dir='ltr'>occiso</span> <span class='ocrx_word' id='word_1_40' title='bbox 609 469 795 526; x_wconf 80' lang='lat' dir='ltr'>auferat,</span> <span class='ocrx_word' id='word_1_41' title='bbox 819 480 861 515; x_wconf 87' lang='lat' dir='ltr'>et</span> <span class='ocrx_word' id='word_1_42' title='bbox 879 469 1046 530; x_wconf 77' lang='lat' dir='ltr'>fugiat?</span> <span class='ocrx_word' id='word_1_43' title='bbox 1070 472 1112 517; x_wconf 92' lang='lat' dir='ltr'>Si</span> <span class='ocrx_word' id='word_1_44' title='bbox 1125 487 1238 516; x_wconf 85' lang='lat' dir='ltr'>verae</span> <span class='ocrx_word' id='word_1_45' title='bbox 1260 471 1422 517; x_wconf 86' lang='lat' dir='ltr'>divitiae</span> <span class='ocrx_word' id='word_1_46' title='bbox 1443 489 1511 518; x_wconf 89' lang='lat' dir='ltr'>es—</span> 
     </span>
     <span class='ocr_line' id='line_1_7' title="bbox 134 538 838 591; baseline 0.004 -10"><span class='ocrx_word' id='word_1_47' title='bbox 134 545 251 591; x_wconf 87' lang='lat' dir='ltr'>sent,</span> <span class='ocrx_word' id='word_1_48' title='bbox 276 538 547 582; x_wconf 84' lang='lat' dir='ltr'>securitatem</span> <span class='ocrx_word' id='word_1_49' title='bbox 570 538 647 582; x_wconf 86' lang='lat' dir='ltr'>tibi</span> <span class='ocrx_word' id='word_1_50' title='bbox 669 540 838 584; x_wconf 89' lang='lat' dir='ltr'>darent.</span> 
     </span>
    </p>

    <p class='ocr_par' dir='ltr' id='par_1_4' title="bbox 125 607 1513 2508">
     <span class='ocr_line' id='line_1_8' title="bbox 191 607 1508 671; baseline 0.005 -21"><span class='ocrx_word' id='word_1_51' title='bbox 191 608 245 650; x_wconf 82' lang='lat' dir='ltr'>V.</span> <span class='ocrx_word' id='word_1_52' title='bbox 271 609 387 666; x_wconf 87' lang='lat' dir='ltr'>Ergo</span> <span class='ocrx_word' id='word_1_53' title='bbox 409 607 494 652; x_wconf 87' lang='lat' dir='ltr'>illae</span> <span class='ocrx_word' id='word_1_54' title='bbox 516 617 617 652; x_wconf 89' lang='lat' dir='ltr'>sunt</span> <span class='ocrx_word' id='word_1_55' title='bbox 636 624 749 652; x_wconf 81' lang='lat' dir='ltr'>verae</span> <span class='ocrx_word' id='word_1_56' title='bbox 772 609 954 666; x_wconf 80' lang='lat' dir='ltr'>divitiae,</span> <span class='ocrx_word' id='word_1_57' title='bbox 977 627 1082 671; x_wconf 87' lang='lat' dir='ltr'>quas</span> <span class='ocrx_word' id='word_1_58' title='bbox 1098 627 1197 656; x_wconf 89' lang='lat' dir='ltr'>cum</span> <span class='ocrx_word' id='word_1_59' title='bbox 1212 613 1508 670; x_wconf 89' lang='lat' dir='ltr'>habuerimus,</span> 
     </span>
     <span class='ocr_line' id='line_1_9' title="bbox 131 676 1512 741; baseline 0.004 -19"><span class='ocrx_word' id='word_1_60' title='bbox 131 676 311 737; x_wconf 82' lang='lat' dir='ltr'>perdere</span> <span class='ocrx_word' id='word_1_61' title='bbox 329 693 417 722; x_wconf 88' lang='lat' dir='ltr'>non</span> <span class='ocrx_word' id='word_1_62' title='bbox 435 694 675 737; x_wconf 88' lang='lat' dir='ltr'>possumus.</span> <span class='ocrx_word' id='word_1_63' title='bbox 703 682 758 723; x_wconf 92' lang='lat' dir='ltr'>Et</span> <span class='ocrx_word' id='word_1_64' title='bbox 780 696 834 723; x_wconf 91' lang='lat' dir='ltr'>ne</span> <span class='ocrx_word' id='word_1_65' title='bbox 857 680 968 725; x_wconf 91' lang='lat' dir='ltr'>forte</span> <span class='ocrx_word' id='word_1_66' title='bbox 989 691 1164 741; x_wconf 90' lang='lat' dir='ltr'>propter</span> <span class='ocrx_word' id='word_1_67' title='bbox 1180 681 1273 726; x_wconf 81' lang='lat' dir='ltr'>illas</span> <span class='ocrx_word' id='word_1_68' title='bbox 1290 681 1429 727; x_wconf 89' lang='lat' dir='ltr'>furem</span> <span class='ocrx_word' id='word_1_69' title='bbox 1454 684 1512 728; x_wconf 66' lang='lat' dir='ltr'>ti-</span> 
     </span>
     <span class='ocr_line' id='line_1_10' title="bbox 130 749 1502 804; baseline 0.005 -11"><span class='ocrx_word' id='word_1_70' title='bbox 130 763 244 793; x_wconf 83' lang='lat' dir='ltr'>meas</span> <span class='ocrx_word' id='word_1_71' title='bbox 257 784 268 804; x_wconf 90' lang='lat'>,</span> <span class='ocrx_word' id='word_1_72' title='bbox 286 749 347 793; x_wconf 89' lang='lat' dir='ltr'>ibi</span> <span class='ocrx_word' id='word_1_73' title='bbox 364 758 491 793; x_wconf 86' lang='lat' dir='ltr'>erunt</span> <span class='ocrx_word' id='word_1_74' title='bbox 508 749 584 793; x_wconf 89' lang='lat' dir='ltr'>ubi</span> <span class='ocrx_word' id='word_1_75' title='bbox 603 749 749 794; x_wconf 87' lang='lat' dir='ltr'>nullus</span> <span class='ocrx_word' id='word_1_76' title='bbox 766 749 949 795; x_wconf 89' lang='lat' dir='ltr'>auferat.</span> <span class='ocrx_word' id='word_1_77' title='bbox 968 751 1084 795; x_wconf 81' lang='lat' dir='ltr'>Audi</span> <span class='ocrx_word' id='word_1_78' title='bbox 1100 753 1334 797; x_wconf 90' lang='lat' dir='ltr'>Dominum</span> <span class='ocrx_word' id='word_1_79' title='bbox 1352 763 1502 801; x_wconf 86' lang='lat' dir='ltr'>tuum:</span> 
     </span>
     <span class='ocr_line' id='line_1_11' title="bbox 133 822 1508 886; baseline 0.005 -21"><span class='ocrx_word' id='word_1_80' title='bbox 133 841 153 864; x_wconf 92' lang='lat'>«</span> <span class='ocrx_word' id='word_1_81' title='bbox 190 822 490 875; x_wconf 75' lang='lat' dir='ltr'>Thesaurizate</span> <span class='ocrx_word' id='word_1_82' title='bbox 512 823 634 867; x_wconf 83' lang='lat' dir='ltr'>vobis</span> <span class='ocrx_word' id='word_1_83' title='bbox 656 824 879 868; x_wconf 81' lang='lat' dir='ltr'>thesauros</span> <span class='ocrx_word' id='word_1_84' title='bbox 896 824 941 867; x_wconf 89' lang='lat' dir='ltr'>in</span> <span class='ocrx_word' id='word_1_85' title='bbox 963 825 1076 869; x_wconf 83' lang='lat' dir='ltr'>coelo</span> <span class='ocrx_word' id='word_1_86' title='bbox 1091 860 1101 880; x_wconf 90' lang='lat'>,</span> <span class='ocrx_word' id='word_1_87' title='bbox 1127 842 1216 886; x_wconf 89' lang='lat' dir='ltr'>quo</span> <span class='ocrx_word' id='word_1_88' title='bbox 1236 825 1308 870; x_wconf 87' lang='lat' dir='ltr'>fur</span> <span class='ocrx_word' id='word_1_89' title='bbox 1330 842 1419 871; x_wconf 90' lang='lat' dir='ltr'>non</span> <span class='ocrx_word' id='word_1_90' title='bbox 1440 843 1508 873; x_wconf 88' lang='lat' dir='ltr'>ac-</span> 
     </span>
     <span class='ocr_line' id='line_1_12' title="bbox 132 892 1508 956; baseline 0.007 -22"><span class='ocrx_word' id='word_1_91' title='bbox 132 911 154 934; x_wconf 90' lang='lat'>»</span> <span class='ocrx_word' id='word_1_92' title='bbox 188 892 354 938; x_wconf 84' lang='lat' dir='ltr'>cedat¹.</span> <span class='ocrx_word' id='word_1_93' title='bbox 378 912 398 935; x_wconf 91' lang='lat'>»</span> <span class='ocrx_word' id='word_1_94' title='bbox 428 897 550 938; x_wconf 86' lang='lat' dir='ltr'>Tunc</span> <span class='ocrx_word' id='word_1_95' title='bbox 572 904 701 939; x_wconf 89' lang='lat' dir='ltr'>erunt</span> <span class='ocrx_word' id='word_1_96' title='bbox 723 895 910 950; x_wconf 78' lang='lat' dir='ltr'>divitiae,</span> <span class='ocrx_word' id='word_1_97' title='bbox 946 895 1122 955; x_wconf 89' lang='lat' dir='ltr'>quando</span> <span class='ocrx_word' id='word_1_98' title='bbox 1150 912 1219 941; x_wconf 87' lang='lat' dir='ltr'>eas</span> <span class='ocrx_word' id='word_1_99' title='bbox 1248 898 1508 956; x_wconf 84' lang='lat' dir='ltr'>migraveris.</span> 
     </span>
     <span class='ocr_line' id='line_1_13' title="bbox 129 965 1513 1021; baseline 0.004 -13"><span class='ocrx_word' id='word_1_100' title='bbox 129 965 335 1018; x_wconf 86' lang='lat' dir='ltr'>Quandiu</span> <span class='ocrx_word' id='word_1_101' title='bbox 351 966 395 1010; x_wconf 90' lang='lat' dir='ltr'>in</span> <span class='ocrx_word' id='word_1_102' title='bbox 416 975 529 1009; x_wconf 87' lang='lat' dir='ltr'>terra</span> <span class='ocrx_word' id='word_1_103' title='bbox 551 975 653 1010; x_wconf 87' lang='lat' dir='ltr'>sunt</span> <span class='ocrx_word' id='word_1_104' title='bbox 667 1000 679 1021; x_wconf 95' lang='lat'>,</span> <span class='ocrx_word' id='word_1_105' title='bbox 703 965 865 1010; x_wconf 82' lang='lat' dir='ltr'>divitiae</span> <span class='ocrx_word' id='word_1_106' title='bbox 887 981 979 1011; x_wconf 90' lang='lat' dir='ltr'>non</span> <span class='ocrx_word' id='word_1_107' title='bbox 999 976 1115 1011; x_wconf 90' lang='lat' dir='ltr'>sunt.</span> <span class='ocrx_word' id='word_1_108' title='bbox 1144 968 1228 1012; x_wconf 89' lang='lat' dir='ltr'>Sed</span> <span class='ocrx_word' id='word_1_109' title='bbox 1244 967 1411 1014; x_wconf 86' lang='lat' dir='ltr'>divitias</span> <span class='ocrx_word' id='word_1_110' title='bbox 1432 985 1513 1014; x_wconf 88' lang='lat' dir='ltr'>vo-</span> 
     </span>
     <span class='ocr_line' id='line_1_14' title="bbox 129 1035 1512 1096; baseline 0.004 -17"><span class='ocrx_word' id='word_1_111' title='bbox 129 1044 200 1080; x_wconf 88' lang='lat' dir='ltr'>cat</span> <span class='ocrx_word' id='word_1_112' title='bbox 219 1035 312 1080; x_wconf 87' lang='lat' dir='ltr'>illas</span> <span class='ocrx_word' id='word_1_113' title='bbox 349 1035 560 1090; x_wconf 84' lang='lat' dir='ltr'>mundus,</span> <span class='ocrx_word' id='word_1_114' title='bbox 593 1036 799 1096; x_wconf 83' lang='lat' dir='ltr'>iniquitas</span> <span class='ocrx_word' id='word_1_115' title='bbox 822 1047 963 1082; x_wconf 82' lang='lat' dir='ltr'>vocat.</span> <span class='ocrx_word' id='word_1_116' title='bbox 989 1040 1103 1082; x_wconf 89' lang='lat' dir='ltr'>Deus</span> <span class='ocrx_word' id='word_1_117' title='bbox 1134 1037 1234 1084; x_wconf 90' lang='lat' dir='ltr'>ideo</span> <span class='ocrx_word' id='word_1_118' title='bbox 1264 1054 1512 1085; x_wconf 81' lang='lat' dir='ltr'>mammona</span> 
     </span>
     <span class='ocr_line' id='line_1_15' title="bbox 125 1106 1509 1168; baseline 0.005 -18"><span class='ocrx_word' id='word_1_119' title='bbox 125 1107 366 1167; x_wconf 82' lang='lat' dir='ltr'>iniquitatis</span> <span class='ocrx_word' id='word_1_120' title='bbox 381 1143 392 1162; x_wconf 90' lang='lat'>,</span> <span class='ocrx_word' id='word_1_121' title='bbox 418 1108 520 1167; x_wconf 83' lang='lat' dir='ltr'>quia</span> <span class='ocrx_word' id='word_1_122' title='bbox 542 1106 711 1152; x_wconf 85' lang='lat' dir='ltr'>divitias</span> <span class='ocrx_word' id='word_1_123' title='bbox 733 1107 826 1152; x_wconf 86' lang='lat' dir='ltr'>illas</span> <span class='ocrx_word' id='word_1_124' title='bbox 847 1118 973 1153; x_wconf 87' lang='lat' dir='ltr'>vocat</span> <span class='ocrx_word' id='word_1_125' title='bbox 990 1109 1209 1168; x_wconf 89' lang='lat' dir='ltr'>iniquitas.</span> <span class='ocrx_word' id='word_1_126' title='bbox 1242 1109 1357 1154; x_wconf 91' lang='lat' dir='ltr'>Audi</span> <span class='ocrx_word' id='word_1_127' title='bbox 1390 1112 1509 1157; x_wconf 90' lang='lat' dir='ltr'>Psal-</span> 
     </span>
     <span class='ocr_line' id='line_1_16' title="bbox 128 1176 1508 1237; baseline 0.002 -15"><span class='ocrx_word' id='word_1_128' title='bbox 128 1192 251 1222; x_wconf 90' lang='lat' dir='ltr'>mum</span> <span class='ocrx_word' id='word_1_129' title='bbox 273 1197 282 1222; x_wconf 89' lang='lat'>:</span> <span class='ocrx_word' id='word_1_130' title='bbox 306 1197 326 1220; x_wconf 91' lang='lat'>«</span> <span class='ocrx_word' id='word_1_131' title='bbox 347 1177 531 1222; x_wconf 83' lang='lat' dir='ltr'>Domine</span> <span class='ocrx_word' id='word_1_132' title='bbox 545 1213 554 1231; x_wconf 90' lang='lat'>,</span> <span class='ocrx_word' id='word_1_133' title='bbox 578 1176 715 1221; x_wconf 88' lang='lat' dir='ltr'>libera</span> <span class='ocrx_word' id='word_1_134' title='bbox 731 1193 802 1221; x_wconf 89' lang='lat' dir='ltr'>me</span> <span class='ocrx_word' id='word_1_135' title='bbox 820 1177 874 1221; x_wconf 92' lang='lat' dir='ltr'>de</span> <span class='ocrx_word' id='word_1_136' title='bbox 891 1193 1025 1222; x_wconf 90' lang='lat' dir='ltr'>manu</span> <span class='ocrx_word' id='word_1_137' title='bbox 1041 1178 1228 1223; x_wconf 86' lang='lat' dir='ltr'>filiorum</span> <span class='ocrx_word' id='word_1_138' title='bbox 1249 1179 1508 1237; x_wconf 88' lang='lat' dir='ltr'>alienorum,</span> 
     </span>
     <span class='ocr_line' id='line_1_17' title="bbox 130 1247 1509 1309; baseline 0.005 -20"><span class='ocrx_word' id='word_1_139' title='bbox 130 1266 152 1289; x_wconf 93' lang='lat'>»</span> <span class='ocrx_word' id='word_1_140' title='bbox 187 1264 374 1309; x_wconf 89' lang='lat' dir='ltr'>quorum</span> <span class='ocrx_word' id='word_1_141' title='bbox 399 1264 445 1292; x_wconf 89' lang='lat' dir='ltr'>os</span> <span class='ocrx_word' id='word_1_142' title='bbox 477 1247 675 1292; x_wconf 86' lang='lat' dir='ltr'>locutum</span> <span class='ocrx_word' id='word_1_143' title='bbox 705 1257 765 1292; x_wconf 90' lang='lat' dir='ltr'>est</span> <span class='ocrx_word' id='word_1_144' title='bbox 787 1248 1049 1306; x_wconf 78' lang='lat' dir='ltr'>vanitatem3</span> <span class='ocrx_word' id='word_1_145' title='bbox 1074 1258 1118 1293; x_wconf 84' lang='lat' dir='ltr'>et</span> <span class='ocrx_word' id='word_1_146' title='bbox 1151 1249 1326 1295; x_wconf 79' lang='lat' dir='ltr'>dextera</span> <span class='ocrx_word' id='word_1_147' title='bbox 1360 1266 1509 1296; x_wconf 90' lang='lat' dir='ltr'>eorum</span> 
     </span>
     <span class='ocr_line' id='line_1_18' title="bbox 131 1318 1512 1378; baseline 0.005 -19"><span class='ocrx_word' id='word_1_148' title='bbox 131 1336 152 1359; x_wconf 95' lang='lat'>»</span> <span class='ocrx_word' id='word_1_149' title='bbox 187 1319 362 1364; x_wconf 79' lang='lat' dir='ltr'>dextera</span> <span class='ocrx_word' id='word_1_150' title='bbox 384 1318 640 1378; x_wconf 82' lang='lat' dir='ltr'>iniquitatis.</span> <span class='ocrx_word' id='word_1_151' title='bbox 668 1320 867 1371; x_wconf 89' lang='lat' dir='ltr'>Quorum</span> <span class='ocrx_word' id='word_1_152' title='bbox 899 1318 977 1362; x_wconf 85' lang='lat' dir='ltr'>filii</span> <span class='ocrx_word' id='word_1_153' title='bbox 999 1320 1110 1363; x_wconf 89' lang='lat' dir='ltr'>sicut</span> <span class='ocrx_word' id='word_1_154' title='bbox 1130 1319 1314 1364; x_wconf 83' lang='lat' dir='ltr'>novellae</span> <span class='ocrx_word' id='word_1_155' title='bbox 1338 1331 1512 1366; x_wconf 85' lang='lat' dir='ltr'>consta-</span> 
     </span>
     <span class='ocr_line' id='line_1_19' title="bbox 130 1387 1510 1448; baseline 0.005 -19"><span class='ocrx_word' id='word_1_156' title='bbox 130 1407 151 1430; x_wconf 90' lang='lat'>»</span> <span class='ocrx_word' id='word_1_157' title='bbox 186 1388 321 1433; x_wconf 87' lang='lat' dir='ltr'>bilitae</span> <span class='ocrx_word' id='word_1_158' title='bbox 339 1404 361 1432; x_wconf 90' lang='lat' dir='ltr'>a</span> <span class='ocrx_word' id='word_1_159' title='bbox 373 1390 605 1448; x_wconf 79' lang='lat' dir='ltr'>juventute</span> <span class='ocrx_word' id='word_1_160' title='bbox 619 1403 711 1431; x_wconf 88' lang='lat' dir='ltr'>sua.</span> <span class='ocrx_word' id='word_1_161' title='bbox 728 1387 852 1432; x_wconf 83' lang='lat' dir='ltr'>Filiae</span> <span class='ocrx_word' id='word_1_162' title='bbox 869 1403 1020 1432; x_wconf 87' lang='lat' dir='ltr'>eorum</span> <span class='ocrx_word' id='word_1_163' title='bbox 1037 1390 1304 1448; x_wconf 86' lang='lat' dir='ltr'>compositae‚</span> <span class='ocrx_word' id='word_1_164' title='bbox 1323 1392 1510 1436; x_wconf 88' lang='lat' dir='ltr'>circum-</span> 
     </span>
     <span class='ocr_line' id='line_1_20' title="bbox 129 1456 1508 1520; baseline 0.004 -20"><span class='ocrx_word' id='word_1_165' title='bbox 129 1478 149 1500; x_wconf 91' lang='lat'>»</span> <span class='ocrx_word' id='word_1_166' title='bbox 172 1469 336 1504; x_wconf 84' lang='lat' dir='ltr'>ornatae</span> <span class='ocrx_word' id='word_1_167' title='bbox 368 1459 478 1503; x_wconf 85' lang='lat' dir='ltr'>sicut</span> <span class='ocrx_word' id='word_1_168' title='bbox 503 1456 741 1502; x_wconf 79' lang='lat' dir='ltr'>similitudo</span> <span class='ocrx_word' id='word_1_169' title='bbox 771 1457 937 1516; x_wconf 82' lang='lat' dir='ltr'>templi.</span> <span class='ocrx_word' id='word_1_170' title='bbox 969 1458 1152 1503; x_wconf 87' lang='lat' dir='ltr'>Cellaria</span> <span class='ocrx_word' id='word_1_171' title='bbox 1189 1475 1341 1504; x_wconf 90' lang='lat' dir='ltr'>eorum</span> <span class='ocrx_word' id='word_1_172' title='bbox 1364 1462 1508 1520; x_wconf 86' lang='lat' dir='ltr'>plena,</span> 
     </span>
     <span class='ocr_line' id='line_1_21' title="bbox 130 1527 1512 1584; baseline 0.004 -13"><span class='ocrx_word' id='word_1_173' title='bbox 130 1548 150 1571; x_wconf 89' lang='lat'>»</span> <span class='ocrx_word' id='word_1_174' title='bbox 172 1530 410 1574; x_wconf 84' lang='lat' dir='ltr'>eructantia</span> <span class='ocrx_word' id='word_1_175' title='bbox 423 1545 473 1573; x_wconf 79' lang='lat' dir='ltr'>ex</span> <span class='ocrx_word' id='word_1_176' title='bbox 485 1529 568 1572; x_wconf 89' lang='lat' dir='ltr'>hoc</span> <span class='ocrx_word' id='word_1_177' title='bbox 582 1529 626 1572; x_wconf 87' lang='lat' dir='ltr'>in</span> <span class='ocrx_word' id='word_1_178' title='bbox 639 1527 908 1573; x_wconf 85' lang='lat' dir='ltr'>illud.B0ves</span> <span class='ocrx_word' id='word_1_179' title='bbox 919 1543 1070 1572; x_wconf 89' lang='lat' dir='ltr'>eorum</span> <span class='ocrx_word' id='word_1_180' title='bbox 1084 1530 1229 1584; x_wconf 88' lang='lat' dir='ltr'>crassi,</span> <span class='ocrx_word' id='word_1_181' title='bbox 1250 1545 1349 1574; x_wconf 87' lang='lat' dir='ltr'>oves</span> <span class='ocrx_word' id='word_1_182' title='bbox 1361 1546 1512 1576; x_wconf 88' lang='lat' dir='ltr'>eorum</span> 
     </span>
     <span class='ocr_line' id='line_1_22' title="bbox 131 1598 1512 1658; baseline 0.004 -16"><span class='ocrx_word' id='word_1_183' title='bbox 131 1618 152 1642; x_wconf 92' lang='lat'>»</span> <span class='ocrx_word' id='word_1_184' title='bbox 176 1599 419 1655; x_wconf 83' lang='lat' dir='ltr'>foecundae,</span> <span class='ocrx_word' id='word_1_185' title='bbox 445 1598 742 1658; x_wconf 69' lang='lat' dir='ltr'>multiplicatae</span> <span class='ocrx_word' id='word_1_186' title='bbox 763 1598 810 1642; x_wconf 88' lang='lat' dir='ltr'>in</span> <span class='ocrx_word' id='word_1_187' title='bbox 823 1599 1051 1643; x_wconf 87' lang='lat' dir='ltr'>itineribus</span> <span class='ocrx_word' id='word_1_188' title='bbox 1067 1600 1168 1644; x_wconf 86' lang='lat' dir='ltr'>suis.</span> <span class='ocrx_word' id='word_1_189' title='bbox 1192 1603 1290 1646; x_wconf 91' lang='lat' dir='ltr'>Non</span> <span class='ocrx_word' id='word_1_190' title='bbox 1308 1611 1371 1646; x_wconf 90' lang='lat' dir='ltr'>est</span> <span class='ocrx_word' id='word_1_191' title='bbox 1385 1603 1512 1647; x_wconf 87' lang='lat' dir='ltr'>ruina</span> 
     </span>
     <span class='ocr_line' id='line_1_23' title="bbox 132 1669 1511 1730; baseline 0.003 -17"><span class='ocrx_word' id='word_1_192' title='bbox 132 1690 153 1713; x_wconf 90' lang='lat'>»</span> <span class='ocrx_word' id='word_1_193' title='bbox 179 1672 398 1725; x_wconf 83' lang='lat' dir='ltr'>maceriae,</span> <span class='ocrx_word' id='word_1_194' title='bbox 433 1685 576 1730; x_wconf 85' lang='lat' dir='ltr'>neque</span> <span class='ocrx_word' id='word_1_195' title='bbox 596 1669 820 1724; x_wconf 75' lang='lat' dir='ltr'>transitus,</span> <span class='ocrx_word' id='word_1_196' title='bbox 844 1684 987 1729; x_wconf 88' lang='lat' dir='ltr'>neque</span> <span class='ocrx_word' id='word_1_197' title='bbox 1011 1669 1174 1714; x_wconf 87' lang='lat' dir='ltr'>clamor</span> <span class='ocrx_word' id='word_1_198' title='bbox 1194 1670 1240 1714; x_wconf 87' lang='lat' dir='ltr'>in</span> <span class='ocrx_word' id='word_1_199' title='bbox 1260 1670 1412 1730; x_wconf 88' lang='lat' dir='ltr'>plateis</span> <span class='ocrx_word' id='word_1_200' title='bbox 1434 1688 1511 1718; x_wconf 90' lang='lat' dir='ltr'>eo-</span> 
     </span>
     <span class='ocr_line' id='line_1_24' title="bbox 132 1737 1506 1801; baseline 0.004 -18"><span class='ocrx_word' id='word_1_201' title='bbox 132 1760 152 1783; x_wconf 85' lang='lat'>»</span> <span class='ocrx_word' id='word_1_202' title='bbox 175 1757 274 1787; x_wconf 89' lang='lat' dir='ltr'>rum</span> <span class='ocrx_word' id='word_1_203' title='bbox 286 1744 318 1785; x_wconf 80' lang='lat'>².</span> <span class='ocrx_word' id='word_1_204' title='bbox 337 1741 521 1786; x_wconf 84' lang='lat' dir='ltr'>»Vidisti</span> <span class='ocrx_word' id='word_1_205' title='bbox 535 1740 755 1784; x_wconf 83' lang='lat' dir='ltr'>Psaimum</span> <span class='ocrx_word' id='word_1_206' title='bbox 766 1773 777 1794; x_wconf 93' lang='lat'>,</span> <span class='ocrx_word' id='word_1_207' title='bbox 793 1737 966 1798; x_wconf 86' lang='lat' dir='ltr'>qualem</span> <span class='ocrx_word' id='word_1_208' title='bbox 983 1739 1234 1784; x_wconf 85' lang='lat' dir='ltr'>felicitatem</span> <span class='ocrx_word' id='word_1_209' title='bbox 1249 1740 1475 1801; x_wconf 87' lang='lat' dir='ltr'>descripsit</span> <span class='ocrx_word' id='word_1_210' title='bbox 1495 1763 1506 1789; x_wconf 90' lang='grc'>;</span> 
     </span>
     <span class='ocr_line' id='line_1_25' title="bbox 130 1809 1511 1874; baseline 0 -17"><span class='ocrx_word' id='word_1_211' title='bbox 130 1813 206 1859; x_wconf 90' lang='lat' dir='ltr'>sed</span> <span class='ocrx_word' id='word_1_212' title='bbox 226 1815 328 1861; x_wconf 88' lang='lat' dir='ltr'>audi</span> <span class='ocrx_word' id='word_1_213' title='bbox 349 1814 457 1874; x_wconf 87' lang='lat' dir='ltr'>quid</span> <span class='ocrx_word' id='word_1_214' title='bbox 471 1814 540 1864; x_wconf 81' lang='lat' dir='ltr'>sit,</span> <span class='ocrx_word' id='word_1_215' title='bbox 564 1827 673 1872; x_wconf 86' lang='lat' dir='ltr'>quos</span> <span class='ocrx_word' id='word_1_216' title='bbox 691 1810 915 1871; x_wconf 86' lang='lat' dir='ltr'>proposuit</span> <span class='ocrx_word' id='word_1_217' title='bbox 932 1810 1042 1855; x_wconf 86' lang='lat' dir='ltr'>filios</span> <span class='ocrx_word' id='word_1_218' title='bbox 1062 1809 1317 1869; x_wconf 86' lang='lat' dir='ltr'>iniquitatis.</span> <span class='ocrx_word' id='word_1_219' title='bbox 1346 1830 1365 1854; x_wconf 82' lang='lat'>«</span> <span class='ocrx_word' id='word_1_220' title='bbox 1391 1815 1511 1865; x_wconf 88' lang='lat' dir='ltr'>Quo-</span> 
     </span>
     <span class='ocr_line' id='line_1_26' title="bbox 132 1880 1509 1936; baseline 0.001 -10"><span class='ocrx_word' id='word_1_221' title='bbox 132 1903 154 1927; x_wconf 89' lang='lat'>»</span> <span class='ocrx_word' id='word_1_222' title='bbox 189 1901 286 1930; x_wconf 84' lang='lat' dir='ltr'>rum</span> <span class='ocrx_word' id='word_1_223' title='bbox 310 1901 357 1930; x_wconf 89' lang='lat' dir='ltr'>os</span> <span class='ocrx_word' id='word_1_224' title='bbox 377 1885 577 1930; x_wconf 78' lang='lat' dir='ltr'>locutum</span> <span class='ocrx_word' id='word_1_225' title='bbox 599 1892 660 1927; x_wconf 87' lang='lat' dir='ltr'>est</span> <span class='ocrx_word' id='word_1_226' title='bbox 682 1882 915 1926; x_wconf 86' lang='lat' dir='ltr'>vanitatem</span> <span class='ocrx_word' id='word_1_227' title='bbox 936 1916 946 1936; x_wconf 90' lang='lat'>,</span> <span class='ocrx_word' id='word_1_228' title='bbox 971 1890 1015 1925; x_wconf 91' lang='lat' dir='ltr'>et</span> <span class='ocrx_word' id='word_1_229' title='bbox 1035 1880 1209 1924; x_wconf 83' lang='lat' dir='ltr'>dextera</span> <span class='ocrx_word' id='word_1_230' title='bbox 1231 1896 1380 1926; x_wconf 88' lang='lat' dir='ltr'>eorum</span> <span class='ocrx_word' id='word_1_231' title='bbox 1402 1882 1509 1928; x_wconf 83' lang='lat' dir='ltr'>dex-</span> 
     </span>
     <span class='ocr_line' id='line_1_27' title="bbox 133 1951 1507 2017; baseline 0 -19"><span class='ocrx_word' id='word_1_232' title='bbox 133 1975 153 1999; x_wconf 90' lang='lat'>»</span> <span class='ocrx_word' id='word_1_233' title='bbox 190 1966 278 2001; x_wconf 86' lang='lat' dir='ltr'>tera</span> <span class='ocrx_word' id='word_1_234' title='bbox 307 1956 561 2017; x_wconf 87' lang='lat' dir='ltr'>iniquitatis.</span> <span class='ocrx_word' id='word_1_235' title='bbox 592 1973 612 1995; x_wconf 91' lang='lat'>»</span> <span class='ocrx_word' id='word_1_236' title='bbox 635 1957 753 2013; x_wconf 89' lang='lat' dir='ltr'>Ipsos</span> <span class='ocrx_word' id='word_1_237' title='bbox 773 1953 998 2013; x_wconf 86' lang='lat' dir='ltr'>proposuit</span> <span class='ocrx_word' id='word_1_238' title='bbox 1015 1987 1025 2005; x_wconf 90' lang='lat'>‚</span> <span class='ocrx_word' id='word_1_239' title='bbox 1057 1960 1100 1996; x_wconf 88' lang='lat' dir='ltr'>et</span> <span class='ocrx_word' id='word_1_240' title='bbox 1122 1951 1234 1995; x_wconf 75' lang='lat' dir='ltr'>dixit</span> <span class='ocrx_word' id='word_1_241' title='bbox 1253 1951 1507 1998; x_wconf 87' lang='lat' dir='ltr'>felicitatem</span> 
     </span>
     <span class='ocr_line' id='line_1_28' title="bbox 130 2022 1508 2085; baseline -0.003 -12"><span class='ocrx_word' id='word_1_242' title='bbox 130 2044 281 2073; x_wconf 87' lang='lat' dir='ltr'>eorum</span> <span class='ocrx_word' id='word_1_243' title='bbox 303 2037 472 2072; x_wconf 83' lang='lat' dir='ltr'>tantum</span> <span class='ocrx_word' id='word_1_244' title='bbox 494 2042 622 2085; x_wconf 89' lang='lat' dir='ltr'>super</span> <span class='ocrx_word' id='word_1_245' title='bbox 640 2035 813 2069; x_wconf 89' lang='lat' dir='ltr'>terram.</span> <span class='ocrx_word' id='word_1_246' title='bbox 831 2027 887 2069; x_wconf 90' lang='lat' dir='ltr'>Et</span> <span class='ocrx_word' id='word_1_247' title='bbox 904 2022 1010 2083; x_wconf 89' lang='lat' dir='ltr'>quid</span> <span class='ocrx_word' id='word_1_248' title='bbox 1031 2022 1257 2082; x_wconf 78' lang='lat' dir='ltr'>adjunxit?</span> <span class='ocrx_word' id='word_1_249' title='bbox 1281 2041 1300 2064; x_wconf 92' lang='lat'>«</span> <span class='ocrx_word' id='word_1_250' title='bbox 1325 2026 1508 2069; x_wconf 89' lang='lat' dir='ltr'>Beatum</span> 
     </span>
     <span class='ocr_line' id='line_1_29' title="bbox 132 2092 1508 2158; baseline -0.005 -14"><span class='ocrx_word' id='word_1_251' title='bbox 132 2117 152 2140; x_wconf 85' lang='lat'>»</span> <span class='ocrx_word' id='word_1_252' title='bbox 188 2098 391 2144; x_wconf 83' lang='lat' dir='ltr'>dixerunt</span> <span class='ocrx_word' id='word_1_253' title='bbox 423 2097 637 2158; x_wconf 87' lang='lat' dir='ltr'>populum</span> <span class='ocrx_word' id='word_1_254' title='bbox 658 2096 730 2141; x_wconf 85' lang='lat' dir='ltr'>cui</span> <span class='ocrx_word' id='word_1_255' title='bbox 748 2096 844 2139; x_wconf 86' lang='lat' dir='ltr'>haec</span> <span class='ocrx_word' id='word_1_256' title='bbox 868 2102 984 2138; x_wconf 88' lang='lat' dir='ltr'>sunt.</span> <span class='ocrx_word' id='word_1_257' title='bbox 1013 2111 1034 2134; x_wconf 87' lang='lat'>»</span> <span class='ocrx_word' id='word_1_258' title='bbox 1062 2092 1145 2137; x_wconf 87' lang='lat' dir='ltr'>Sed</span> <span class='ocrx_word' id='word_1_259' title='bbox 1173 2093 1248 2152; x_wconf 90' lang='lat' dir='ltr'>qui</span> <span class='ocrx_word' id='word_1_260' title='bbox 1276 2092 1508 2139; x_wconf 77' lang='lat' dir='ltr'>dixerunt?</span> 
     </span>
     <span class='ocr_line' id='line_1_30' title="bbox 128 2162 1505 2227; baseline -0.005 -12"><span class='ocrx_word' id='word_1_261' title='bbox 128 2169 227 2215; x_wconf 85' lang='lat' dir='ltr'>Filii</span> <span class='ocrx_word' id='word_1_262' title='bbox 257 2170 411 2224; x_wconf 83' lang='lat' dir='ltr'>alieni,</span> <span class='ocrx_word' id='word_1_263' title='bbox 451 2169 731 2227; x_wconf 70' lang='lat' dir='ltr'>alienigenae,</span> <span class='ocrx_word' id='word_1_264' title='bbox 769 2175 812 2210; x_wconf 85' lang='lat' dir='ltr'>et</span> <span class='ocrx_word' id='word_1_265' title='bbox 843 2180 932 2209; x_wconf 89' lang='lat' dir='ltr'>non</span> <span class='ocrx_word' id='word_1_266' title='bbox 970 2163 1236 2223; x_wconf 86' lang='lat' dir='ltr'>pertinentes</span> <span class='ocrx_word' id='word_1_267' title='bbox 1269 2162 1324 2207; x_wconf 89' lang='lat' dir='ltr'>ad</span> <span class='ocrx_word' id='word_1_268' title='bbox 1357 2179 1505 2208; x_wconf 89' lang='lat' dir='ltr'>semen</span> 
     </span>
     <span class='ocr_line' id='line_1_31' title="bbox 128 2234 1505 2300; baseline -0.005 -14"><span class='ocrx_word' id='word_1_269' title='bbox 128 2241 318 2286; x_wconf 80' lang='lat' dir='ltr'>Abrahae</span> <span class='ocrx_word' id='word_1_270' title='bbox 341 2260 350 2286; x_wconf 92' lang='lat'>:</span> <span class='ocrx_word' id='word_1_271' title='bbox 373 2241 453 2300; x_wconf 90' lang='lat' dir='ltr'>ipsi</span> <span class='ocrx_word' id='word_1_272' title='bbox 476 2239 678 2284; x_wconf 81' lang='lat' dir='ltr'>dixerunt</span> <span class='ocrx_word' id='word_1_273' title='bbox 698 2236 911 2297; x_wconf 88' lang='lat' dir='ltr'>populum</span> <span class='ocrx_word' id='word_1_274' title='bbox 939 2235 1116 2280; x_wconf 81' lang='lat' dir='ltr'>beatum</span> <span class='ocrx_word' id='word_1_275' title='bbox 1132 2269 1143 2289; x_wconf 94' lang='lat'>,</span> <span class='ocrx_word' id='word_1_276' title='bbox 1180 2234 1249 2278; x_wconf 88' lang='lat' dir='ltr'>cui</span> <span class='ocrx_word' id='word_1_277' title='bbox 1270 2234 1364 2279; x_wconf 84' lang='lat' dir='ltr'>haec</span> <span class='ocrx_word' id='word_1_278' title='bbox 1387 2244 1505 2280; x_wconf 89' lang='lat' dir='ltr'>sunt.</span> 
     </span>
     <span class='ocr_line' id='line_1_32' title="bbox 126 2303 1506 2364; baseline -0.007 -6"><span class='ocrx_word' id='word_1_279' title='bbox 126 2311 210 2364; x_wconf 81' lang='lat' dir='ltr'>Qui</span> <span class='ocrx_word' id='word_1_280' title='bbox 222 2311 500 2357; x_wconf 54' lang='lat' dir='ltr'>dixeruntY«</span> <span class='ocrx_word' id='word_1_281' title='bbox 512 2313 710 2364; x_wconf 82' lang='lat' dir='ltr'>Quorum</span> <span class='ocrx_word' id='word_1_282' title='bbox 722 2323 768 2352; x_wconf 90' lang='lat' dir='ltr'>os</span> <span class='ocrx_word' id='word_1_283' title='bbox 779 2307 976 2351; x_wconf 88' lang='lat' dir='ltr'>locutum</span> <span class='ocrx_word' id='word_1_284' title='bbox 993 2313 1057 2348; x_wconf 85' lang='lat' dir='ltr'>est</span> <span class='ocrx_word' id='word_1_285' title='bbox 1077 2303 1367 2348; x_wconf 86' lang='lat' dir='ltr'>vanitatem.»</span> <span class='ocrx_word' id='word_1_286' title='bbox 1390 2307 1506 2363; x_wconf 82' lang='lat' dir='ltr'>Ergo</span> 
     </span>
     <span class='ocr_line' id='line_1_33' title="bbox 125 2372 1507 2437; baseline -0.004 -12"><span class='ocrx_word' id='word_1_287' title='bbox 125 2396 288 2427; x_wconf 85' lang='lat' dir='ltr'>vanum</span> <span class='ocrx_word' id='word_1_288' title='bbox 305 2391 396 2437; x_wconf 84' lang='lat' dir='ltr'>est,</span> <span class='ocrx_word' id='word_1_289' title='bbox 432 2381 573 2425; x_wconf 87' lang='lat' dir='ltr'>dicere</span> <span class='ocrx_word' id='word_1_290' title='bbox 604 2379 755 2437; x_wconf 83' lang='lat' dir='ltr'>beatos</span> <span class='ocrx_word' id='word_1_291' title='bbox 793 2392 881 2421; x_wconf 90' lang='lat' dir='ltr'>esse</span> <span class='ocrx_word' id='word_1_292' title='bbox 903 2390 974 2419; x_wconf 88' lang='lat' dir='ltr'>eos</span> <span class='ocrx_word' id='word_1_293' title='bbox 1006 2373 1166 2434; x_wconf 88' lang='lat' dir='ltr'>quibus</span> <span class='ocrx_word' id='word_1_294' title='bbox 1188 2372 1282 2417; x_wconf 87' lang='lat' dir='ltr'>haec</span> <span class='ocrx_word' id='word_1_295' title='bbox 1309 2383 1424 2418; x_wconf 87' lang='lat' dir='ltr'>sunt.</span> <span class='ocrx_word' id='word_1_296' title='bbox 1449 2378 1507 2420; x_wconf 92' lang='lat' dir='ltr'>Et</span> 
     </span>
     <span class='ocr_line' id='line_1_34' title="bbox 127 2443 1503 2508; baseline -0.007 -12"><span class='ocrx_word' id='word_1_297' title='bbox 127 2460 274 2499; x_wconf 87' lang='lat' dir='ltr'>tamen</span> <span class='ocrx_word' id='word_1_298' title='bbox 292 2452 452 2498; x_wconf 86' lang='lat' dir='ltr'>dicitur</span> <span class='ocrx_word' id='word_1_299' title='bbox 464 2452 520 2496; x_wconf 87' lang='lat' dir='ltr'>ab</span> <span class='ocrx_word' id='word_1_300' title='bbox 535 2451 610 2504; x_wconf 88' lang='lat' dir='ltr'>eis,</span> <span class='ocrx_word' id='word_1_301' title='bbox 630 2451 851 2502; x_wconf 85' lang='lat' dir='ltr'>«Quorum</span> <span class='ocrx_word' id='word_1_302' title='bbox 870 2461 916 2491; x_wconf 92' lang='lat' dir='ltr'>os</span> <span class='ocrx_word' id='word_1_303' title='bbox 929 2444 1132 2490; x_wconf 87' lang='lat' dir='ltr'>locutum</span> <span class='ocrx_word' id='word_1_304' title='bbox 1145 2451 1209 2488; x_wconf 88' lang='lat' dir='ltr'>est</span> <span class='ocrx_word' id='word_1_305' title='bbox 1221 2443 1503 2508; x_wconf 83' lang='lat' dir='ltr'>vanitatem.»</span> 
     </span>
    </p>
   </div>
   <div class='ocr_carea' id='block_1_4' title="bbox 172 2532 901 2580">
    <p class='ocr_par' dir='ltr' id='par_1_5' title="bbox 172 2532 901 2580">
     <span class='ocr_line' id='line_1_35' title="bbox 172 2532 901 2580; baseline -0.014 -8"><span class='ocrx_word' id='word_1_306' title='bbox 172 2541 185 2559; x_wconf 79' lang='lat'>¹</span> <span class='ocrx_word' id='word_1_307' title='bbox 199 2539 309 2572; x_wconf 73' lang='lat' dir='ltr'>Matth.</span> <span class='ocrx_word' id='word_1_308' title='bbox 324 2550 372 2580; x_wconf 74' lang='lat' dir='ltr'>w,</span> <span class='ocrx_word' id='word_1_309' title='bbox 392 2548 444 2570; x_wconf 76' lang='lat'>20.</span> <span class='ocrx_word' id='word_1_310' title='bbox 466 2553 508 2559; x_wconf 95' lang='lat'>—</span> <span class='ocrx_word' id='word_1_311' title='bbox 527 2543 538 2558; x_wconf 87' lang='lat'>²</span> <span class='ocrx_word' id='word_1_312' title='bbox 559 2535 639 2567; x_wconf 77' lang='lat' dir='ltr'>Psal.</span> <span class='ocrx_word' id='word_1_313' title='bbox 656 2545 761 2574; x_wconf 73' lang='lat' dir='ltr'>cmii,</span> <span class='ocrx_word' id='word_1_314' title='bbox 785 2532 901 2564; x_wconf 83' lang='lat'>11-15.</span> 
     </span>
    </p>
   </div>
   <div class='ocr_carea' id='block_1_5' title="bbox 1229 2579 1296 2624">
    <p class='ocr_par' dir='ltr' id='par_1_6' title="bbox 1229 2579 1296 2624">
     <span class='ocr_line' id='line_1_36' title="bbox 1229 2579 1296 2624; baseline 0.03 -2"><span class='ocrx_word' id='word_1_315' title='bbox 1229 2579 1296 2624; x_wconf 72' lang='lat' dir='ltr'>&#39;⁴o.</span> 
     </span>
    </p>
   </div>
  </div>
 </body>
</html>
