1898 3178
355 253 438 290 620
779 262 811 290 s.
849 262 1078 292 Auens-run
1113 265 1291 292 EPISCOPI

354 329 496 387 agitur
511 363 521 382 ,
547 328 683 372 dixit?
708 331 800 372 Hoc
821 329 1049 374 nobiscum
1077 329 1268 374 tollimus
1284 365 1294 383 ,
1315 328 1436 389 quod
1451 329 1496 372 in
1519 330 1602 373 hoc
1623 337 1733 372 tem-

352 414 456 459 pore
475 400 584 443 bene
614 408 675 442 est
701 399 840 443 nobis.
862 400 947 453 Qui
975 401 1059 444 hoc
1082 399 1186 444 dicit
1208 436 1218 455 ,
1254 415 1433 444 uxorem
1464 398 1614 454 duxit,
1636 414 1734 443 car-

353 486 450 513 nem
473 468 760 528 amplexatur,
782 471 920 515 carnis
938 470 1234 530 voluptatibus
1244 470 1514 531 jucundatur
1530 505 1540 525 ,
1567 486 1589 513 a
1609 485 1736 514 coena

352 549 578 585 excusatur
600 541 797 585 observet
820 557 874 586 ne
897 541 1011 586 fame
1032 543 1235 587 interiore
1262 542 1484 586 moriatur.
1512 540 1736 585 Attendite

353 616 582 666 Joannem,
614 621 810 656 sanctum
831 613 1088 672 Apostolum
1113 623 1155 658 et
1173 612 1494 671 Evangelistam
1518 632 1527 657 ι
1555 611 1738 657 «Nolite

356 702 374 723 »
411 682 590 742 diligere
609 683 840 738 mundum,
861 700 939 728 nec
959 700 1006 728 ea
1028 701 1126 745 quae
1148 685 1193 728 in
1211 683 1378 728 mundo
1396 692 1497 727 sunt
1515 686 1544 726 ¹.
1566 701 1586 724 »
1607 684 1644 727 O
1662 683 1738 743 qui

353 755 406 798 ad
424 770 594 798 coenam
620 756 790 799 Domini
816 757 970 800 venitis
987 792 997 811 ,
1030 757 1163 801 nolite
1185 755 1364 813 diligere
1385 755 1625 810 mundum,
1657 769 1738 799 nec

352 842 399 870 ea
429 827 589 886 quaein
612 826 779 872 mundo
795 837 911 873 sunt.
946 830 1043 873 Non
1064 828 1172 871 dixit
1199 847 1207 872 ;
1236 826 1379 872 Nolite
1415 826 1606 883 habere,
1644 824 1736 880 sed,

357 916 376 939 «
409 897 552 942 Nolite
576 897 767 957 diligere.
797 918 816 939 »
845 899 1075 953 Habuisti,
1100 897 1352 958 possedisti,
1378 896 1578 942 dilexisti.
1605 899 1739 941 Amor

351 982 495 1011 rerum
510 976 797 1023 terrenarum,
817 969 983 1014 viscum
1002 978 1065 1013 est
1082 968 1336 1028 spiritalium
1353 982 1612 1026 pennarum.
1624 969 1739 1011 Ecce

351 1039 609 1098 concupisti,
650 1040 824 1084 haesisti.
869 1041 1021 1094 «Quis
1055 1039 1177 1084 dabit
1214 1039 1293 1083 tibi
1323 1054 1487 1098 pennas
1515 1039 1627 1083 sicut
1666 1053 1741 1083 co-

355 1128 374 1151 »
410 1110 499 1153 lum
508 1110 573 1153 bae
583 1111 622 1150 ²⁹?
638 1128 656 1150 »
675 1109 859 1162 Quando
873 1110 1054 1165 volabis,
1071 1110 1147 1154 ubi
1160 1125 1260 1154 vere
1273 1110 1514 1170 requiescas
1529 1112 1547 1151 ‘3
1561 1109 1740 1170 quando

351 1181 444 1234 hic,
469 1180 545 1224 ubi
575 1179 686 1224 male
708 1180 887 1236 haesisti,
925 1196 1124 1241 perverse
1155 1180 1423 1240 requiescere
1440 1179 1629 1224 voluisti.
1651 1182 1741 1225 No-

352 1250 427 1295 lite
459 1251 639 1310 diligere
657 1250 871 1296 mundum
890 1288 900 1307 ,
936 1253 1044 1297 tuba
1079 1251 1224 1296 divina
1263 1260 1340 1295 est.
1367 1251 1589 1297 Continuo
1610 1251 1741 1311 hujus

354 1322 471 1365 tubae
507 1322 649 1366 verbis
682 1321 777 1366 orbi
805 1331 1015 1367 terrarum
1051 1332 1093 1367 et
1126 1323 1330 1367 universo
1359 1321 1518 1366 dicitur
1547 1321 1737 1375 mundo,

352 1390 494 1436 Nolite
533 1391 711 1450 diligere
740 1391 978 1447 mundum,
1013 1408 1091 1437 nec
1132 1408 1180 1436 ea
1208 1408 1307 1451 quae
1339 1392 1384 1435 in
1422 1389 1588 1435 mundo
1619 1400 1734 1434 sunt.

352 1462 556 1521 Quisquis
592 1461 789 1506 dilexerit
822 1462 1066 1517 mundum,
1100 1478 1189 1507 non
1217 1471 1280 1506 est
1315 1462 1499 1505 charitas
1532 1462 1667 1504 Patris
1694 1461 1741 1504 in

352 1531 442 1575 illo.
490 1531 707 1584 Quoniam
740 1532 883 1576 omnia
917 1547 1016 1591 quae
1049 1533 1095 1575 in
1133 1530 1299 1575 mundo
1333 1539 1460 1585 sunt,
1505 1531 1739 1590 concupis-

354 1603 494 1646 centia
516 1603 654 1646 carnis
685 1611 811 1657 sunt,
843 1612 886 1646 et
911 1602 1260 1661 concupiscentia
1289 1601 1515 1646 oculorum
1533 1637 1544 1657 ,
1576 1611 1619 1646 et
1646 1617 1739 1646 am-

355 1673 460 1717 bitio
494 1671 653 1716 saeculi.
696 1673 764 1717 Ab
796 1674 884 1717 imo
916 1672 1072 1732 coepit,
1105 1689 1194 1733 quo
1217 1671 1503 1731 Evangelium
1528 1672 1736 1716 termina-

353 1743 428 1786 vit.
457 1742 564 1786 Inde
587 1742 658 1786 ille
687 1743 821 1802 coepit
839 1778 849 1796 ,
886 1743 961 1786 ubi
993 1742 1279 1800 Evangelium
1306 1743 1543 1786 terminum
1573 1742 1731 1801 posuit.

353 1814 714 1873 Concupiscentia
737 1815 898 1869 carnis,
923 1834 942 1855 «
972 1816 1157 1858 Uxorem
1177 1814 1294 1858 duxi.
1320 1833 1338 1854 n
1373 1813 1736 1872 Concupiscentia

355 1884 598 1939 oculorum,
625 1904 643 1925 «
669 1885 874 1944 Quinque
891 1886 993 1944 juga
1015 1883 1148 1929 boum
1167 1885 1266 1928 emi.
1306 1903 1324 1924 »
1356 1884 1549 1928 Ambitio
1570 1883 1732 1939 saeculi,

358 1975 376 1996 »
413 1955 569 1999 Villam
595 1956 694 1999 emi.
717 1974 736 1996 n

414 2029 514 2070 VII.
541 2027 645 2071 Ideo
673 2036 818 2071 autem
840 2042 864 2071 a
888 2036 1009 2086 parte
1032 2036 1172 2071 totum
1195 2041 1271 2086 per
1293 2026 1405 2071 solos
1438 2026 1586 2071 oculos
1614 2041 1737 2071 com-

355 2098 581 2142 memorati
598 2107 699 2141 sunt
727 2098 796 2141 isti
814 2113 988 2152 sensus,
1014 2099 1115 2157 quia
1138 2096 1366 2141 oculorum
1390 2106 1453 2141 est
1476 2098 1520 2141 in
1542 2097 1738 2158 quinque

355 2169 550 2213 sensibus
585 2169 865 2228 principatus.
899 2172 1126 2227 Propterea
1158 2183 1258 2212 cum
1293 2168 1466 2228 proprie
1498 2168 1553 2212 ad
1588 2167 1737 2213 oculos

356 2240 569 2299 pertineat
589 2241 728 2294 visus,
754 2240 896 2299 ipsum
927 2239 1073 2283 videre
1094 2254 1170 2298 per
1193 2255 1342 2283 omnes
1372 2239 1567 2299 quinque
1590 2255 1737 2284 sensus

356 2309 540 2354 solemus
558 2309 790 2369 appellare.
806 2310 1067 2362 Quomodo?
1085 2309 1229 2353 Primo
1252 2309 1372 2369 quod
1385 2308 1438 2353 ad
1461 2309 1573 2368 ipsos
1589 2309 1737 2354 oculos

356 2381 558 2439 pertinet,
579 2380 710 2425 dicis:
729 2381 839 2424 Vide
857 2396 989 2440 quam
1012 2380 1249 2424 candidum
1271 2389 1354 2434 est,
1380 2380 1557 2424 intende
1579 2389 1622 2425 et
1638 2380 1736 2425 vide

358 2465 488 2509 quam
522 2449 757 2495 candidum
789 2452 882 2494 est3
907 2470 915 2495 :
942 2451 1024 2495 hoc
1055 2449 1109 2494 ad
1142 2449 1288 2495 oculos
1320 2450 1521 2509 pertinet.
1551 2450 1666 2494 Audi
1694 2459 1736 2494 et

402 2546 414 2562 ¹
437 2556 446 2575 ι
469 2547 559 2576 Joan.
584 2557 620 2584 ιι,
651 2546 700 2577 15.
720 2563 761 2568 —
780 2553 792 2567 ²
812 2546 893 2577 Psal.
921 2557 984 2586 mv,
1004 2558 1034 2587 7.
1056 2563 1095 2568 —
1118 2544 1130 2567 3
1155 2547 1235 2578 Cod.
1255 2548 1339 2577 Cass.
1360 2558 1393 2585 ιι,
1413 2547 1466 2577 sol⁴
1492 2557 1573 2587 190:
1595 2546 1734 2578 Attende

360 2604 391 2630 et
408 2600 480 2631 vide
496 2611 588 2642 quam
612 2601 779 2633 candidum
799 2605 845 2633 est
863 2614 868 2632 :
890 2602 974 2642 audi,
996 2606 1059 2633 etc.
1084 2614 1099 2629 »
1118 2606 1151 2633 ut
1171 2602 1200 2632 in
1220 2602 1446 2634 Benedictinis.
