1898 3178
290 296 428 323 sssstmo
460 295 584 332 Lxxi,
620 296 672 321 DE
708 296 852 323 vensis
887 296 1049 322 MATOEH.
1087 295 1161 321 λιι.
1339 284 1421 321 305

48 374 136 403 non
159 368 341 404 mortem
363 359 459 404 vult
481 359 617 418 impii,
638 368 854 417 quantum
873 369 922 403 ut
942 367 1180 404 revertatur
1197 367 1240 401 et
1259 358 1375 402 vivat
1393 361 1421 402 1.

47 432 246 488 Paganus
283 439 345 474 est
387 429 516 474 hodie
543 449 551 474 :
581 428 699 473 unde
729 430 830 482 scis,
862 440 1009 474 utrum
1032 430 1085 474 sit
1107 429 1280 473 futurus
1309 443 1425 473 cras-

48 499 138 545 tino
157 500 454 545 Christianus?
472 500 651 544 Judaeus
681 499 867 543 infidelis
889 510 952 544 est
975 500 1103 545 hodie
1124 520 1131 544 :
1154 499 1261 559 quid
1282 500 1315 543 si
1335 515 1426 543 cras

46 570 193 615 credat
214 571 260 615 in
281 571 528 616 Christum?
550 571 787 616 Haereticus
805 580 868 615 est
885 570 1014 615 hodie
1036 590 1045 616 ;
1066 571 1172 630 quid
1194 570 1228 615 si
1248 586 1340 616 cras
1361 586 1427 615 se-

47 650 207 702 quatur
219 643 474 687 catholicam
489 643 740 687 veritatem?
757 642 1061 687 Schismaticus
1074 651 1135 685 est
1150 642 1278 687 hodie
1295 661 1304 686 :
1321 641 1428 702 quid

46 711 81 756 si
100 727 192 757 cras
214 712 501 772 amplectatur
522 713 778 758 catholicam
801 715 983 772 pacem?
1006 711 1121 765 Quid
1142 713 1176 756 si
1204 713 1293 768 isti,
1319 727 1429 772 quos

46 783 92 826 in
110 800 390 844 quocumque
408 800 562 843 genere
580 786 732 829 erroris
755 793 903 840 notas,
929 793 973 828 et
995 793 1203 844 tanquam
1225 784 1429 843 despera-

47 853 229 899 tissimos
261 854 462 911 damnas,
496 865 728 916 antequam
760 855 915 899 finiant
946 855 1071 898 istam
1102 855 1259 910 vitam,
1299 864 1430 913 agant

46 923 364 982 poenitentiam,
381 935 424 970 et
436 926 658 971 inveniant
667 941 811 971 veram
824 926 958 969 vitam
974 926 1017 969 111
1031 925 1208 970 futuro?
1224 925 1427 977 Proinde,

45 993 222 1050 statres,
248 996 377 1040 etiam
400 995 456 1040 ad
477 996 560 1040 hoc
583 1012 657 1040 vos
680 995 925 1051 admoneat,
949 995 1069 1055 quod
1086 997 1144 1039 ait
1166 995 1400 1055 Apostolus
1419 1013 1428 1038 :

50 1083 70 1105 «
104 1064 247 1110 Nolite
270 1075 370 1110 ante
400 1076 570 1125 tempus
591 1067 829 1127 quidquam
857 1068 1054 1126 judicare
1069 1071 1101 1110 2.
1132 1086 1150 1108 »
1178 1069 1282 1111 Haec
1316 1066 1432 1110 enim

45 1133 316 1194 blasphemia
350 1138 531 1196 Spiritus
550 1173 560 1192 ,
610 1139 680 1181 cui
720 1153 947 1197 nunquam
984 1148 1048 1181 est
1081 1137 1172 1181 ulla
1209 1137 1400 1181 remissio
1419 1171 1429 1189 ‚

21 1205 200 1264 (quam
223 1222 312 1250 non
330 1222 526 1261 omnem,
553 1207 627 1251 sed
651 1207 883 1266 quamdam
905 1208 1216 1263 intelleximus,
1250 1223 1433 1267 eamque

21 1285 392 1334 perseverantem
425 1277 627 1321 duritiam
655 1277 795 1322 cordis
817 1279 1128 1337 impoenitentis
1151 1278 1219 1323 vel
1249 1278 1436 1322 diximus

45 1345 115 1389 vel
131 1347 374 1391 invenimus
389 1381 400 1402 ‚
427 1347 495 1392 vel
513 1348 641 1392 etiam
658 1357 872 1407 quantum
895 1349 1187 1393 existimamus
1201 1385 1212 1404 ‚
1237 1350 1433 1393 ostendi-

47 1419 192 1475 mus,)
214 1433 302 1462 non
325 1427 468 1477 potest
488 1418 534 1462 in
555 1434 778 1478 quoquam
796 1454 806 1474 ,
833 1428 882 1462 ut
904 1418 1090 1464 diximus
1111 1454 1121 1475 ,
1147 1419 1253 1464 dum
1286 1419 1332 1462 in
1355 1420 1434 1463 hac

46 1486 190 1532 adhuc
205 1489 289 1534 Vita
314 1498 397 1542 est,
421 1487 704 1548 deprehendi.

105 1559 250 1602 XXII.
279 1557 409 1611 Quod
432 1574 519 1603 non
552 1560 650 1603 ideo
682 1559 880 1603 videatur
903 1559 1165 1613 absurdum,
1201 1560 1304 1619 quia
1333 1575 1432 1603 cum

46 1628 178 1674 homo
201 1643 339 1688 usque
377 1629 422 1672 in
458 1629 591 1673 finem
626 1629 754 1688 hujus
777 1630 876 1673 vitae
916 1629 959 1672 111
983 1629 1091 1672 dura
1114 1630 1434 1688 impoenitentia

46 1713 322 1758 perseverans
334 1733 344 1753 ‚
371 1698 448 1742 diu
464 1698 741 1758 multumque
759 1699 964 1758 loquatur
986 1699 1187 1743 adversus
1206 1699 1318 1743 hanc
1336 1715 1433 1758 graOE

47 1769 150 1814 tiam
174 1768 356 1828 Spiritus
378 1769 514 1813 sancti
530 1790 540 1826 3
558 1769 843 1826 Evangelium
861 1778 1005 1812 tamen
1028 1777 1118 1812 tam
1138 1769 1313 1828 longam
1332 1785 1434 1814 con-

47 1840 350 1884 tradictionem
379 1839 520 1883 cordis
548 1839 890 1898 impoenitentis,
927 1839 1050 1898 quasi
1080 1839 1211 1882 breve
1239 1839 1403 1899 aliquid
1422 1875 1432 1892 ,

47 1910 230 1955 verbum
254 1907 509 1968 appellavit,
535 1908 682 1952 dicens
706 1928 713 1952 :
741 1928 758 1950 «
780 1909 1053 1968 Quicumque
1077 1908 1231 1952 dixerit
1250 1910 1432 1953 verbum

51 1996 72 2021 ³)
106 1989 255 2023 contra
280 1978 439 2022 Filium
476 1978 664 2022 hominis
680 2013 690 2033 ,
717 1979 962 2022 remittetur
983 1979 1023 2021 ei
1050 1997 1059 2022 :
1080 1979 1155 2038 qui
1180 1987 1325 2022 autem
1363 1978 1434 2022 di-

52 2067 73 2093 »
106 2050 213 2094 xerit
235 2058 383 2093 contra
410 2049 617 2108 Spiritum
640 2059 860 2104 sanctum,
886 2065 972 2094 non
1002 2049 1246 2094 remittetur
1268 2049 1332 2101 ei,
1357 2066 1435 2093 ne-

0 2171 2 2176 ,
53 2138 73 2163 1)
108 2136 193 2180 que
214 2120 258 2164 in
275 2120 359 2163 hoc
373 2119 554 2174 saeculo,
577 2135 721 2179 neque
739 2120 784 2163 in
800 2121 967 2164 futuro.
986 2139 1004 2161 n
1026 2122 1129 2164 Haec
1143 2119 1257 2163 enim
1279 2136 1433 2180 quam·-

50 2191 113 2237 vis
134 2190 296 2250 prolixa
320 2190 397 2245 sit,
430 2199 474 2234 et
502 2191 697 2249 plurimis
724 2191 865 2235 verbis
907 2200 1107 2235 contexta
1142 2200 1184 2234 et
1216 2190 1431 2250 producta

49 2261 316 2321 blasphemia
332 2297 343 2316 ,
381 2261 490 2306 solet
523 2271 670 2306 tamen
710 2262 929 2321 Scriptura
965 2263 1093 2306 etiam
1130 2261 1267 2306 multa
1300 2263 1431 2306 verba

51 2333 232 2378 verbum
251 2331 483 2390 appellare.
509 2334 660 2391 Neque
682 2331 797 2375 enim
821 2348 959 2376 unum
977 2333 1158 2375 verbum
1176 2330 1349 2376 locutus
1369 2342 1433 2377 est

51 2404 316 2464 quicumque
335 2403 562 2461 Propheta,
588 2412 630 2447 et
651 2413 794 2447 tamen
815 2404 874 2447 sic
895 2403 1053 2462 legitur
1071 2422 1079 2447 :
1098 2402 1292 2446 Verbum
1310 2404 1430 2463 quod

51 2472 216 2519 factum
237 2481 300 2515 est
321 2473 376 2516 ad
397 2472 522 2516 illum
544 2473 610 2516 vel
640 2472 763 2516 illum
788 2474 1064 2532 Prophetam.
1091 2475 1147 2516 Et
1169 2474 1400 2532 Apostolus
1419 2495 1427 2520 :

57 2561 79 2587 «
111 2542 372 2600 Presbyteri,
392 2542 559 2602 inquit,
581 2542 744 2602 duplici
757 2544 920 2588 honore
942 2543 1228 2599 honorentur,
1248 2545 1431 2590 maxime

0 2514 14 2543 11

101 2635 111 2651 ²
134 2628 251 2661 Ezech.
270 2639 360 2669 xvm,
378 2628 432 2660 23.
453 2644 493 2651 —-
515 2635 527 2650 2
546 2639 559 2660 1
584 2629 655 2660 Cor.
673 2638 718 2669 iv,
741 2627 771 2660 ὁ.

264 2694 399 2726 cxxv.
1217 2684 1269 2723 ΞΟ
