1898 3178
405 297 543 327 samo
574 297 698 337 Lxx1,
731 298 786 325 DE
820 295 967 326 vannis
997 295 1164 325 iun-ru.
1201 295 1277 323 ΧΠ.
1433 284 1519 323 299

147 387 166 408 «
208 365 294 418 Qui
325 363 685 422 blasphemaverit
718 363 764 406 in
788 364 993 422 Spiritum
1015 378 1105 408 non
1134 361 1269 406 habet
1309 360 1523 405 remissio-

145 454 167 478 »
202 450 303 479 nem
336 433 383 477 in
414 441 650 488 aeternum,
695 451 715 474 »
756 432 828 476 ille
864 432 1132 491 intelligatur
1172 432 1248 492 qui
1284 446 1374 475 non
1404 431 1523 474 omni

142 503 273 549 modo
284 539 296 559 ,
318 501 392 548 sed
411 518 462 548 eo
477 503 608 548 modo
622 501 1014 562 blasphemaverit,
1032 512 1082 547 ut
1098 503 1138 546 ei
1153 515 1378 562 nunquam
1391 500 1526 560 possit

142 575 323 634 ignosci.

198 647 297 690 XV.
333 644 452 689 Sicut
484 645 600 688 enim
630 644 675 687 in
706 657 757 687 eo
790 643 912 703 quod
930 642 1096 686 dictum
1120 651 1184 686 est
1210 662 1218 686 :
1250 645 1365 686 Deus
1385 641 1524 685 nemi-

145 733 166 758 »
200 730 302 759 nem
325 716 505 769 tentat1,
528 732 548 756 »
565 729 655 758 non
676 713 811 768 omni,
829 712 903 757 sed
919 712 1111 773 quodam
1132 712 1377 757 tentationis
1395 712 1527 756 modo

141 788 258 830 Deus
298 785 516 828 neminem
547 793 714 828 tentare
750 783 1059 842 intelligendus
1085 792 1149 827 est
1182 802 1192 828 ι
1225 802 1245 824 »
1287 798 1342 826 nc
1370 781 1526 827 falsum

144 857 197 900 sit
224 854 335 899 illud
355 855 475 915 quod
494 855 702 914 scriptum
733 864 794 899 est
825 874 833 898 :
865 873 885 896 «
907 857 1062 898 Tentat
1084 869 1158 898 vos
1178 854 1387 898 Dominus
1411 856 1527 897 Deus

146 945 168 969 »
201 931 394 972 vester2:
419 946 440 969 »
465 936 508 971 et
521 942 576 971 ne
599 928 818 972 Christum
835 941 1042 985 negemus
1060 929 1221 980 Deum,
1240 925 1310 970 vel
1334 923 1528 969 dicamus

144 993 300 1041 salsum
315 996 603 1056 Evangelium
625 997 703 1040 ubi
725 995 921 1055 legimus,
943 1015 962 1038 «
988 996 1097 1049 Quia
1118 994 1413 1053 interrogabat
1430 993 1529 1038 Dis-

147 1085 169 1108 »
203 1067 398 1125 cipulum
413 1075 582 1111 tentans
604 1081 721 1120 cum,
746 1066 837 1125 ipse
851 1075 995 1109 autem
1014 1065 1176 1110 sciebat
1188 1065 1295 1125 quid
1310 1073 1419 1108 esset
1436 1062 1529 1106 fac-

148 1155 168 1178 »
203 1138 368 1181 turus3.
396 1155 417 1178 »
454 1139 530 1180 Est
553 1137 665 1180 enim
697 1137 880 1180 tentatio
903 1136 1124 1180 adducens
1155 1144 1405 1195 peccatum,
1443 1148 1530 1194 qua

143 1209 259 1251 Deus
281 1207 498 1250 neminem
516 1215 680 1251 tentat:
704 1217 747 1251 et
769 1216 832 1250 est
854 1208 1036 1251 tentatio
1059 1206 1249 1265 probans
1270 1205 1419 1259 fidem,
1445 1219 1531 1264 qua

145 1285 189 1321 ct
205 1279 318 1321 Deus
340 1285 507 1321 tentare
526 1276 744 1334 dignatur.
773 1280 836 1321 Ita
855 1293 955 1320 cum
991 1277 1191 1321 audimus
1216 1296 1224 1321 :
1253 1296 1272 1318 «
1295 1276 1379 1329 Qui
1412 1275 1531 1319 blas-

152 1364 169 1386 »
204 1346 473 1405 phemaverit
493 1347 538 1389 in
565 1346 770 1405 Spiritum
789 1355 1003 1400 sanctum,
1023 1365 1042 1387 »
1064 1361 1154 1390 non
1177 1360 1306 1390 omne
1327 1344 1532 1404 blasphe-

147 1414 295 1459 mandi
319 1430 453 1474 genus
477 1415 688 1460 debemus
710 1415 925 1475 accipere,
958 1416 1068 1460 sicut
1089 1430 1169 1458 nec
1190 1415 1252 1458 ibi
1278 1429 1406 1459 omne
1433 1424 1532 1458 ten-

148 1484 283 1529 tandi.

205 1557 327 1600 XVI.
353 1558 462 1600 Item
480 1571 579 1600 cum
613 1555 814 1600 audimus
841 1576 849 1601 :
880 1575 900 1599 «
925 1557 1010 1610 Qui
1031 1554 1288 1610 crediderit,
1321 1564 1364 1599 et
1389 1554 1534 1613 bapti-

151 1644 171 1667 »
206 1633 325 1669 zatus
347 1623 499 1680 fuerit,
525 1624 668 1670 salvus
690 1625 801 1669 erit4
823 1645 832 1670 ι
853 1644 872 1667 »
893 1641 984 1670 non
1005 1626 1159 1686 utique
1176 1624 1460 1682 intelligimus
1483 1639 1534 1668 eo

149 1694 282 1739 modo
321 1693 601 1750 credentem,
627 1710 716 1754 quo
746 1703 788 1738 et
825 1714 845 1736 «
870 1698 1098 1739 Daemones
1135 1693 1322 1737 credunt
1354 1702 1396 1737 et
1426 1708 1534 1738 con-

153 1783 174 1806 »
209 1764 490 1808 tremiscunt⁵
518 1783 526 1808 :
563 1781 583 1805 »
610 1779 690 1808 nec
722 1765 768 1808 in
806 1780 857 1809 eo
879 1779 1063 1809 numero
1085 1763 1347 1823 baptizatos,
1380 1763 1426 1807 in
1447 1779 1535 1824 quo

151 1848 300 1892 magus
335 1834 484 1878 Simon
510 1833 721 1893 baptizari
742 1834 909 1893 potuit,
945 1834 1020 1878 sed
1051 1832 1193 1878 salvus
1216 1848 1306 1877 esse
1335 1849 1425 1878 non
1455 1849 1534 1892 po-

152 1904 237 1949 tuit
253 1906 286 1947 ⁶.
317 1903 438 1949 Sicut'
453 1919 556 1962 ergo
579 1919 679 1948 cum
697 1903 861 1948 diceret
881 1923 891 1950 z
920 1923 941 1946 «
967 1905 1052 1957 Qui
1074 1903 1334 1958 crediderit,
1359 1913 1403 1948 et
1424 1904 1534 1963 bap-

154 1992 175 2016 »
210 1975 365 2018 tizatus
391 1971 544 2029 fuerit,
579 1974 720 2019 salvus
752 1975 849 2029 erit,
883 1993 903 2016 »
937 1990 1027 2019 non
1056 1989 1204 2019 omnes
1229 1974 1455 2017 credentes
1492 1984 1536 2019 et

153 2044 414 2103 baptizatOS,
440 2043 516 2087 sed
544 2045 756 2104 quosdam
777 2045 1054 2099 intuebatur,
1086 2045 1132 2088 in
1153 2059 1202 2088 ea
1223 2043 1386 2088 scilicet
1407 2058 1536 2088 cons-

154 2114 306 2158 titutos
342 2112 429 2157 fide
450 2129 548 2173 quae
567 2114 776 2173 Apostolo
807 2114 1125 2173 distinguente,
1156 2126 1233 2174 per
1259 2112 1535 2158 dilectionem

154 2185 389 2244 operatur⁷
408 2202 416 2228 :
440 2183 499 2227 ita
521 2199 621 2228 cum
644 2183 751 2229 dixit
778 2204 786 2229 ε
809 2204 829 2227 «
849 2185 934 2238 Qui
956 2183 1317 2243 blasphemaverit
1337 2183 1383 2227 in
1403 2184 1536 2243 Spiri-

158 2273 179 2296 »
213 2263 308 2299 tum
331 2263 528 2298 sanctum
544 2290 554 2309 ,
581 2270 670 2299 non
697 2255 830 2299 habet
858 2254 1151 2299 remissionem
1176 2255 1221 2297 in
1242 2262 1454 2298 aeternum
1471 2289 1482 2310 ‚
1510 2273 1531 2297 »

156 2340 246 2370 non
267 2340 463 2379 omnem,
489 2323 564 2368 sed
600 2326 834 2385 quemdam
873 2324 1212 2384 blasphemantis
1244 2325 1291 2367 in
1325 2324 1532 2384 Spiritum

157 2403 354 2440 sanctum
368 2394 622 2439 intendebat
637 2405 821 2451 reatum,
839 2411 927 2456 quo
943 2394 1136 2455 quisquis
1150 2393 1282 2438 fuerit
1299 2394 1531 2453 obligatus,

157 2464 278 2510 nulla
299 2480 494 2526 unquam
516 2466 762 2511 remissione
784 2466 989 2511 solvetur.

208 2567 217 2582 ¹
234 2560 349 2592 Jacob.
366 2572 388 2600 1,
411 2561 464 2592 13.
479 2578 521 2582 —
542 2567 553 2582 ²
568 2563 660 2593 Deut.
682 2572 756 2601 xm,
777 2561 806 2594 3.
827 2579 866 2584 —«
883 2559 896 2584 3
916 2563 1009 2593 Joan.
1033 2572 1077 2601 vr,
1095 2559 1129 2600 5,
1143 2560 1176 2592 6.
1195 2559 1253 2591 -4
1271 2563 1369 2594 Marc.
1392 2572 1460 2603 xvn,
1478 2561 1531 2593 16.

162 2633 203 2639 —
222 2614 235 2638 5
253 2616 365 2648 Jacob.
383 2627 420 2657 11,
441 2628 488 2657 19·
509 2633 550 2638 —
568 2615 583 2639 6
602 2620 673 2649 Act.
697 2627 762 2655 vm,
785 2617 834 2649 13.
858 2634 896 2640 -
916 2624 928 2649 7
949 2617 1050 2649 Galat.
1072 2628 1106 2657 v,
1124 2616 1157 2648 6.
