1898 3178
268 204 404 233 sssamo
438 206 501 243 ιτ,
538 205 590 231 ma
621 202 854 233 CONCORDIA
887 202 1057 234 ΜΑΤΤΗ.
1088 205 1140 232 ET
1173 205 1266 232 Luc..
1367 187 1457 231 '103

578 457 807 504 SERMO
855 459 919 503 LI
931 457 960 502 ¹.

78 603 433 651 Derconcordia
458 604 509 650 E
513 603 888 666 vangelz'starum
922 605 1152 651 Matthaei
1172 617 1217 652 et
1238 607 1380 655 Lucae
1415 611 1464 654 in

455 672 845 735 generationibus
867 673 1080 720 Domini.

138 822 174 862 Ι.
209 821 580 864 Exrscmnonssm
602 820 833 865 Charitatis
863 822 1028 865 Vestrae
1060 820 1133 865 ille
1153 822 1358 881 impleat,
1391 826 1468 883 qui

79 889 292 934 excitavit.
312 890 404 933 Etsi
426 890 541 934 enim
562 905 660 949 quae
682 889 867 936 dicenda
889 900 990 935 sunt
1008 891 1128 936 vobis
1144 927 1154 947 ‚
1185 907 1276 937 non
1296 902 1466 950 nostra,

75 959 151 1003 sed
165 959 240 1003 Dei
257 973 346 1002 esse
358 959 661 1018 praesumimus
673 980 685 1018 3
703 969 852 1005 tamen
865 960 1005 1005 multo
1019 962 1154 1020 magis
1169 976 1247 1006 nos
1260 962 1459 1020 dicimus,

51 1051 60 1054 »
78 1029 199 1089 quod
218 1029 442 1073 humiliter
474 1030 581 1074 dicit
601 1031 864 1089 Apostolus:
905 1049 925 1073 ε(
957 1032 1179 1077 Habemus
1210 1033 1465 1077 thesaurum

80 1117 101 1141 »
135 1100 267 1143 istum
288 1099 335 1143 in
351 1099 460 1143 vasis
477 1099 705 1155 fictilibus,
722 1110 774 1144 ut
795 1101 1028 1146 eminentia
1046 1103 1215 1146 virtutis
1238 1103 1315 1146 Dei
1336 1103 1406 1157 sit,
1424 1111 1469 1147 et

81 1187 102 1211 »
136 1185 226 1213 non
247 1183 298 1213 ex
325 1170 452 1214 nobis
477 1171 508 1212 ¹.
538 1187 559 1210 »
586 1173 683 1215 Non
704 1169 955 1215 dubitamus
971 1172 1118 1231 itaque
1134 1171 1379 1216 meminisse
1394 1186 1471 1218 vos

76 1238 401 1298 pollicitationis
415 1248 590 1283 nostrae.
618 1243 670 1284 In
683 1241 777 1299 ipso
791 1241 1081 1300 promisimus,
1101 1256 1179 1301 per
1196 1252 1328 1302 quem
1348 1255 1467 1288 nunc

35 1320 38 1322 ’
77 1307 313 1352 reddimus.
341 1310 452 1353 Nam
474 1317 518 1352 et
547 1322 648 1351 cum
675 1310 1050 1367 promitteremus,
1086 1310 1140 1354 ab
1162 1312 1255 1369 ipso
1282 1313 1466 1371 peteba-

77 1394 198 1425 mus:
223 1388 268 1423 et
298 1387 400 1423 cum
431 1377 677 1434 reddimus,
701 1379 756 1423 ab
778 1379 870 1439 ipso
893 1381 1141 1439 accipimus.
1166 1383 1370 1426 Meminit
1392 1397 1467 1426 au-

79 1459 167 1494 tem
188 1449 385 1494 Charitas
416 1451 568 1493 Vestra
590 1462 669 1493 nos
690 1450 906 1494 matutina
928 1449 1089 1496 Natalis
1123 1451 1297 1495 Domini
1327 1451 1470 1495 distu-

77 1519 174 1563 lisse
205 1534 338 1579 quam
369 1518 623 1563 solvendam
657 1520 965 1577 proposuimus
1001 1521 1322 1578 quaestionem:
1364 1522 1469 1580 quia

77 1588 206 1633 multi
227 1589 454 1633 nobiscum
471 1623 482 1642 ‚
499 1589 647 1631 etiam
669 1588 830 1647 quibus
860 1586 968 1632 solet
985 1602 1076 1631 esse
1097 1603 1304 1632 onerosus
1326 1604 1467 1635 sermo

78 1660 183 1715 Dei,
207 1659 524 1703 solemnitatem
545 1657 665 1713 illam
686 1656 771 1700 diei
792 1657 982 1701 debitam
1011 1657 1304 1702 celebrabant.
1342 1662 1470 1705 Nunc

50 1733 53 1738 ’
79 1745 183 1775 vero
199 1738 309 1788 puto
334 1728 553 1772 neminem
581 1727 854 1779 convenisse,
881 1728 961 1770 nisi
979 1727 1055 1786 qui
1070 1727 1218 1770 audire
1235 1728 1464 1774 desiderat.

76 1802 175 1846 Non
194 1800 342 1859 itaque
363 1798 586 1857 loquimur
607 1796 813 1841 cordibus
835 1797 973 1841 surdis
993 1833 1004 1852 ,
1031 1813 1121 1841 non
1143 1797 1469 1845 fastidientibus

79 1870 246 1915 animis.
272 1872 377 1913 Haec
398 1877 542 1912 autem
575 1876 714 1912 vestra
736 1868 977 1926 expectatio
996 1902 1007 1922 ,
1033 1882 1111 1926 pro
1131 1884 1201 1911 me
1223 1870 1361 1913 oratio
1384 1879 1465 1915 est.

78 1940 268 1985 Accessit
289 1937 454 1998 aliquid
473 1958 484 1995 3
508 1938 610 1997 quia
632 1946 675 1981 et
695 1937 784 1981 dies
807 1937 1000 1982 Muneris
1022 1937 1184 1981 multos
1202 1938 1305 1981 hinc
1326 1940 1472 1984 venti-

49 2004 51 2006 *
77 2009 200 2064 lavit,
216 2023 296 2067 pro
311 2022 500 2067 quorum
517 2005 697 2065 quidem
713 2005 852 2050 salute
869 2013 1085 2065 quantum
1102 2006 1335 2064 satagimus
1348 2042 1359 2061 ‚
1379 2016 1474 2052 tan-

79 2087 193 2132 tum,
206 2077 378 2132 fratres,
396 2085 446 2120 ut
461 2075 662 2133 satagatis
675 2075 904 2119 hortamur
918 2096 930 2133 3
950 2085 993 2119 et
1010 2088 1089 2133 pro
1103 2075 1168 2119 his
1185 2075 1261 2133 qui
1276 2076 1473 2120 nondum

79 2146 237 2192 intenti
255 2152 358 2189 sunt
372 2144 627 2204 spectaculis
642 2144 830 2188 veritatis
845 2178 856 2199 ‚
882 2144 957 2188 sed
975 2143 1112 2188 dediti
1125 2152 1232 2187 sunt
1254 2153 1475 2202 spectacu-

80 2216 133 2261 lis
154 2216 294 2261 carnis
307 2249 318 2270 ‚
343 2216 512 2259 intenta
531 2222 677 2258 mente
693 2213 987 2273 deprecemini
1007 2217 1164 2258 Deum.
1200 2214 1310 2258 Novi
1332 2215 1472 2273 enim,

90 2295 136 2331 et
147 2294 264 2330 certe
281 2285 368 2329 scio
384 2298 471 2328 esse
487 2283 620 2339 modo
630 2284 677 2327 in
689 2297 875 2330 numero
887 2291 1030 2329 vestro
1048 2298 1120 2328 eos
1134 2284 1210 2344 qui
1223 2283 1354 2327 hodie
1367 2298 1477 2328 con-

81 2364 357 2415 tempserunt
375 2372 384 2399 :
403 2354 480 2398 sed
500 2362 713 2413 rumpunt
726 2369 799 2410 ea,
818 2365 921 2415 quae
942 2362 1222 2400 consuerunt.
1248 2356 1478 2398 Mutantur

85 2425 201 2470 enim
227 2425 445 2479 homineS,
481 2431 525 2468 et
552 2423 599 2467 in
631 2423 786 2468 melius
810 2433 854 2470 et
884 2425 931 2468 in
959 2423 1162 2469 deterius.
1199 2423 1478 2476 Quotidianis

137 2529 146 2546 ¹
166 2522 250 2554 Alias
271 2523 310 2555 de
327 2522 464 2555 Diversis
480 2520 534 2554 63.
556 2538 596 2545 -
617 2528 630 2544 ²
647 2531 665 2554 2
680 2524 752 2555 Cor.
772 2533 817 2563 iv,
841 2533 872 2563 7.
