1898 3178
404 212 488 253 400
835 219 868 250 s.
904 219 1135 251 Aucuscrrm
1167 223 1348 252 muscom

400 289 566 348 corrige
598 297 639 332 te
671 288 815 331 hodic.
851 287 967 340 Quid
990 286 1141 332 differs
1163 288 1208 332 in
1231 288 1491 333 crastinum?
1524 291 1670 347 Longa
1690 290 1779 334 vita

399 359 480 403 erit
501 359 616 418 :ipsa
629 358 775 416 longa,
795 358 912 402 bona
929 357 998 402 sit.
1020 358 1257 402 Prandium
1272 358 1439 403 bonum
1454 358 1635 416 longum
1651 374 1779 404 nemo

397 429 562 484 differt,
581 438 623 472 et
640 428 773 472 vitam
789 427 949 472 malam
961 427 1135 486 longam
1147 429 1209 472 vis
1223 429 1410 473 habere?
1425 429 1584 488 Utique
1601 428 1635 472 si
1648 428 1779 488 longa

398 499 500 553 erit,
526 497 679 542 melius
695 497 811 542 bona
835 498 915 542 erit
936 516 945 543 :
965 498 1000 542 si
1017 498 1158 542 brevis
1174 499 1278 553 erit,
1300 499 1597 543 benefactum
1619 508 1704 554 est,
1730 508 1781 543 ut

396 570 512 614 bona
535 567 864 628 produceretur.
901 568 969 614 Sic
990 577 1136 614 autem
1167 568 1364 613 homines
1387 569 1617 628 negligunt
1649 569 1779 614 vitam

395 655 539 695 suam,
564 648 615 684 ut
634 638 777 684 nolint
796 639 959 683 habere
980 638 1140 683 malam
1156 673 1168 694 ,
1191 639 1274 683 nisi
1294 638 1447 698 ipsam.
1465 638 1624 683 Villam
1647 640 1751 683 emis
1765 674 1776 693 ,

394 710 557 755 bonam
583 709 769 770 quaeris,
801 723 979 754 uxorem
1002 709 1064 753 vis
1086 708 1268 764 ducere,
1294 708 1455 753 bonam
1487 708 1635 767 eligis,
1668 708 1779 754 filios

396 781 476 825 tibi
493 781 557 826 vis
579 782 713 836 nasci,
728 781 867 825 bonos
883 789 1007 840 optas
1022 800 1033 837 3
1052 779 1210 838 caligas
1220 777 1352 835 locas,
1372 788 1416 823 et
1431 794 1522 824 non
1534 779 1597 824 vis
1616 779 1776 837 malas,

394 861 438 897 et
467 852 602 897 vitam
634 867 750 896 amas
780 851 955 896 malam.
991 850 1108 903 Quid
1129 859 1173 894 te
1194 850 1380 895 offendit
1410 851 1497 895 vita
1519 859 1615 905 tua,
1647 866 1779 910 quam

393 923 527 969 solam
549 924 612 969 vis
636 922 824 979 malam,
849 931 899 967 ut
930 922 1042 967 inter
1073 921 1219 967 omnia
1243 921 1360 967 bona
1390 931 1466 967 tua
1498 931 1549 967 tu
1578 921 1694 967 solus
1723 922 1779 966 sis

393 994 560 1039 malus?

450 1066 548 1109 XV.
573 1067 690 1124 Ergo
707 1100 718 1120 ,
745 1064 897 1109 fratres
917 1065 1026 1119 mei,
1056 1065 1091 1108 si
1119 1063 1309 1124 aliquem
1332 1073 1523 1110 vestrum
1551 1063 1710 1109 vellem
1732 1064 1779 1108 in

392 1144 513 1195 parte
530 1135 761 1194 corripere,
783 1133 896 1178 sorte
913 1133 1083 1178 audiret
1099 1150 1169 1178 me
1187 1153 1196 1179 ε
1217 1134 1379 1179 multos
1395 1144 1588 1180 vestrum
1604 1133 1779 1194 publice

391 1206 601 1265 corripio,
627 1219 775 1250 omnes
793 1218 862 1247 me
883 1202 1093 1260 laudant,
1114 1203 1262 1248 audiat
1282 1220 1351 1248 me
1374 1205 1542 1264 aliquis.
1567 1207 1665 1249 Non
1682 1218 1779 1248 amo

390 1276 436 1320 in
457 1291 563 1321 voce
579 1275 869 1329 laudatorem,
886 1274 989 1317 etin
1002 1273 1133 1317 corde
1150 1282 1514 1332 contemptorem.
1536 1275 1649 1318 Cum
1663 1274 1779 1317 enim

389 1347 558 1402 laudas,
575 1355 618 1390 et
630 1361 721 1390 non
743 1355 785 1390 te
807 1345 984 1402 corrigis
1000 1379 1011 1399 ,
1032 1353 1184 1388 contra
1208 1353 1250 1387 te
1272 1344 1390 1387 testis
1412 1359 1471 1387 es.
1495 1344 1537 1388 Si
1554 1344 1694 1388 malus
1715 1359 1776 1399 es,

390 1427 434 1463 et
455 1416 576 1479 quod
597 1417 694 1462 dico
716 1416 861 1476 placet
877 1416 956 1459 tibi
970 1450 981 1471 ,
1009 1414 1189 1474 displice
1206 1414 1287 1458 tibi
1305 1434 1313 1459 ε
1345 1415 1449 1474 quia
1470 1416 1504 1459 si
1526 1414 1667 1460 malus
1689 1414 1780 1460 dis-

391 1487 592 1547 plicueris
614 1487 716 1542 tibi,
737 1494 957 1531 correctus
975 1484 1164 1544 placebis
1190 1485 1284 1538 tibi,
1303 1483 1425 1543 quod
1442 1483 1774 1541 nudiustertius,

389 1558 471 1602 nisi
483 1557 629 1612 fallor,
646 1557 750 1601 dixi.
768 1559 820 1600 In
834 1555 1035 1600 omnibus
1049 1554 1191 1598 verbis
1205 1554 1309 1598 meis
1321 1553 1546 1614 speculum
1560 1569 1773 1614 propono.

389 1630 478 1675 Nec
494 1642 591 1672 mea
609 1635 711 1671 sunt
727 1626 807 1670 ista.
821 1624 951 1669 verba
967 1644 979 1682 3
998 1623 1074 1668 sed
1092 1625 1275 1669 Domino
1289 1624 1474 1684 jubente
1490 1623 1663 1685 loquor,
1688 1640 1777 1686 quo

389 1707 578 1744 terrente
600 1713 690 1742 non
717 1706 855 1741 taceo.
888 1698 998 1741 Nam
1025 1695 1122 1755 quis
1143 1711 1233 1740 non
1255 1695 1434 1755 eligeret
1455 1705 1597 1741 tacere
1613 1731 1623 1751 ,
1644 1706 1688 1741 et
1704 1712 1774 1741 ra-

388 1770 553 1814 tionem
567 1767 622 1812 de
644 1767 768 1812 vobis
784 1781 875 1810 non
896 1764 1104 1809 reddere?
1130 1765 1214 1810 Sed
1232 1767 1323 1826 jam
1345 1767 1612 1826 suscepimus
1634 1781 1743 1810 onus
1759 1801 1770 1821 ,

388 1838 510 1900 quod
531 1838 586 1882 ab
608 1836 800 1882 humeris
819 1835 976 1880 nostris
997 1844 1197 1880 excutere
1215 1851 1304 1880 non
1323 1851 1570 1895 possumUS,
1596 1851 1675 1880 nec
1696 1835 1774 1880 de-

388 1912 555 1955 bemus.
583 1908 774 1953 Audistis
792 1942 803 1962 ,
829 1906 982 1951 fratres
1007 1906 1092 1950 mei
1110 1941 1121 1961 ,
1151 1921 1251 1951 cum
1271 1906 1465 1966 Epistola
1488 1906 1543 1951 ad
1565 1908 1773 1952 Hebraeos

387 1982 630 2040 legeretur:
658 1999 678 2021 «
695 1977 881 2023 Obedite
902 1977 1143 2036 praepositis
1163 1977 1312 2021 vestris
1329 2012 1339 2031 ,
1365 1987 1408 2021 et
1425 1976 1590 2021 subditi
1608 1987 1771 2037 estote,
1835 2004 1839 2025 t
1886 1978 1890 1986 ’

391 2071 412 2094 »
437 2053 538 2113 quia
556 2051 638 2111 ipsi
659 2049 841 2108 vigilant
863 2063 940 2106 pro
960 2047 1187 2091 animabus
1211 2048 1358 2091 vestris
1374 2082 1384 2102 ,
1408 2056 1617 2107 tanquam
1639 2049 1774 2094 ratio-
1836 2061 1839 2075 ·

391 2142 412 2165 »
438 2138 540 2168 nem
554 2120 768 2167 reddituri
791 2134 869 2178 pro
891 2117 1036 2173 vobiS,
1054 2127 1103 2162 ut
1120 2133 1221 2162 cum
1247 2118 1407 2177 gaudio
1422 2119 1506 2163 hoc
1523 2118 1685 2164 faciant
1698 2155 1710 2175 ,
1730 2129 1775 2166 et
1837 2118 1839 2122 ’
1877 2102 1886 2179 Ἰ

395 2214 413 2236 »
439 2211 528 2240 non
549 2208 651 2239 cum
669 2191 869 2248 tristitia,
894 2205 983 2234 non
1008 2190 1124 2233 enim
1147 2189 1321 2249 expedit
1341 2191 1503 2235 vobis¹.
1531 2209 1551 2232 »
1586 2192 1774 2244 Quando
1835 2237 1838 2257 Α
1876 2189 1887 2218 ³1

391 2267 572 2311 facimus
594 2265 675 2311 ista
696 2279 797 2309 cum
824 2260 1008 2321 gaudio?
1025 2260 1211 2314 Quando
1236 2260 1430 2306 videmus
1451 2261 1648 2307 homines
1670 2278 1772 2322 pro-

392 2337 518 2381 ficere
539 2337 586 2381 in
605 2335 747 2381 verbis
762 2334 853 2378 Dei.
880 2330 1066 2385 Quando
1081 2331 1251 2376 laborat
1264 2346 1363 2375 cum
1377 2331 1536 2389 gaudio
1552 2333 1772 2391 operarius
1834 2341 1837 2385 ξ

392 2408 438 2451 in
469 2410 595 2466 agro?
626 2405 812 2461 Quando
845 2401 1032 2448 attendit
1064 2403 1288 2458 arborem,
1324 2412 1367 2448 et
1398 2401 1588 2447 fructum
1622 2403 1769 2462 videt,
1834 2451 1837 2465 ἱ
1885 2392 1887 2395 ’

393 2479 569 2537 quando
601 2476 788 2523 attendit
818 2482 1034 2534 segetem,
1081 2483 1123 2518 et
1154 2472 1331 2533 frugum
1361 2474 1406 2518 in
1437 2489 1534 2519 area
1565 2475 1772 2534 prospicit

440 2567 449 2585 ¹
471 2561 579 2595 Florus
593 2560 633 2594 ad
651 2559 748 2594 Hebr.
774 2570 844 2602 xm,
864 2569 915 2600 17.
