1898 3178
14 1382 30 1529 l

351 271 489 298 sEnMO
522 269 633 306 Lxu,
668 268 721 295 DE
755 270 900 298 vnaius
931 267 1095 297 MATTH.
1132 270 1227 296 vm.
1381 257 1463 296 245

89 336 321 380 Christiani
339 350 428 379 non
442 342 640 393 premant
651 349 806 393 corpus
821 335 996 380 Christi.
1010 339 1196 390 Fratres,
1212 333 1267 384 ad
1280 348 1356 378 nos
1372 351 1467 394 per·

90 405 197 450 tinet
211 406 333 450 vobis
351 404 510 459 dicere,
527 404 582 448 ad
599 419 677 449 nos
690 405 876 463 pertinet
892 406 1142 449 Christianis
1156 404 1292 465 loqui.
1314 423 1334 447 «
1351 405 1469 458 Quid

91 495 111 517 »
147 477 262 519 enim
284 475 391 518 mihi
409 473 463 518 de
484 474 548 517 his
568 474 645 533 qui
662 472 764 518 foris
788 484 887 519 sunt
904 474 1097 533 judicare
1114 477 1159 519 ¹?
1183 493 1203 516 »
1222 475 1312 534 ipse
1333 478 1468 534 Apos-

88 545 201 590 tolus
218 545 290 588 ait.
320 544 421 588 Illos
440 544 562 589 aliter
579 544 864 604 alloquimur,
886 553 1093 604 tanquam
1111 546 1319 590 infirmos.
1340 544 1468 589 Blan-

86 613 297 659 diendum
319 623 382 658 est
403 614 487 658 illis
503 649 514 669 ,
540 623 590 658 ut
611 614 791 658 audiant
804 615 1028 659 veritatem
1049 616 1119 659 :in
1140 616 1263 659 vobis
1284 615 1467 660 secanda

85 684 274 744 putredo
304 693 383 728 est.
422 685 466 730 Si
500 685 689 745 quaeritis
711 684 830 728 unde
863 685 1093 729 vincantur
1123 686 1283 744 Pagani
1299 721 1309 741 ‚
1350 685 1469 730 unde

85 754 387 799 illuminentur
405 790 415 809 ,
455 755 574 799 unde
608 756 663 799 ad
697 755 880 800 salutem
908 765 1120 800 vocentur
1148 775 1155 800 :
1187 756 1368 800 deserite
1395 771 1466 801 so-

85 826 328 870 lemnitates
349 841 521 881 eorum,
543 827 726 871 deserite
745 841 882 885 nugas
902 829 1094 887 ipsorum
1121 847 1129 872 :
1146 837 1189 872 et
1210 828 1243 871 si
1262 844 1353 872 nou
1366 843 1468 874 con-

23 920 25 941 2
85 896 279 941 sentiunt
301 898 471 942 veritati
492 899 954 953 nostrae‚erubescant
975 898 1179 957 paucitati
1197 914 1301 942 suae.

143 970 244 1011 XII.
271 960 415 1012 Bonus
432 969 465 1012 si
489 968 622 1012 suerit
644 971 718 1028 qui
741 970 819 1013 tibi
842 978 1018 1028 praeest,
1042 969 1230 1014 nutritor
1250 978 1348 1013 tuus
1366 979 1428 1013 est
1454 988 1463 1015 ;

85 1037 223 1082 malus
241 1039 275 1082 si
297 1039 428 1083 fuerit
445 1075 456 1094 ,
477 1049 666 1084 tentator
684 1049 783 1084 tuus
806 1049 883 1084 est.
910 1043 968 1084 Et
990 1040 1256 1084 nutrimenta
1276 1039 1486 1085 libenter,

24 1113 28 1170 ᾗ
83 1109 250 1168 accipe,
279 1110 387 1152 etin
408 1110 644 1154 tentatione
667 1111 921 1169 approhare.
947 1113 1051 1155 Esto
1080 1126 1250 1154 aurum.
1276 1111 1466 1154 Attende

66 1179 300 1223 >mundum
329 1181 459 1224 istum
481 1189 690 1241 tanquam
721 1180 942 1225 fornacem
964 1182 1149 1226 aurificis
1176 1199 1185 1226 τ
1210 1182 1255 1225 in
1275 1197 1364 1225 uno
1387 1197 1468 1225 an-

83 1258 208 1307 gusto
242 1249 337 1293 loco
360 1251 441 1293 tria
463 1259 589 1304 sunt,
625 1266 780 1294 aurum
797 1286 807 1305 ,
833 1252 955 1310 palea
971 1286 982 1306 ‚
1023 1250 1148 1310 ignis,
1173 1251 1241 1295 Ad
1273 1250 1344 1294 illa
1377 1251 1467 1295 duo

82 1320 192 1378 ignis
227 1321 489 1379 apponitur,
525 1321 647 1380 palea
677 1322 839 1376 uritur,
877 1336 1031 1365 aurum
1069 1331 1294 1380 purgatur.
1330 1323 1466 1366 Cessit

82 1390 225 1434 nescio
247 1391 343 1450 quis
365 1391 491 1434 minis
506 1426 517 1444 ,
545 1399 587 1435 et
606 1390 820 1435 adductus
842 1400 906 1435 est
924 1393 979 1435 ad
1001 1392 1186 1436 idolium
1212 1411 1221 1436 2
1247 1408 1313 1436 vae
1338 1393 1460 1446 mihi,

79 1461 181 1519 quia
206 1460 370 1519 paleam
395 1461 574 1519 plango,
612 1462 803 1506 cinerem
825 1461 967 1506 video.
990 1462 1111 1506 Alius
1133 1477 1222 1506 non
1244 1462 1369 1506 cessit
1385 1463 1468 1505 mi-

15 1530 31 1586 }
79 1529 166 1582 nis,
198 1545 287 1575 non
303 1531 427 1575 cessit
448 1531 686 1576 terroribus
704 1553 714 1589 3
736 1531 952 1576 adductus
971 1531 1025 1575 ad
1040 1531 1256 1592 judicem,
1282 1533 1399 1575 stetit
1419 1533 1466 1575 in

15 1597 31 1658 §a
79 1601 346 1646 confessione
369 1617 468 1656 sua,
501 1618 592 1647 non
626 1612 688 1647 est
722 1603 860 1647 flexus
884 1602 938 1646 ad
970 1601 1153 1647 idolium
1181 1622 1190 1646 :
1221 1602 1328 1661 quid
1359 1602 1464 1647 facit

15 1658 33 1741 ζ
79 1674 254 1717 flamma
269 1675 286 1714 ⁶?
302 1676 456 1717 Nonne
477 1689 631 1717 aurum
646 1676 836 1732 purgat?
861 1676 978 1718 State
995 1672 1040 1717 in
1054 1673 1256 1727 Domino,
1277 1672 1428 1717 fratres
1450 1692 1459 1719 z

20 2184 27 2210 ¹*-
21 2108 30 2139 n·
20 2039 32 2083 ·-›
20 1962 31 2002 u.-
20 1897 31 1946 ὀι-
19 1813 33 1867 -q-
18 1757 33 1789 x

77 1743 297 1802 potentior
319 1753 382 1786 est
404 1744 480 1802 qui
504 1745 671 1787 vocavit
692 1760 782 1788 vos.
808 1744 947 1788 Minas
966 1744 1200 1803 impiorum
1222 1758 1277 1787 ne
1302 1744 1462 1788 timue·

76 1813 181 1856 ritis.
209 1813 412 1856 Inimicos
433 1813 632 1871 patimini
657 1832 666 1857 ε
688 1813 857 1857 habetis
878 1829 957 1873 pro
974 1814 1134 1874 quibus
1156 1814 1285 1857 oretis
1307 1833 1316 1858 ς
1336 1829 1462 1872 pror-

75 1899 146 1928 sus
177 1898 267 1927 non
289 1898 364 1927 vos
398 1891 604 1926 terreant.
632 1886 736 1926 Haec
774 1892 836 1926 est
870 1885 1049 1938 sanitas,
1081 1884 1253 1926 haurite
1281 1884 1384 1928 hinc
1413 1885 1459 1928 in

74 1953 156 1997 isto
177 1951 377 1997 convivio
399 1972 407 1997 :
428 1953 498 1997 hic
517 1952 676 2007 bibite,
694 1952 811 1996 unde
828 1953 1069 2007 satiemini,
1094 1968 1185 1997 non
1204 1953 1314 2007 illic,
1339 1953 1459 1998 unde

74 2025 308 2068 insaniatis.
337 2026 454 2068 State
476 2024 520 2067 in
547 2025 749 2068 Domino.
775 2025 980 2083 Argentei
998 2025 1120 2080 estis,
1146 2039 1302 2068 aurum
1321 2025 1452 2070 eritis.

75 2096 160 2138 Ista
177 2092 415 2137 similitudo
436 2109 525 2138 non
550 2109 574 2138 a
595 2093 720 2138 nobis
747 2103 810 2137 est
827 2129 838 2149 ,
864 2094 919 2139 de
942 2093 1088 2139 divina
1120 2094 1339 2153 Scriptura
1372 2105 1450 2140 est.

73 2164 270 2222 Legistis,
287 2162 463 2208 audistis
484 2183 492 2207 :
513 2182 532 2205 «
557 2164 675 2208 Sicut
693 2179 847 2208 aurum
862 2164 907 2207 in
924 2162 1100 2208 fornace
1117 2163 1315 2223 probavit
1332 2163 1451 2222 illos;

74 2252 94 2274 n
131 2243 174 2277 et
195 2234 306 2277 sicut
341 2232 579 2277 holocausti
602 2235 786 2279 hostiam
804 2235 968 2294 accepit
989 2234 1084 2279 illos
1102 2236 1134 2277 2.
1163 2253 1182 2275 »
1210 2236 1321 2278 Ecce
1343 2235 1452 2293 quid

23 2321 25 2325 ¹
72 2304 187 2347 eritis
210 2303 264 2347 ad
287 2305 509 2348 thesauros
530 2305 622 2348 Dei.
657 2307 807 2349 Estote
829 2303 982 2348 divites
1010 2305 1064 2349 de
1094 2307 1184 2348 Deo
1204 2322 1213 2348 ε
1237 2318 1327 2347 non
1350 2320 1450 2349 eum

19 2396 24 2411 τ
71 2375 229 2420 facturi
251 2374 459 2429 divitem,
484 2375 558 2419 sed
588 2375 642 2419 de
673 2375 749 2421 illo
769 2375 919 2434 ‘futuri
942 2376 1108 2421 divites.
1130 2373 1314 2434 Impleat
1339 2391 1414 2420 vos
1434 2411 1445 2431 ,

23 2473 25 2482 ·
71 2446 190 2490 aliud
207 2461 297 2490 non
319 2444 556 2491 admittatis
574 2445 631 2490 ad
650 2460 724 2490 cor
740 2455 946 2498 vestrum.

129 2518 255 2560 XIII.
270 2515 496 2576 Numquid
514 2517 558 2560 in
579 2518 826 2577 superbiam
848 2533 923 2563 vos
938 2517 1158 2575 erigimus,
1180 2525 1252 2561 aut
1267 2516 1451 2561 dicimus

117 2608 126 2624 ¹
152 2613 163 2633 ι
183 2604 255 2635 Cor.
272 2613 305 2643 v,
328 2611 380 2635 12.
400 2617 441 2625 -
463 2608 475 2624 ²
493 2605 564 2644 Sap.
584 2613 629 2641 ιιι,
646 2602 678 2633 6.
