1898 3178
378 195 460 233 552
811 205 842 230 s.
881 201 1108 229 AUGUSTINI
1140 201 1320 228 muscom

373 268 581 312 Gentibus
610 275 721 316 erat,
748 266 823 309 ubi
847 264 955 307 nihil
973 264 1113 307 fuerat
1135 265 1407 308 seminatum.
1429 267 1577 307 Restat
1614 278 1717 321 ergo
1739 297 1749 318 ,

372 349 421 383 ut
437 338 724 395 intelligamus
746 336 871 380 istam
888 350 1068 379 messem
1086 333 1213 378 fuisse
1231 335 1276 378 in
1293 333 1459 394 populo
1481 336 1505 377 J
1510 333 1750 378 udaeorum.

372 410 441 453 Ad
462 407 579 452 illam
601 421 781 450 messem
799 406 918 450 venit
939 405 1148 449 Dominus
1169 404 1337 458 messis,
1361 404 1416 447 ad
1432 402 1550 447 illam
1574 418 1754 447 messem

373 478 488 522 misit
508 490 714 520 messores
735 494 744 519 ;
771 476 826 519 ad
847 476 1007 519 Gentes
1029 483 1175 518 autem
1203 489 1293 518 non
1325 488 1532 517 messores
1548 507 1559 528 ,
1595 472 1670 516 sed
1686 487 1756 516 se-

372 549 618 592 minatores.
658 545 954 604 Intelligamus
988 560 1091 604 ergo
1128 558 1310 589 messem
1343 542 1502 587 saetam
1524 543 1570 587 in
1595 543 1757 602 populo

373 621 397 662 J
402 618 650 671 udaeorum,
671 625 909 674 sementem
930 617 975 660 in
995 615 1167 675 populis
1205 604 1437 658 Gentiumss
1458 616 1525 657 Ex
1545 613 1617 657 illa
1640 614 1757 657 enim

372 703 506 732 messe
529 687 726 747 Apostoli
743 687 869 731 electi
891 696 1014 741 sunt,
1039 686 1116 730 ubi
1131 687 1219 745 jam
1241 699 1342 729 cum
1377 692 1637 739 meteretur,
1662 698 1757 728 ma-

374 769 521 803 turum
546 768 658 816 erat,
691 759 793 819 quia
829 758 889 802 ibi
921 759 1151 818 Prophetae
1190 755 1525 800 seminaverunt.
1563 753 1760 799 Delectat

371 830 579 888 inspicere
616 828 925 887 agriculturam
950 829 1045 882 Dei,
1087 836 1130 870 et
1166 825 1377 871 oblectari
1415 825 1540 869 donis
1575 825 1690 884 ejus,
1716 833 1760 869 et

371 899 575 957 operariis
597 899 642 942 in
665 914 768 957 agro
790 900 894 958 ejus.
921 900 972 941 In
1000 898 1081 941 hac
1114 896 1230 939 enim
1253 894 1520 953 agricultura
1543 895 1759 953 operaba-

373 979 444 1013 tur
475 970 551 1029 qui
581 969 755 1014 dicebat
780 988 788 1013 :
816 987 835 1010 «
860 968 962 1012 Plus
1002 967 1204 1012 omnibus
1241 966 1326 1010 illis
1356 965 1592 1010 laboravi1.
1627 983 1649 1007 »
1677 963 1762 1009 Sed

371 1040 481 1084 vires
521 1040 560 1082 ei
580 1039 799 1083 dabantur
831 1037 886 1082 ad
909 1037 1180 1097 operandum
1198 1053 1219 1080 a
1242 1035 1428 1081 Domino
1451 1035 1597 1079 messis
1623 1053 1633 1079 ι
1662 1033 1762 1078 ideo

372 1109 555 1163 subjecit
582 1128 591 1153 2
621 1128 641 1150 a
665 1111 760 1153 Non
786 1123 866 1166 ego
883 1123 1002 1162 sum,
1027 1107 1103 1151 sed
1121 1107 1256 1165 gratia
1273 1106 1351 1149 Dei
1369 1107 1581 1149 mecum2.
1606 1122 1627 1145 »
1652 1106 1761 1149 Nam

373 1194 416 1222 se
448 1179 492 1221 in
524 1177 787 1236 agricultura
825 1178 985 1222 versari
1016 1177 1114 1221 satis
1154 1175 1364 1230 ostendit,
1402 1175 1479 1218 ubi
1501 1175 1559 1218 ait
1583 1193 1592 1219 z
1618 1192 1638 1216 «
1669 1177 1762 1232 Ego

376 1267 396 1289 η
433 1247 653 1307 plantavi,
688 1246 845 1307 Apollo
876 1247 1069 1305 rigavit3.
1103 1265 1123 1287 »
1158 1246 1239 1290 Hic
1277 1254 1422 1289 autem
1456 1244 1687 1304 Apostolus
1708 1243 1763 1287 de

377 1318 505 1361 Saulo
523 1317 699 1372 Paulus,
719 1318 804 1361 hoc
819 1326 899 1370 est,
918 1317 972 1360 de
986 1317 1175 1375 superbo
1194 1315 1398 1358 minimus
1421 1333 1429 1358 2
1449 1314 1629 1371 (Saulus
1646 1314 1762 1357 enim

376 1403 398 1430 a
420 1386 546 1431 Saiile
568 1386 876 1430 denominatur
898 1405 906 1430 :
927 1386 1108 1444 paulum
1127 1393 1272 1428 autem
1286 1383 1508 1427 modicum
1527 1392 1591 1427 est
1614 1401 1623 1427 z
1645 1383 1763 1426 unde

377 1471 538 1499 nomen
553 1471 679 1499 suum
703 1454 894 1514 quodam
918 1454 1049 1498 modo
1062 1454 1387 1512 interpretatus,
1409 1452 1467 1495 ait
1487 1467 1496 1492 t
1518 1454 1648 1509 «Ego
1667 1467 1762 1496 sum

379 1545 399 1567 >›
435 1526 640 1568 minimus
677 1523 987 1582 Apostolorum
1009 1543 1017 1568 :
1038 1542 1057 1564 »
1085 1524 1211 1581 >ipse
1242 1537 1344 1579 ergo
1380 1520 1563 1576 Paulus,
1601 1522 1647 1566 id
1676 1531 1760 1577 est,

379 1595 573 1640 modicus
592 1604 634 1638 et
655 1595 859 1637 minimus
881 1594 1033 1636 missus
1057 1592 1112 1636 ad
1138 1593 1318 1646 Gentes,
1339 1592 1557 1650 praecipue
1579 1591 1635 1636 ad
1652 1593 1765 1636 Gen-

382 1676 441 1710 tes
464 1680 507 1708 se
525 1664 700 1707 missum
726 1663 831 1707 dicit
846 1664 877 1706 4.
898 1665 993 1721 Ipse
1015 1662 1186 1716 scribit,
1212 1677 1289 1705 nos
1306 1661 1509 1720 legimus,
1530 1661 1761 1718 credimus,

379 1734 677 1795 praedicamus.
712 1736 808 1791 Ipse
840 1747 942 1790 ergo
971 1731 1077 1776 dicit
1104 1731 1149 1775 in
1172 1731 1364 1791 Epistola
1387 1747 1463 1775 sua
1485 1747 1584 1791 quae
1619 1741 1683 1776 est
1709 1732 1764 1776 ad

381 1805 574 1858 Galatas,
602 1812 803 1847 vocatum
826 1817 868 1845 se
887 1803 975 1861 jam
1008 1818 1030 1845 a
1059 1802 1245 1846 Domino
1267 1805 1370 1845 Jesu
1392 1803 1556 1845 venisse
1590 1804 1765 1846 Jeroso-

380 1875 563 1932 lymam,
591 1882 633 1916 et
656 1871 942 1930 Evangelium
967 1886 1068 1915 cum
1090 1871 1305 1929 Apostolis
1326 1870 1584 1925 contulisse,
1613 1871 1764 1915 dexte-

381 1961 444 1988 ras
460 1945 539 1988 sibi
556 1942 676 1987 datas
692 1942 821 1986 fuisse
839 1977 850 1997 ,
871 1951 914 1985 et
929 1943 1100 2000 signum
1118 1941 1362 1985 concordiae
1379 1976 1390 1994 ‚
1415 1942 1586 1999 signum
1609 1957 1765 1987 conso-

380 2015 554 2068 nantiae,
569 2013 689 2072 quod
704 2012 758 2056 ab
773 2027 817 2056 se
829 2012 909 2070 ipsi
922 2010 1178 2065 didicerant,
1192 2011 1249 2053 eis
1265 2011 1307 2053 in
1320 2010 1456 2055 nihilo
1471 2010 1759 2070 discrepabat.

381 2085 543 2127 Deinde
565 2082 773 2141 placuisse
791 2080 897 2125 dicit
916 2081 1029 2124 inter
1051 2096 1095 2124 se
1117 2090 1159 2124 et
1175 2080 1310 2139 ipsos,
1338 2088 1386 2124 ut
1401 2081 1491 2140 ipse
1512 2080 1566 2125 ad
1584 2082 1758 2136 Gentes,

383 2153 444 2197 illi
477 2162 621 2197 autem
657 2152 701 2195 in
734 2150 1103 2195 circumcisionem
1135 2150 1273 2201 irent;
1301 2149 1373 2193 ille
1406 2150 1667 2205 seminator,
1699 2150 1763 2195 illi

384 2239 601 2268 messores.
638 2222 794 2267 Merito
813 2222 940 2265 ctiam
961 2221 1263 2274 Athenienses,
1283 2221 1478 2280 quamvis
1500 2223 1758 2278 nescientes,

381 2310 540 2339 nomen
562 2308 690 2338 suum
712 2294 750 2336 ei
770 2292 986 2336 dixerunt.
1013 2291 1248 2335 Audientes
1265 2292 1379 2334 enim
1402 2292 1455 2335 ab
1472 2306 1523 2335 eo
1543 2292 1726 2336 verbum
1749 2310 1758 2337 :

384 2381 405 2405 «
439 2364 542 2416 Quis
565 2372 655 2417 est,
682 2362 915 2421 inquiunt,
941 2361 1011 2405 hic
1033 2361 1264 2404 seminator
1285 2361 1519 2405 verborum
1535 2362 1584 2402 ⁵?
1608 2378 1628 2401 »

441 2465 451 2481 ¹
482 2468 494 2490 ι
521 2461 594 2490 Cor.
626 2469 679 2495 xv,
708 2470 757 2490 ro.
791 2475 831 2480 —
858 2465 869 2479 ²
889 2457 968 2488 lbid.
991 2473 1028 2479 --
1051 2455 1063 2477 3
1085 2457 1117 2487 [ι]
1152 2468 1207 2497 111,
1227 2456 1248 2487 6
1286 2473 1317 2479 —-
1354 2455 1488 2488 4Gala'r.
1509 2467 1543 2497 11,
1567 2468 1597 2497 r,
1618 2460 1684 2489 etc.
1716 2473 1758 2480 -

385 2512 399 2536 5
423 2514 664 2554 Act.xx*11,18.
