1898 3178
393 228 532 258 sERMO
563 228 657 265 mv,
691 226 746 253 DE
778 227 923 255 vmims
953 223 1119 255 ΜΑΤΤΗ.
1154 227 1196 253 v.
1403 215 1485 254 167

921 400 1486 418 mmmumwwwwwwuoem

111 401 421 420 wmwtwmwwwn
425 401 633 418 WWWUVU!
638 400 707 416 m

576 551 804 598 SERMO
852 551 962 598 LIV
985 549 1015 596 ¹.

109 740 171 781 De
191 752 243 781 eo
273 735 394 796 quod
413 736 623 796 scriptum
643 743 708 781 est
723 735 770 780 in
793 733 1030 794 Evangelio
1049 735 1207 780 Matth.
1228 752 1255 780 v
1281 752 1291 780 :
1315 734 1401 781 Sic
1422 733 1492 779 lu·-

165 816 277 852 ceat
297 805 453 851 lumen
475 816 682 851 vestrum
702 821 871 852 coram
903 803 1171 850 hominibus
1186 839 1197 861 ,
1223 815 1274 850 ιιι
1294 804 1494 851 videant

169 877 295 922 bona
317 893 467 937 opera
482 886 645 922 vestra
660 912 671 933 ,
692 886 739 922 et
752 875 1023 940 glorzficent
1042 877 1244 922 Patrem
1263 886 1490 931 vestram,

165 949 250 1007 qui
268 949 317 992 in
337 946 470 992 coelis
487 957 558 992 est
576 965 586 992 :
607 957 651 992 et
671 956 825 993 contra
843 963 940 1007 cap.
961 965 1022 992 v1.
1042 946 1295 993 Attendite
1315 962 1376 992 ne
1386 946 1494 1009 jus-

166 1018 326 1061 titiam
341 1027 552 1063 vestram
550 1017 766 1081 faciatis
779 1033 944 1063 coram
959 1015 1245 1074 hominibus,
1261 1025 1313 1062 ut
1328 1015 1495 1062 videa-

165 1086 362 1132 mz'nz'ab
378 1088 460 1132 eis.

163 1261 200 1304 Ι.
221 1260 360 1304 SOLET
396 1260 559 1303 multos
592 1272 790 1314 movere,
821 1258 1090 1314 charissimi,
1133 1258 1254 1319 quod
1282 1257 1495 1304 Dominus

105 1337 249 1374 noster
271 1330 394 1373 Jesus
423 1327 621 1374 Christus
642 1329 688 1372 in
713 1329 920 1374 Sermone
936 1327 1225 1387 Evangelioe,
1250 1343 1351 1373 cum
1376 1328 1496 1388 prius

103 1398 306 1448 dixisset:
335 1417 356 1441 «
376 1401 541 1443 Luceat
569 1397 720 1442 lumen
751 1407 944 1443 vestrum
966 1413 1113 1443 coram
1144 1398 1419 1454 hominibus,
1443 1408 1495 1443 ut

105 1487 127 1511 »
162 1469 340 1516 videant
367 1469 484 1514 bona
505 1484 636 1529 opera
656 1478 826 1526 vestra,
857 1478 901 1514 et
923 1468 1168 1529 glorificent
1194 1472 1368 1514 Patrem
1394 1483 1493 1514 ves-

104 1558 125 1582 »
161 1549 278 1584 trum
292 1573 304 1596 ,
324 1539 401 1600 qui
419 1539 465 1584 in
482 1539 602 1584 coelis
624 1541 714 1584 est²
728 1575 741 1596 ,
765 1558 785 1581 »
811 1549 962 1600 postea
980 1538 1089 1584 dixit
1110 1559 1118 1584 :
1144 1558 1165 1583 «
1189 1539 1416 1585 Attendite
1438 1555 1494 1584 ne

104 1627 127 1652 »
155 1610 366 1671 justitiam
389 1620 575 1656 vestram
597 1610 764 1656 faciatis
801 1627 948 1656 coram
975 1611 1250 1667 hominibus,
1276 1621 1327 1656 ut
1343 1611 1493 1657 videa-

102 1697 124 1722 »
160 1680 267 1724 mini
289 1681 345 1724 ab
367 1682 465 1725 eisss.
494 1699 515 1722 »
542 1681 763 1726 Turbatur
784 1682 901 1726 enim
921 1696 1044 1726 mens
1063 1697 1218 1742 parum
1240 1681 1492 1741 intelligen-

100 1750 182 1804 tis,
208 1760 252 1793 et
283 1760 503 1808 praecepto
524 1752 700 1808 utrique
731 1749 943 1794 obaudire
973 1751 1211 1810 cupientis,
1249 1762 1292 1795 et
1323 1766 1401 1811 per
1422 1751 1490 1796 di-

99 1835 223 1864 versa
260 1828 304 1863 et
340 1817 519 1863 adversa
550 1818 827 1863 distenditur.
873 1821 980 1863 Tam
1020 1819 1138 1864 enim
1175 1835 1304 1866 nemo
1346 1831 1491 1882 potest

99 1889 298 1950 quamvis
324 1888 402 1933 uni
431 1887 611 1933 domino
640 1889 943 1949 obtemperare
964 1891 1251 1949 repugnantia
1275 1891 1484 1951 jubenti,

99 1975 233 2020 quam
259 1978 279 2001 «
313 1960 452 2005 Nemo
473 1967 617 2017 potest
642 1959 772 2004 etiam
803 1957 977 2004 duobus
1011 1958 1197 2004 dominis
1217 1960 1404 2005 servire4
1426 1981 1434 2007 :
1462 1981 1484 2005 »

99 2022 221 2089 quod
238 2027 392 2073 eodem
411 2030 618 2073 Sermone
637 2027 834 2074 Salvator
850 2030 940 2089 ipse
955 2038 1136 2074 testatus
1154 2039 1232 2075 est,
1248 2030 1366 2083 Quid
1383 2046 1487 2091 ergo

99 2098 229 2144 faciet
265 2098 434 2142 animus
472 2107 631 2143 nutans
650 2134 661 2154 ,
693 2114 795 2143 cum
826 2115 871 2144 se
907 2100 1209 2159 obtemperare
1240 2115 1331 2145 non
1362 2116 1486 2160 posse

34 2207 35 2210 ,
99 2169 333 2223 existimat,
359 2177 402 2212 et
420 2183 510 2212 non
545 2168 847 2229 obtemperare
868 2168 1077 2214 formidat
1093 2171 1139 2214 ⁵?
1163 2170 1207 2216 Si
1228 2170 1344 2214 enim
1367 2171 1485 2218 bona

0 2235 2 2239 ’
34 2295 35 2298 ¹
99 2255 230 2300 opera
248 2239 389 2283 suain
409 2239 506 2284 luce
531 2240 722 2300 posuerit
742 2240 993 2286 hominibus
1021 2239 1231 2286 intuenda
1246 2276 1258 2297 ‚
1284 2250 1334 2286 ut
1354 2240 1484 2289 faciat

98 2311 219 2371 quod
243 2318 509 2369 praeceptum
528 2320 591 2356 est
612 2329 622 2358 :
645 2330 666 2355 «
688 2310 757 2357 Sic
775 2311 920 2359 luceat
946 2310 1098 2357 lumen
1122 2322 1315 2358 vestrum
1334 2328 1481 2361 coram

101 2397 123 2428 ³»
156 2380 407 2425 hominibus
419 2416 430 2435 ‚
448 2389 497 2425 ut
513 2379 685 2433 videant
702 2382 820 2428 bona
839 2398 971 2443 opera
991 2392 1148 2439 vestra,
1173 2392 1217 2428 et
1235 2382 1480 2444 glorificent

145 2488 154 2505 ¹
173 2486 258 2520 Alias
275 2496 296 2520 2
313 2488 353 2520 de
372 2488 480 2520 verbis
490 2488 670 2522 Domini.--
685 2497 698 2512 ²
716 2490 838 2524 Matth.
854 2501 888 2532 v,
907 2489 1028 2526 16.—3
1049 2491 1097 2524 Id.
1120 2502 1168 2533 vr,
1192 2502 1269 2526 ι.-,-
1287 2490 1306 2518 6
1327 2492 1410 2526 lbid.
1422 2491 1478 2534 24.

101 2558 143 2566 -·
160 2540 174 2565 5
192 2543 297 2574 Florus
315 2544 354 2576 ad
371 2552 390 2576 2
409 2546 480 2575 Cor.
501 2556 547 2576 tv.
