1898 3178
20 0 44 119 Ἴ

351 215 488 243 SERMO
521 215 640 252 XCVI,
676 215 729 241 DE
763 213 907 242 vmzms
940 214 1068 242 MAnc.
1106 216 1200 242 vm.
1380 203 1459 242 517

1 432 15 460 K

3 503 10 528 l

41 200 45 283 ἒ

42 299 45 318 l

0 362 31 406 μῷ
41 360 46 418 Ι
88 385 1422 406 mmmmmWQQWWKQM=WWMRMMWUM=MKWUQUW
1427 389 1464 406 vv

510 522 738 568 SERMO
783 522 937 570 XCVI
953 525 982 567 ¹.

21 606 25 634 e

0 642 29 740 K·
86 676 147 718 De
172 673 315 718 verbis
346 673 572 731 Evangelii
593 673 726 718 Marci
752 692 831 717 v111
851 692 861 719 :
885 673 942 720 Si
967 675 1071 733 quis
1090 674 1191 719 vult
1212 691 1286 720 me
1305 680 1463 734 sequi,

143 741 349 805 abneget
364 743 684 802 semetipsum,
704 753 788 789 etc.
805 746 954 804 Deque
970 745 1111 789 verbis
1133 754 1150 788 1
1174 748 1284 790 Joan
1297 765 1346 797 11,
1370 747 1470 806 Qui

83 846 86 847 ν
143 810 299 872 diligit
321 811 574 869 mnndum,
598 829 694 858 non
716 823 787 859 est
807 812 997 859 dilectio
1019 815 1187 859 Patris
1212 817 1261 860 in
1283 831 1352 860 eo.

2 982 26 1038 p
47 982 51 1067 Ι
143 975 177 1016 I.
204 974 368 1015 DURUM
405 970 578 1016 videtur
598 980 642 1016 et
663 987 790 1031 grave
812 972 932 1032 quod
952 973 1162 1017 Dominus
1191 973 1463 1032 impetravit,

2 1053 52 1106 ω,
75 1049 132 1086 ἰη
152 1042 186 1086 si
213 1042 310 1100 quis
333 1056 434 1085 eum
457 1041 552 1085 vult
573 1042 718 1102 sequi,
759 1042 945 1102 abneget
977 1058 1021 1086 se
1047 1044 1231 1103 ipsum‘2.
1266 1043 1350 1088 Sed
1377 1059 1466 1087 non

8 1117 32 1166 ,ὴὲ
83 1120 146 1156 est
169 1111 329 1155 durum
352 1127 432 1156 nec
456 1127 584 1170 grave
620 1112 741 1171 quod
773 1112 846 1157 ille
880 1113 1063 1172 imperat
1081 1148 1092 1168 ,
1122 1114 1199 1173 qui
1220 1114 1397 1173 adjuvat
1418 1123 1468 1157 ut

4 1165 34 1239 ff
82 1184 158 1227 fiat
177 1183 298 1242 quod
317 1183 515 1241 imperat.
535 1185 645 1228 Nam
662 1192 706 1227 et
728 1183 839 1227 illud
860 1199 1012 1228 verum
1031 1194 1093 1229 est
1109 1185 1231 1244 quod
1249 1185 1287 1228 ei
1309 1186 1468 1229 dicitur

0 1245 34 1307 ,igi
74 1253 127 1296 in
149 1253 319 1297 Psalmo
346 1272 354 1297 :
386 1272 405 1293 «
431 1257 612 1312 Propter
641 1254 771 1298 verba
803 1253 1020 1298 labiorum
1054 1264 1231 1299 tuorum
1254 1270 1334 1313 ego
1368 1269 1468 1299 eus-

0 1337 53 1386 ³³·,·!
84 1340 105 1364 »
139 1322 276 1366 todivi
292 1322 382 1366 vias
405 1321 579 1366 duras-22.
609 1341 629 1363 »
655 1326 711 1366 Et
737 1323 850 1367 illud
875 1339 1027 1368 verum
1057 1334 1121 1369 est
1141 1324 1259 1385 quod
1283 1326 1373 1384 ipse
1401 1325 1469 1369 di-

0 1402 37 1448 imi¹
81 1392 144 1436 xit
168 1410 177 1436 ε
203 1411 223 1434 «
249 1394 413 1451 Jugum
438 1406 585 1436 meum
613 1392 711 1436 lene
737 1402 822 1447 est,
844 1402 887 1437 et
904 1408 1013 1437 onus
1029 1408 1175 1437 meum
1194 1395 1290 1438 leve
1313 1403 1375 1437 est
1391 1397 1422 1438 4.
1444 1413 1463 1435 »

0 1482 33 1519 Ἐκ
81 1461 304 1521 Quidquid
325 1462 441 1505 enim
464 1460 625 1505 durum
648 1471 712 1506 est
733 1463 780 1506 in
801 1463 1049 1522 praeceptis,
1075 1472 1125 1507 ut
1146 1465 1200 1507 sit
1221 1464 1317 1506 lene
1332 1498 1342 1517 ,
1364 1465 1468 1508 cha-

3 1545 32 1589 μι
81 1532 182 1576 ritas
203 1532 321 1576 facit.
358 1531 566 1575 Novimus
587 1541 751 1591 quanta
770 1532 861 1591 ipse
883 1547 1004 1576 amor
1032 1531 1176 1577 faeiat.
1203 1532 1467 1591 Plerumque

0 1602 32 1658 ,ἓξ
81 1601 210 1646 etiam
229 1602 320 1660 ipse
334 1616 453 1645 amor
465 1601 677 1660 reprobus
692 1611 822 1660 atque
840 1602 1024 1645 lascivus
1041 1611 1103 1646 est
1122 1622 1130 1646 ε
1148 1611 1313 1661 quanta
1323 1603 1467 1647 homi-

0 1686 34 1730 535
81 1686 157 1715 nes
169 1670 278 1715 dura
289 1671 479 1730 perpessi
495 1680 611 1725 sunt3
630 1680 796 1730 quanta
810 1669 988 1728 indigna
1003 1679 1045 1714 et
1061 1671 1345 1715 intolerabilia
1368 1688 1468 1730 per-

0 1773 42 1801 33‘
81 1741 305 1796 tulerunt,
330 1750 380 1785 ut
401 1741 677 1800 pervenirent
700 1739 755 1784 ad
787 1741 833 1784 id
854 1740 975 1800 quod
996 1743 1279 1785 amaverunt?
1306 1742 1394 1786 sive
1414 1743 1468 1787 sit

11 1828 35 1859 :21
82 1821 247 1857 amator
282 1812 509 1870 pecuniae,
549 1812 626 1870 qui
662 1818 845 1855 vocatur
880 1825 1058 1868 avarus3
1092 1810 1180 1855 sive
1209 1811 1264 1855 sit
1290 1811 1467 1856 honoris

32 1900 34 1915 =
83 1891 276 1938 amator,
302 1882 378 1942 qui
399 1890 581 1927 vocatur
609 1881 862 1926 ambitiosus
882 1902 893 1939 3
911 1882 998 1926 sive
1024 1881 1078 1926 sit
1109 1897 1342 1941 corporum
1363 1883 1466 1942 pul-

32 1989 33 1993 ,
82 1953 288 1998 chrorum
326 1961 520 2007 amator,
551 1952 627 2011 qui
659 1960 841 1996 vocatur
878 1950 1076 1995 lascivus.
1109 1953 1166 1995 Et
1199 1952 1295 2012 quis
1324 1962 1468 2011 posset

0 2043 35 2087 [vj-¹
82 2039 337 2069 enumerare
359 2039 509 2068 omnes
529 2025 726 2068 amores?
753 2023 1033 2069 Considerate
1053 2032 1221 2080 tamen,
1252 2033 1466 2083 quantum

2 2127 17 2157 Ε
32 2096 47 2121 7
82 2094 284 2139 laborent
305 2108 453 2138 omnes
478 2102 689 2138 amatores
707 2128 718 2149 ,
734 2108 816 2137 nec
833 2093 1028 2138 sentiunt
1040 2094 1160 2154 quod
1173 2093 1376 2138 laborant
1400 2104 1468 2139 :et

84 2173 190 2208 tune
207 2164 262 2208 ab
277 2164 336 2207 eis
355 2163 452 2222 plus
473 2162 711 2218 laboratur,
723 2161 901 2224 quando
915 2179 938 2208 a
952 2163 1102 2208 labore
1114 2165 1298 2225 quisque
1316 2165 1468 2223 prohi-

84 2234 226 2280 betur.
260 2236 375 2280 Cum
408 2249 511 2292 ergo
532 2233 641 2278 tales
670 2234 755 2278 sint
773 2234 971 2279 homines
998 2234 1170 2293 plures3
1194 2235 1343 2295 quales
1368 2245 1470 2280 sunt

86 2318 273 2358 amores,
297 2302 494 2363 nihilque
525 2302 644 2347 aliud
661 2319 777 2349 curae
797 2318 888 2348 esse
908 2303 1067 2349 debeat
1103 2303 1325 2364 quomodo
1346 2305 1469 2350 viva-

89 2383 184 2429 tur,
209 2374 290 2418 nisi
310 2383 361 2418 ut
381 2371 502 2433 quod
523 2372 760 2417 amandum
776 2382 840 2418 est
857 2373 1040 2432 eligatur
1061 2393 1071 2418 ε
1096 2373 1203 2433 quid
1224 2374 1391 2418 miraris
1407 2409 1417 2428 ,
1440 2375 1473 2418 si

91 2442 166 2487 ille
194 2443 271 2502 qui
307 2442 447 2501 diligit
484 2443 726 2498 Christum,
759 2452 803 2488 et
836 2444 912 2502 qui
943 2441 1039 2487 vult
1072 2444 1193 2503 sequi
1227 2444 1469 2499 Christum,

135 2540 144 2557 ¹
163 2537 246 2571 Alias
259 2539 300 2571 de
317 2538 453 2570 Diversis
466 2538 566 2579 47.—
586 2545 598 2561 '¹
613 2540 710 2570 Marc.
725 2549 792 2579 vui,
805 2537 904 2579 34-
915 2537 928 2561 3
940 2539 1018 2570 Psal.
1036 2549 1100 2578 xvi,
1114 2539 1193 2580 4.-
1204 2538 1392 2581 AMatthm,
1413 2541 1464 2572 30.
