1898 3178
422 213 503 250 228
880 218 914 245 s·
950 219 1179 246 Aucus‘riffl
1210 219 1390 246 Episcom

478 289 536 330 II.
557 289 672 344 Ergo
688 319 698 338 ,
732 284 907 339 fratres,
931 283 1031 328 ideo
1055 283 1156 327 mali
1182 283 1349 328 bonum
1365 286 1536 326 Patrem
1560 281 1770 324 habemus
1787 315 1798 336 ,

417 371 473 401 ne
493 371 662 415 semper
683 354 784 398 mali
812 368 1128 399 remaneamus.
1154 356 1293 401 Nemo
1320 352 1457 397 malus
1487 351 1588 396 facit
1618 353 1798 396 bonum.
1863 403 1867 419 ,

419 429 462 472 Si
494 441 624 470 nemo
656 424 793 468 malus
827 423 932 468 facit
959 425 1153 480 honum,
1177 425 1312 468 homo
1341 422 1482 467 malus
1513 421 1737 482 quomodo
1759 436 1804 465 se
1864 423 1866 452 ἓ

416 496 520 541 facit
541 496 744 541 bonum?
775 495 896 540 Facit
916 494 971 539 de
1002 495 1118 540 malo
1134 495 1303 539 bonum
1318 529 1329 549 ,
1350 494 1426 553 qui
1447 508 1617 552 semper
1638 501 1703 537 est
1724 493 1806 536 bo-

417 582 515 611 nus.
545 585 566 608 «
591 568 704 611 Sana
724 581 817 622 me,
837 566 1036 622 Domine,
1062 567 1221 627 inquit,
1247 574 1291 608 et
1313 564 1525 621 sanabor,
1550 563 1719 608 salvum
1736 578 1806 608 me

421 655 441 678 »
477 637 545 681 fac
564 672 575 692 ,
603 646 646 681 et
662 636 806 681 salvus
833 639 952 682 ero¹.
982 657 1001 678 »
1025 636 1143 690 Quid
1164 636 1270 679 mihi
1287 633 1441 680 dicunt
1457 634 1558 679 vani
1579 649 1712 689 vana,
1741 636 1824 677 Tu.
1859 662 1863 674 .

420 716 459 751 te
480 706 648 752 salvum
670 707 791 762 facis,
815 708 849 752 si
868 707 1087 752 volueris?
1111 726 1132 749 «
1160 709 1272 751 Sana
1289 721 1375 761 me,
1394 706 1602 760 Domine,
1622 713 1666 749 et
1687 719 1808 750 sana·
1874 747 1875 762 ἶ
1895 727 1898 731 ·

421 796 442 819 »
478 777 572 822 bor.
602 795 623 819 ι)
647 780 734 824 Νο3
756 778 861 823 boni
893 777 1060 823 conditi
1090 791 1239 821 sumus
1264 792 1289 820 a
1315 777 1433 821 bono
1459 795 1468 821 :
1494 794 1515 818 α
1546 775 1670 819 Fecit
1690 774 1808 818 enim
1859 764 1898 812 3²

423 868 442 890 »
479 852 589 892 Deus
610 848 831 892 hominem
852 850 1052 892 rectum²
1073 866 1082 892 :
1111 865 1131 888 »
1159 846 1338 891 arbitrio
1359 855 1506 890 autem
1534 853 1684 890 nostro
1704 843 1808 889 facti
1895 867 1898 875 ι

419 932 570 962 sumus
593 917 712 962 mali.
743 919 971 962 Potuimus
998 932 1088 961 esse
1114 932 1165 961 ex
1198 916 1325 961 bonis
1351 914 1475 970 mali,
1507 924 1550 959 et
1571 915 1810 974 poterimus
1858 911 1898 958 Ϊῑ

419 1002 509 1032 6336
532 1003 583 1032 ex
610 987 732 1032 malis
755 987 876 1032 boni,
901 987 985 1032 Sed
1007 987 1083 1046 qui
1101 1000 1270 1045 semper
1302 994 1365 1029 est
1392 986 1559 1040 bonus⁷
1584 985 1674 1044 ipse
1703 984 1811 1028 facit
1873 1006 1879 1022 ι

419 1072 470 1101 ex
493 1057 609 1102 malo
626 1058 794 1101 bonum
817 1076 826 1102 ι
850 1058 953 1117 quia
975 1058 1066 1117 ipse
1086 1057 1221 1101 homo
1239 1056 1465 1102 voluntate
1492 1071 1569 1100 sua
1598 1070 1643 1099 se
1662 1069 1810 1099 sanare

419 1142 510 1172 non
531 1128 688 1186 potuit.
701 1129 799 1172 Non
813 1128 970 1188 quaeris
991 1126 1229 1183 medicum,
1246 1135 1297 1171 ut
1315 1126 1516 1171 vulneres
1533 1135 1576 1169 te
1594 1144 1603 1170 :
1620 1126 1689 1169 sed
1710 1140 1811 1169 cum

420 1197 714 1241 vulneraveris
735 1206 795 1252 te,
809 1197 966 1256 quaeris
984 1197 1060 1256 qui
1079 1206 1200 1241 sanet
1221 1206 1278 1240 te.
1306 1198 1427 1241 Bona
1450 1211 1553 1255 ergo
1570 1194 1812 1240 secundum

422 1277 616 1327 tempus,
650 1268 764 1311 bona
788 1266 1042 1326 temporalia
1058 1301 1069 1322 ,
1101 1266 1342 1325 corporalia
1362 1302 1373 1321 ,
1399 1265 1588 1310 carnalia
1614 1266 1824 1310 novimus·

422 1336 526 1381 dare
545 1337 644 1380 filiis
665 1337 839 1390 nostris,
864 1337 991 1380 etiam
1016 1352 1117 1380 cum
1139 1336 1272 1380 simus
1289 1335 1409 1380 mali.
1432 1338 1552 1380 Bona
1574 1335 1691 1378 enim
1712 1342 1814 1379 sunt

424 1418 468 1452 et
484 1409 563 1452 ista
580 1443 591 1463 ,
612 1408 709 1467 quis
728 1406 932 1452 dubitet?
952 1407 1082 1451 Piscis
1101 1442 1112 1461 ,
1138 1422 1269 1451 ovum
1287 1442 1298 1462 ,
1319 1407 1465 1466 panis,
1490 1421 1672 1465 pomum
1686 1441 1698 1461 ‚
1720 1405 1814 1450 fru-

421 1487 639 1533 mentum,
658 1478 734 1521 lux
744 1478 842 1536 ista,
860 1482 931 1522 aer
954 1478 1033 1522 iste
1056 1493 1187 1537 quem
1206 1477 1424 1533 ducimus,
1441 1478 1555 1522 bona
1571 1486 1673 1522 sunt
1688 1477 1783 1521 haec
1801 1495 1811 1521 ι

422 1550 526 1608 ipsae
543 1549 707 1593 divitiae
727 1550 774 1592 in
796 1550 958 1609 quibus
978 1549 1177 1593 homines
1200 1549 1485 1604 extolluntur,
1510 1558 1553 1593 et
1574 1563 1698 1608 pares
1715 1562 1813 1592 suos

423 1620 622 1663 homines
654 1619 758 1663 alios
790 1634 880 1663 non
904 1627 1147 1677 agnoscunt
1165 1654 1176 1674 ,
1214 1619 1260 1662 in
1282 1619 1444 1679 quibus
1459 1654 1470 1675 ,
1494 1619 1675 1679 inquam
1693 1653 1704 1673 ,
1728 1619 1812 1663 ho·-
1868 1631 1877 1674 ,¹

424 1690 561 1733 mines
603 1689 897 1743 extolluntur,
938 1689 1075 1747 magis
1113 1697 1305 1733 amantes
1337 1698 1502 1733 vestem
1538 1688 1781 1747 fulgentem
1797 1707 1818 1744 ‚·
1868 1693 1879 1715 ²'

424 1774 557 1819 quam
591 1760 829 1817 cogitantes
855 1773 1137 1803 communem
1174 1768 1348 1817 cutem,
1378 1760 1481 1819 ipsae
1511 1775 1615 1819 ergo
1652 1759 1823 1804 divitiae
1864 1783 1872 1794 κ

422 1830 552 1874 bonae
575 1839 678 1874 sunt
702 1849 711 1874 ε
737 1828 814 1873 sed
843 1830 922 1873 ista
949 1829 1094 1874 omnia
1118 1829 1234 1874 bona
1265 1845 1365 1889 quae
1399 1830 1763 1885 commemoravi,
1789 1846 1813 1875 a

425 1900 551 1945 bonis
573 1909 616 1944 et
644 1899 766 1944 malis
786 1899 938 1943 haberi
967 1909 1174 1958 possunt,
1195 1908 1238 1944 et
1270 1915 1372 1944 cum
1395 1900 1509 1944 bona
1538 1901 1648 1957 sint,
1674 1900 1822 1946 bonos·

426 1979 573 2014 tamen
594 1971 736 2014 facere
757 1985 847 2014 non
870 1978 1064 2028 possunt.

488 2043 569 2085 ΙΙΙ.
593 2043 670 2085 Est
691 2054 792 2098 ergo
816 2040 981 2084 bonum
997 2075 1008 2095 ,
1046 2040 1167 2100 quod
1194 2039 1324 2084 faciat
1354 2041 1522 2086 bonum
1544 2061 1552 2086 ε
1581 2051 1625 2086 et
1645 2051 1708 2087 est
1728 2043 1822 2087 bo-'
1860 2036 1864 2045 ’

428 2125 535 2155 ιιιιιιι
555 2145 566 2166 ,
599 2111 717 2155 unde
748 2109 879 2155 facias
912 2111 1093 2155 bonum.
1131 2113 1303 2155 Bonum
1329 2113 1451 2173 quod
1487 2114 1592 2159 facit
1614 2104 1825 2170 bonumj
1860 2107 1898 2180 ,ἦα

429 2184 544 2226 Deus
565 2190 644 2226 est.
671 2183 769 2226 Non
791 2182 908 2225 enim
932 2180 1034 2226 facit
1062 2183 1285 2227 hominem
1315 2183 1506 2239 bonum,
1538 2185 1619 2229 nisi
1643 2185 1715 2230 ifle
1736 2185 1812 2246 qui
1857 2188 1898 2240 ιζῖ-

430 2267 597 2312 semper
619 2261 683 2297 est
703 2253 859 2296 bonus.
885 2253 1002 2310 Ergo
1016 2261 1065 2296 ut
1085 2251 1139 2296 sis
1163 2253 1318 2309 bonus,
1336 2256 1475 2299 Deum
1491 2255 1659 2300 invoca.
1681 2254 1823 2300 Aliud·
1861 2251 1894 2308 22³¹

432 2331 576 2366 autem
601 2322 767 2367 bonum
789 2329 853 2365 est
873 2320 992 2366 unde
1013 2321 1143 2366 facias
1171 2322 1374 2368 bonum:
1402 2323 1448 2368 id
1481 2334 1569 2380 est,
1594 2323 1823 2386 quidquid‘
1869 2310 1898 2372 ιέ

431 2391 649 2437 habueris.
685 2396 853 2438 Aurum
881 2401 968 2446 est,
999 2401 1228 2451 argentum
1259 2403 1349 2451 est,
1387 2395 1554 2440 bonum
1587 2406 1651 2441 est
1667 2432 1678 2452 ,
1723 2403 1826 2441 non
1865 2398 1898 2439 im

430 2462 546 2520 quod
585 2471 625 2505 te
656 2464 784 2508 faciat
819 2463 1007 2518 bonum,
1043 2463 1117 2509 sed
1148 2464 1267 2509 unde
1296 2465 1427 2510 facias
1459 2467 1643 2513 bonum.
1669 2468 1810 2513 Habes
1846 2451 1898 2529 {³2

480 2550 613 2577 'Jermn
653 2547 788 2586 K811‚!.s5
829 2564 863 2570 --
883 2547 1012 2579 ‘Fcclh
1035 2558 1086 2585 ιιι
1115 2548 1167 2579 30.
1819 2555 1850 2657 Ἰ

1875 1820 1898 2080 π-.·ὗ>κ-ιΑ-9“-Ξςᾼ
1886 1763 1898 1797 ,ττι
1886 1697 1898 1727 Β

1844 2661 1849 2754 2

1843 2957 1848 3027 ι
