1898 3178
372 260 508 289 senno
541 260 665 298 Lxxt,
702 261 754 286 niz
787 261 931 288 vannis
964 258 1128 287 ΜΑΤΤΗ.
1164 258 1239 285 xit.
1400 247 1481 286 297

109 324 342 385 adjuvante
374 325 583 378 Domino,
623 333 758 368 totum
784 323 901 382 quod
939 323 1124 368 occurrit
1146 321 1383 382 expediam.
1407 322 1489 366 Alii

107 396 270 455 quippe
300 395 388 438 duo
412 393 700 451 Evangelistae
715 428 726 446 ‚
765 397 935 437 Marcus
957 403 1000 438 et
1018 398 1153 438 Lucas
1170 428 1181 448 ‚
1211 407 1311 436 cum
1333 391 1387 435 de
1409 393 1489 436 hac

108 480 154 508 re
174 464 473 524 loquerentur,
494 478 584 506 non
600 462 817 517 dixerunt,
838 463 1149 522 blasphemiam
1163 499 1173 519 ,
1192 478 1267 506 seu
1276 462 1458 507 verbum
1477 481 1486 506 2

111 543 159 577 ut
176 533 514 591 intelligeremus
537 548 625 576 non
647 548 823 577 omnem
847 532 1184 591 blasphemiam,
1220 533 1295 577 sed
1333 547 1488 592 quam-

109 603 208 646 dam
227 623 238 660 3
258 618 337 646 nee
358 603 541 647 verbum
563 617 717 658 omne,
742 603 817 646 sed
835 602 1070 662 quoddam.
1095 603 1210 655 Quid
1246 618 1348 661 ergo
1372 602 1490 645 dixe-

118 674 250 716 runt?
272 672 402 731 Apud
424 676 618 716 Marcum
641 674 699 716 ita
735 674 939 731 scriptum
960 682 1023 717 est
1048 692 1056 717 ε
1088 692 1107 715 «
1132 677 1273 717 Arnen
1294 673 1392 717 dico
1413 688 1491 717 vo·
1548 700 1552 704 ·

118 761 138 783 »
174 743 258 797 bis,
283 743 490 802 quoniam
508 743 651 787 omnia
669 743 944 787 dimittentur
958 743 1055 786 filiis
1069 743 1296 787 hominum
1314 752 1490 802 peccata

110 831 130 854 »
166 821 208 856 et
245 811 546 872 blasphemiae,
581 813 739 872 quibus
780 812 1175 872 blasphemaverint
1203 832 1212 857 z
1247 813 1322 873 qui
1346 822 1488 856 autem

109 902 129 925 »
164 883 528 943 blasphemaverit
546 885 590 928 in
615 885 823 944 Spiritum
840 893 1036 928 sanctum
1049 919 1059 939 ‚
1079 899 1169 929 non
1187 884 1322 928 habet
1339 885 1489 927 remis-

110 972 130 995 »
164 955 328 998 sionem
350 955 396 998 in
413 964 642 1009 aeternum,
669 955 744 999 sed
759 971 856 999 reus
870 956 950 999 erit
969 956 1120 999 aeterni
1133 954 1313 999 delicti1.
1334 954 1490 1013 »Apud

107 1026 268 1068 Lucam
305 1025 362 1069 ita
390 1045 398 1068 :
430 1044 448 1066 «
478 1026 627 1068 Omnis
670 1026 746 1085 qui
781 1026 886 1070 dicit
922 1026 1100 1069 verbum
1131 1026 1177 1069 in
1209 1025 1367 1069 Filium
1410 1025 1491 1069 ho·-

110 1112 129 1135 »
164 1095 315 1147 minis,
340 1096 585 1138 remittetur
607 1096 645 1139 ei
671 1115 678 1139 :
705 1095 743 1139 ei
776 1105 921 1139 autem
944 1096 1020 1155 qui
1051 1095 1096 1138 in
1130 1095 1337 1153 Spiritum
1364 1111 1489 1138 sanc-2

108 1181 128 1205 »
165 1174 259 1208 tum
278 1164 658 1223 blasphemaverit,
680 1181 768 1209 non
788 1167 1072 1209 remittetur2.
1089 1165 1345 1225 »Numquid
1360 1181 1491 1224 prop-

106 1243 170 1278 ter
182 1234 439 1278 nonnullam
448 1235 681 1278 verborum
700 1235 989 1279 diversitatem
1004 1235 1283 1279 recediturab
1298 1236 1489 1295 ejusdem

106 1305 284 1348 veritate
314 1306 540 1348 sententiae
559 1307 576 1349 Ρ
599 1308 709 1349 Nam
732 1321 875 1365 neque
901 1305 980 1349 alia
1006 1322 1133 1350 causa
1155 1316 1215 1350 est
1233 1322 1311 1350 cur
1341 1310 1487 1350 Evan-

107 1374 268 1433 gelistae
285 1375 434 1419 eadem
457 1391 543 1419 non
569 1376 722 1420 eodem
745 1375 876 1419 modo
898 1375 1066 1430 dicant,
1092 1377 1173 1420 nisi
1196 1387 1246 1420 ut
1266 1376 1369 1420 inde
1399 1376 1488 1421 dis-

105 1461 250 1489 camus
272 1460 337 1489 res
359 1446 517 1501 verbis,
543 1462 633 1490 non
670 1447 799 1490 rebus
820 1446 952 1490 verba
974 1462 1249 1506 praeponere,
1291 1447 1489 1507 nihilque

105 1514 225 1559 aliud
260 1516 306 1559 in
340 1515 548 1574 loquente
596 1506 813 1576 quaerere,
852 1517 932 1560 nisi
972 1517 1239 1561 voluntatem
1255 1553 1264 1571 ‚
1314 1527 1490 1576 proptor

105 1601 236 1646 quam
258 1585 563 1630 insinuandam
585 1587 717 1631 verba
740 1597 1017 1646 promuntur.
1033 1588 1148 1640 Quid
1171 1588 1286 1631 enim
1309 1589 1363 1632 ad
1399 1604 1488 1632 rem

104 1656 298 1701 interest.
317 1664 465 1699 utrum
482 1655 650 1714 dicatur
673 1676 681 1700 ε
704 1675 722 1697 «
743 1657 924 1715 Spiritus
943 1657 1213 1715 blasphemia
1230 1673 1318 1701 non
1338 1660 1488 1702 remit-

108 1744 128 1766 »
164 1734 280 1768 tetur
305 1745 316 1771 ς
338 1744 358 1766 »
387 1741 440 1769 an
464 1725 632 1770 dicatur
655 1745 663 1770 z
693 1745 712 1767 «
735 1726 816 1778 Qui
836 1726 1201 1784 blasphemaverit
1218 1728 1262 1770 in
1283 1729 1489 1786 Spiritum

108 1814 128 1836 »
163 1804 384 1850 sanctum,
404 1810 493 1839 non
515 1796 553 1838 ei
587 1796 863 1839 remittetur?
888 1814 907 1836 »
933 1797 1022 1841 Nisi
1043 1795 1158 1841 sorte
1189 1798 1311 1857 quod
1338 1799 1488 1842 eadem

106 1880 172 1910 res
194 1866 381 1924 apertius
403 1866 486 1911 isto
506 1865 638 1909 modo
656 1881 788 1925 quam
818 1866 894 1910 illo
914 1866 1072 1911 dicitur
1087 1902 1097 1922 ‚
1123 1877 1166 1911 et
1188 1867 1320 1912 alium
1342 1872 1489 1913 Evan—

108 1935 301 1994 gelistam
324 1950 411 1979 non
431 1934 613 1978 destruit
635 1934 766 1989 alius,
791 1935 866 1979 sed
889 1937 1079 1995 exponit.
1106 1956 1125 1978 «
1150 1937 1331 1996 Spiritus
1346 1948 1488 1983 autem

108 2024 129 2047 »
165 2005 452 2065 blasphemia,
482 2024 501 2046 »
528 2006 672 2050 clause
695 2005 861 2050 dictum
886 2015 971 2064 est3
1005 2008 1106 2067 quia
1128 2024 1217 2052 non
1245 2025 1489 2068 expressum

108 2085 173 2119 est
203 2077 326 2134 cujus
359 2075 547 2133 spiritus.
582 2079 679 2120 Non
701 2077 816 2119 enim
841 2077 1107 2137 quicumque
1130 2079 1325 2136 spiritus,
1355 2081 1490 2138 Spiri-

108 2155 176 2190 tus
198 2154 369 2190 sanctus
386 2155 464 2189 est.
488 2148 597 2189 Item
620 2155 762 2204 potest
780 2145 866 2190 dici
884 2147 1055 2205 spiritus
1076 2148 1361 2207 blasphemia,
1390 2166 1489 2194 cum

108 2215 260 2274 spiritu
283 2215 467 2274 quisque
488 2214 760 2273 blasphemat
787 2236 795 2260 :
814 2216 1036 2276 quomodo
1050 2226 1192 2276 potest
1214 2218 1299 2262 dici
1319 2220 1492 2278 spiritus

108 2286 244 2330 oratio
259 2320 270 2340 ‚
297 2300 397 2329 cum
420 2285 573 2343 spiritu
595 2285 780 2345 quisque
802 2296 909 2330 orat.
938 2287 1063 2331 Unde
1093 2288 1197 2331 dicit
1219 2289 1453 2347 Apostolus
1480 2311 1487 2335 :

111 2373 132 2396 «
166 2354 312 2398 Orabo
349 2354 500 2413 spiritu
519 2389 529 2408 ‚
571 2355 704 2399 orabo
725 2365 768 2399 et
788 2358 974 2399 mentess.
1004 2375 1023 2396 »
1049 2358 1158 2401 Cum
1183 2372 1285 2402 vero
1325 2358 1489 2403 dictum

107 2433 171 2468 est
201 2443 210 2468 ε
237 2443 257 2466 «
281 2424 367 2477 Qui
401 2423 764 2483 blasphemaverit
799 2426 844 2469 in
880 2428 1084 2485 Spiritum
1114 2437 1331 2484 sanctum,
1361 2448 1380 2470 »
1404 2430 1489 2473 illae.

108 2493 410 2552 ambiguitates
428 2493 580 2538 solutae
602 2504 716 2539 sunt.
737 2498 847 2540 Item
863 2497 984 2556 quod
1006 2497 1214 2556 scriptum
1232 2508 1295 2542 est
1315 2519 1322 2543 ;
1347 2518 1367 2541 «
1387 2503 1481 2545 Non

159 2584 167 2600 ¹
189 2579 293 2610 Marc.
315 2590 362 2619 ni,
388 2578 443 2618 28,
463 2588 515 2618 29.
535 2596 574 2602 ⁴—-
593 2586 605 2601 ²
624 2581 697 2611 Luc.
715 2590 774 2621 xn,
796 2591 849 2612 10.
875 2597 915 2602 —
937 2579 949 2602 3
974 2593 983 2611 1
1013 2582 1083 2612 Cor.
1105 2592 1170 2622 xiv,
1195 2582 1244 2613 15.
