1898 3178
356 186 438 226 156
791 196 825 226 s.
862 195 1093 225 mensum
1123 196 1306 227 1:121500121

354 283 375 306 »
411 261 785 309 consolabuntur1.
823 280 843 303 »
881 265 931 306 In
954 262 1077 308 luctu
1105 279 1214 324 opus
1246 274 1334 320 est,
1366 266 1410 308 in
1443 266 1736 312 consolatione

353 349 513 379 merces
527 343 592 378 est
614 353 622 379 ε
641 337 749 380 Nam
771 333 846 393 qui
865 332 1018 392 lugent
1034 335 1280 390 carnaliter,
1301 351 1409 396 quas
1422 336 1737 382 consolationes

351 407 538 450 habent?
554 405 777 458 Molestas,
798 404 1070 450 metuendas.
1097 406 1165 450 Ibi
1179 407 1429 451 consolatur
1450 407 1604 466 lugens
1620 443 1632 463 ,
1657 409 1735 453 ubi

352 478 473 521 timet
495 492 640 520 rursus
663 491 717 519 ne
731 475 891 533 lugeat.
920 476 1052 521 Verbi
1074 478 1208 535 gratia
1223 513 1235 533 ,
1261 479 1488 523 contristat
1511 479 1625 523 filius
1647 480 1737 524 ela-

351 556 440 602 tus,
458 547 649 590 laetificat
667 555 795 591 natus
819 566 828 592 :
852 546 976 591 illum
999 547 1179 603 extulit,
1205 548 1324 592 hunc
1351 549 1539 608 suscepit
1566 569 1575 593 :
1598 550 1643 594 in
1660 549 1737 594 illo

348 617 516 662 tristitia
532 650 543 672 ,
570 616 614 660 in
631 617 712 661 isto
728 618 859 662 timor
881 637 890 663 ε
913 618 958 661 in
976 617 1100 663 nullo
1122 633 1224 677 ergo
1246 619 1502 664 consolatio.
1527 621 1644 677 Ergo
1662 619 1737 664 illa

348 690 428 732 erit
448 703 549 732 vera
569 689 828 745 consolatio,
854 705 940 750 qua
962 689 1137 734 dabitur
1159 689 1279 749 quod
1303 705 1393 735 non
1415 691 1663 749 amittatur,
1685 700 1736 736 ut

348 760 409 803 illi
427 776 470 805 se
492 770 639 820 postea
655 761 874 820 gaudeant
895 761 1129 817 consolari,
1155 762 1232 821 qui
1258 760 1392 807 modo
1416 777 1460 806 se
1484 761 1638 822 lugent
1659 778 1737 823 pe-

348 832 573 891 regrinari.

404 906 480 947 IV.
507 904 698 949 Accedat
723 914 932 965 quartum
962 914 1004 949 et
1033 919 1141 964 opus
1163 912 1207 948 et
1239 917 1399 948 munus
1431 923 1441 949 z
1473 922 1493 946 «
1519 904 1640 949 Beati
1659 905 1736 965 qui

348 992 369 1015 »
405 975 602 1019 esuriunt
627 984 670 1019 et
694 975 847 1020 sitiunt
869 975 1105 1035 justitiam,
1130 975 1340 1034 quoniam
1361 975 1442 1034 ipsi
1470 975 1735 1019 saturabun-

347 1064 367 1086 »
403 1050 508 1090 tur2.
537 1065 558 1087 »
587 1047 776 1091 Saturari
798 1047 876 1091 vis.
904 1046 1062 1091 Unde?
1086 1047 1129 1091 Si
1160 1061 1261 1091 caro
1283 1047 1552 1091 saturitatem
1574 1061 1737 1092 concu-

349 1117 474 1176 piscit
489 1152 499 1171 ,
526 1117 689 1176 digesta
713 1117 958 1172 saturitate,
987 1116 1144 1162 famem
1163 1118 1323 1162 iterum
1336 1118 1524 1178 patieris.
1546 1137 1567 1160 ι(
1586 1121 1643 1162 Et
1659 1119 1736 1179 qui

347 1206 367 1228 »
404 1188 581 1243 biberit,
606 1189 773 1249 inquit,
799 1204 850 1233 ex
866 1189 948 1233 hac
970 1205 1083 1249 aqua
1098 1224 1109 1241 ‚
1134 1188 1249 1233 sitiet
1268 1189 1463 1234 iterumss.
1488 1208 1509 1231 »
1539 1189 1734 1235 Medica-

344 1267 540 1302 mentum
564 1259 684 1319 quod
711 1260 766 1304 ad
786 1259 947 1303 vulnus
969 1260 1170 1318 ponitur,
1196 1260 1230 1303 si
1262 1261 1498 1311 sanaverit,
1525 1261 1615 1319 jam
1644 1276 1736 1305 non

343 1328 463 1372 dolet
488 1349 497 1374 :
518 1330 639 1389 quod
657 1339 803 1374 autem
822 1331 1002 1390 ponitur
1023 1339 1175 1374 contra
1192 1328 1374 1384 famem,
1399 1330 1484 1374 hoc
1503 1338 1589 1384 est,
1614 1345 1731 1385 esca,

344 1399 401 1443 ita
421 1401 599 1458 ponitur
621 1410 670 1445 ut
695 1401 750 1445 ad
770 1401 993 1446 modicum
1015 1399 1191 1445 relevet.
1226 1402 1458 1444 Transacta
1478 1400 1595 1444 enim
1617 1410 1735 1446 satu-

344 1470 492 1524 ritate,
529 1471 641 1516 redit
670 1471 820 1516 fames.
858 1469 1039 1516 Accedit
1070 1469 1247 1531 quidem
1270 1470 1466 1530 quotidie
1492 1471 1734 1516 remedium

344 1539 600 1593 saturitatis,
626 1541 700 1583 sed
721 1557 812 1584 non
832 1551 897 1584 est
913 1550 1113 1585 sanatum
1134 1540 1295 1585 vulnus
1316 1541 1593 1586 infirmitatis.
1618 1544 1734 1586 Esu-

344 1610 506 1654 riamus
529 1625 632 1668 ergo
650 1610 933 1670 sitiamusque
950 1610 1184 1669 justitiam,
1205 1619 1256 1655 ut
1276 1611 1368 1671 ipsa
1390 1612 1558 1672 justitia
1573 1621 1734 1657 sature-

344 1696 463 1733 mur,
489 1696 620 1740 quam
641 1697 759 1725 nunc
778 1681 990 1726 esurimus
1012 1691 1056 1726 et
1077 1682 1259 1726 sitimus.
1292 1683 1403 1727 Inde
1424 1683 1540 1727 enim
1563 1693 1732 1728 satura-

346 1752 512 1806 bimur,
544 1751 665 1811 quod
693 1752 906 1796 esurimus
935 1762 978 1797 et
1010 1753 1194 1797 sitimus.
1222 1754 1408 1797 Interior
1432 1755 1566 1798 homo
1589 1764 1735 1799 noster

344 1822 504 1866 esuriat
535 1831 578 1865 et
601 1823 713 1866 sitiat
736 1842 744 1867 :
771 1823 903 1867 habet
933 1824 1048 1867 enim
1070 1823 1219 1867 cibum
1248 1839 1398 1878 suum,
1424 1824 1559 1867 habet
1578 1833 1734 1882 potum

344 1908 470 1935 suum
500 1911 520 1934 «
543 1895 637 1950 Ego
655 1908 773 1947 sum,
798 1894 966 1952 inquit,
982 1894 1105 1951 panis
1127 1894 1204 1952 qui
1222 1894 1278 1937 de
1299 1892 1414 1937 coelo
1431 1891 1635 1938 descendi
1649 1896 1682 1939 ⁴.
1709 1913 1729 1936 »

346 1964 489 2006 Habes
531 1977 689 2022 panem
724 1963 976 2018 esurientis,
1007 1962 1204 2007 desidera
1235 1972 1279 2008 et
1309 1972 1463 2024 potum
1496 1965 1677 2009 sitientis
1720 1985 1729 2011 :

350 2053 368 2075 «
403 2033 621 2087 Quoniam
638 2032 755 2093 apud
773 2043 815 2078 te
827 2034 999 2078 estfons
1016 2035 1150 2078 vitae⁵.
1178 2052 1199 2075 »

405 2108 456 2148 V.
490 2104 680 2150 Attende
696 2104 816 2165 quod
839 2105 1037 2165 sequitur
1063 2125 1072 2150 ε
1103 2125 1123 2148 «
1148 2106 1267 2151 Beati
1281 2106 1595 2163 misericordes,
1621 2123 1734 2168 quo-

349 2194 367 2216 »
403 2176 518 2219 niam
532 2176 725 2235 ipsorum
741 2176 1018 2221 miserebitur
1031 2178 1188 2220 Deusss.
1207 2195 1227 2218 »
1243 2179 1354 2233 Fac,
1375 2187 1418 2222 et
1429 2179 1503 2222 fiet
1525 2198 1533 2219 ι
1554 2177 1731 2220 saccum

346 2244 506 2301 altero,
549 2257 599 2291 ut
629 2248 705 2291 fiat
740 2256 903 2291 tecum.
934 2246 1045 2299 Quia
1078 2246 1275 2291 abundas
1298 2253 1342 2287 et
1370 2258 1466 2302 eges
1493 2263 1502 2288 :
1533 2244 1731 2290 abundas

346 2316 678 2374 temporalibus,
705 2331 802 2375 eges
831 2317 1017 2361 aeternis.
1043 2313 1298 2358 Mendicum
1326 2314 1548 2359 hominem
1577 2313 1726 2370 audis,

346 2385 569 2431 mendicus
591 2389 681 2447 ipse
711 2388 791 2431 Dei
813 2401 872 2431 es.
898 2386 1065 2430 Petitur
1090 2401 1113 2430 a
1134 2394 1202 2439 te,
1227 2394 1269 2428 et
1292 2385 1416 2444 petis.
1443 2384 1573 2437 Quod
1593 2386 1730 2444 egeris

393 2487 401 2503 ¹
419 2480 534 2512 Maith.
556 2493 586 2519 v,
607 2481 636 2512 5.
660 2499 699 2504 —
715 2482 882 2516 21bid.6.
902 2499 943 2504 -
969 2480 1154 2515 3Joan.1v,
1183 2480 1233 2512 15.
1251 2480 1321 2510 -›4
1342 2482 1386 2513 td.
1406 2493 1454 2522 vr,
1473 2480 1527 2522 4'1.
1544 2480 1607 2505 -5
1629 2481 1707 2514 Psal.

345 2546 445 2575 xxxv,
465 2547 503 2569 10
535 2553 576 2558 -
591 2536 606 2557 ὅ
625 2538 738 2569 Matth.
755 2548 787 2575 v,
805 2549 834 2578 7.
