1898 3178
280 312 418 340 sssnMO
450 313 578 349 Lxxi,
615 313 667 338 DE
702 313 846 339 VERBIS
878 311 1042 341 ΜΛἸΤΗ.
1079 315 1156 340 xii.
1323 304 1403 342 307

29 377 100 422 vel
122 377 348 422 haereticus
371 377 476 421 dixit
501 396 509 420 :
531 375 604 420 sed
628 377 835 436 quoniam
859 377 1051 437 quisquis
1073 378 1274 422 restiterit
1294 379 1409 422 veri-

26 448 128 502 tati,
165 457 208 491 et
241 447 603 507 blasphemaverit
639 448 892 501 veritatem,
926 449 1046 507 quod
1083 458 1146 493 est
1182 449 1405 504 Christus,

25 517 155 562 etiam
189 526 286 576 post
307 526 472 561 tantam
499 518 565 561 sui
596 516 946 576 praedicationem
970 519 1088 576 apud
1112 519 1323 574 homines,
1358 527 1408 563 ut

27 587 216 630 Verbum
238 602 337 631 caro
363 588 506 641 fieret,
533 596 576 631 et
596 587 812 630 habitaret
844 587 888 630 in
908 588 1054 643 nobis,
1094 588 1215 648 quod
1236 598 1299 635 est
1330 589 1406 633 Fi-

22 656 104 700 lius
125 656 333 712 hominis⁷
358 657 472 700 idem
495 658 584 716 ipse
606 657 801 701 Christus
817 692 827 712 ‚
853 658 887 700 si
920 673 1008 702 non
1040 657 1195 702 dixerit
1220 659 1404 704 verbum

22 726 131 771 illud
164 727 305 771 cordis
338 728 653 787 impoenitentis
686 736 836 772 contra
868 727 1073 787 Spiritum
1104 739 1326 785 sanctum,
1352 730 1407 774 de

22 813 109 858 quo
134 797 300 842 dictum
319 807 382 842 est
405 817 412 843 ε
438 817 457 840 «
478 798 564 851 Qui
583 813 673 843 non
696 807 870 843 renatus
894 797 1028 842 fuerit
1045 814 1096 842 ex
1120 815 1231 860 aqua
1254 809 1297 844 et
1317 801 1410 859 Spi-

23 884 46 910 »
79 868 214 925 ritu13
235 886 254 909 »
277 877 320 911 et
341 867 395 912 de
414 883 502 928 quo
518 869 619 912 item
638 868 804 913 dictum
822 877 885 912 est
907 888 916 914 ;
938 887 958 910 «
984 870 1176 929 Accipite
1201 871 1409 930 Spiritum

23 955 45 981 »
79 947 297 994 sanctum,
314 940 347 983 si
379 939 448 983 cui
470 938 716 984 dimiseritis
734 949 931 999 peccata,
959 940 1245 985 dimittuntur
1266 942 1303 985 ei
1322 945 1362 999 ²3

19 1008 66 1053 id
87 1018 171 1065 est,
196 1010 230 1053 si
251 1010 507 1068 poenituerit
529 1025 651 1064 eum,
675 1010 857 1069 accipiet
874 1026 950 1069 per
967 1011 1052 1054 hoc
1075 1010 1240 1055 donum
1256 1013 1408 1056 remis-

0 1080 182 1127 :sionem
217 1080 412 1124 omnium
448 1089 724 1139 peccatorum
762 1079 891 1124 simul
917 1089 960 1124 et
980 1082 1133 1141 hujus,
1165 1083 1284 1142 quod
1315 1098 1410 1126 ver-

0 1168 1 1171 *
20 1149 125 1194 bum
140 1150 248 1195 dixit
265 1160 415 1195 contra
435 1151 594 1194 Filium
613 1151 823 1208 hominis3
840 1152 941 1211 quia
958 1161 1138 1210 peccato
1153 1154 1408 1212 ignorantiae

19 1220 104 1265 sive
125 1221 410 1264 contumaeiae
431 1219 501 1264 vel
531 1222 845 1280 cujuscumque
880 1221 1162 1280 blasphemiae
1177 1258 1187 1278 ‚
1214 1239 1302 1268 non
1326 1224 1405 1268 ad-

47 1291 126 1336 idit
151 1301 378 1350 peccatum
411 1291 746 1350 impoenitentiae
770 1301 919 1335 contra
941 1291 1109 1336 donum
1144 1295 1220 1338 Dei
1244 1304 1287 1339 et
1311 1311 1410 1354 gra-

4 1381 9 1404 =
36 1361 118 1405 iam
135 1361 470 1419 regenerationis
487 1361 558 1405 vel
577 1360 957 1417 reconciliationis,
974 1378 1074 1422 quae
1091 1363 1141 1408 fit
1157 1364 1201 1407 in
1220 1364 1411 1411 Ecclesia

6 1426 64 1479 ᾖή
88 1432 248 1491 Spiritu
270 1441 434 1476 saneto.
933 1443 935 1449 ¹

6 1508 13 1549 ἵ
52 1505 235 1557 XXIV.
257 1503 444 1548 Proinde
477 1518 557 1547 nec
585 1502 696 1547 illud
724 1503 1000 1548 sentiendum
1031 1513 1116 1560 est,
1157 1507 1276 1566 quod
1309 1509 1408 1568 qui-

11 1607 12 1610 *
49 1590 115 1619 am
138 1584 315 1634 putant,
342 1573 440 1619 ideo
458 1575 619 1618 remitti
636 1575 821 1619 verbum
840 1575 959 1635 quod
981 1576 1142 1621 dicitur
1159 1588 1308 1623 contra
1332 1581 1407 1624 Fi-

1385 960 1405 983 ))

31 2205 147 2251 -bilis
185 2206 430 2260 videretur,
474 2222 573 2266 quae
611 2215 762 2251 contra
796 2206 958 2251 Filium
993 2208 1179 2253 hominis
1211 2210 1395 2269 dicitur,

50 2277 137 2322 u'asi
152 2293 252 2322 cum
274 2277 407 2321 homo
429 2276 544 2320 solus
560 2285 753 2335 putatur.
775 2278 888 2321 Cum
902 2293 1005 2322 vero
1022 2279 1291 2337 praemissum
1311 2283 1366 2327 sit
1386 2302 1394 2328 ε

0 2366 1 2380 ¹
64 2349 204 2392 Omne
217 2357 459 2408 peccatum
478 2347 803 2406 etblasphemia
818 2349 1361 2399 remitteturhominihusss.
1374 2374 1394 2397 »

76 2427 78 2431 ’
154 2419 285 2463 etiam
319 2417 434 2477 apud
467 2417 599 2461 alium
630 2417 947 2476 Evangelistam
983 2419 1042 2463 ita
1075 2421 1265 2478 positum
1295 2434 1395 2472 est:

0 2477 38 2549 ill}
74 2490 229 2534 Omnia
246 2490 520 2534 dimittentur
541 2487 640 2532 filiis
666 2489 894 2533 hominum
917 2499 1093 2548 peccata
1125 2500 1168 2535 et
1192 2491 1395 2553 blasphe-

0 2554 36 2598 11³1ss
75 2559 193 2616 miae,
219 2560 378 2621 quibus
400 2559 816 2619 blasphemave1i11t⁴
842 2579 851 2605 :
880 2579 900 2602 n
926 2560 1078 2619 procul
1101 2560 1237 2607 dubio
1259 2574 1302 2609 et
1323 2565 1395 2612 illa

32 2657 35 2676 ι
66 2648 75 2666 ¹
94 2645 183 2677 Joan.
208 2655 252 2687 ιιι,
279 2645 309 2678 5.
326 2662 367 2668 -
387 2651 399 2667 ²
425 2645 472 2677 ld.
494 2655 549 2686 xx,
567 2652 621 2676 22.
642 2660 682 2666 -
699 2641 712 2666 3
731 2644 845 2676 Matth.
862 2654 918 2685 xii,
936 2644 989 2675 31.
1010 2661 1050 2666 —
1069 2642 1084 2674 l,
1101 2647 1204 2679 Marc.
1226 2659 1272 2690 111,
1297 2651 1352 2682 28.

1118 2699 1184 2738 20.
