1898 3178
492 248 630 274 sEnMo
661 249 721 284 cr,
757 248 810 274 DE
844 248 990 276 VERBIS
1021 248 1114 274 Luc.
1150 247 1194 273 x.
1434 235 1518 274 559

139 310 413 355 ambulemus
439 326 448 352 ε
474 311 642 355 veloces
657 345 667 365 ,
690 312 836 356 tardos
858 320 1079 371 expectate
1094 345 1106 366 ,
1131 320 1174 355 et
1189 311 1347 370 pariter
1369 311 1519 355 ambu-

138 378 239 424 late.
264 379 382 432 Quid
413 394 514 437 ergo
535 379 624 423 dixi
651 399 659 425 :
685 381 769 433 Qui
790 381 835 424 in
856 381 924 426 via
946 380 1128 435 salutat,
1153 395 1230 440 per
1251 380 1519 424 occasionem

136 447 320 494 salutat?
338 451 435 495 Non
466 448 522 494 ad
552 464 654 493 eum
683 449 776 494 ibat
806 465 938 510 quem
969 450 1141 496 salutat.
1175 449 1310 495 Aliud
1338 450 1515 509 agebat,

138 517 258 564 aliud
279 520 468 565 occurrit
491 539 501 565 ε
537 518 656 564 aliud
687 520 885 579 petebat,
920 520 1038 564 aliud
1060 520 1116 565 de
1137 529 1376 565 transverso
1398 518 1519 580 quod

137 599 283 648 ageret
313 591 493 636 invenit.
529 591 645 644 Quid
675 600 738 635 est
769 607 869 649 ergo
900 607 977 651 per
1008 592 1276 636 occasionem
1305 591 1518 636 salutare?

137 663 220 704 Per
233 663 502 707 occasionem
520 661 703 707 salutem
722 663 993 707 annuntiare.
1015 662 1132 716 Quid
1143 672 1206 707 est
1218 672 1363 707 autem
1379 660 1514 716 aliud,

137 730 322 776 salutem
353 733 612 777 annuntiare
626 767 638 787 ,
672 747 805 792 quam
842 732 1129 792 Evangelium
1167 733 1431 793 praedicare?
1475 732 1518 777 Si

136 815 240 860 ergo
262 801 493 860 praedicas,
527 803 611 847 hoc
643 816 720 861 age
741 817 819 862 per
841 802 1120 848 dilectionem
1134 839 1145 859 ,
1170 819 1260 848 non
1281 819 1360 863 per
1391 818 1517 848 occa-

137 872 318 916 sionem.
344 875 456 917 Sunt
470 888 573 932 ergo
596 873 792 918 homines
814 874 892 933 qui
907 889 982 918 sua
1006 883 1266 934 quaerentes,
1291 889 1380 918 non
1401 871 1520 917 aliud

136 940 376 1001 praedicant
397 941 687 1002 Evangelium
705 962 714 988 z
740 943 794 987 de
822 945 983 1004 quibus
1000 943 1233 1004 Apostolus
1255 959 1430 1002 gemens
1452 941 1519 986 di-

136 1012 218 1056 cit:
239 1031 260 1054 «
274 1014 435 1057 Omnes
447 1014 563 1057 enim
584 1029 659 1058 sua
679 1024 900 1074 quaerunt,
921 1030 1010 1059 non
1031 1030 1130 1074 quae
1150 1017 1254 1058 ,Iesu
1277 1013 1514 1058 Christi1.»

134 1083 191 1126 Et
210 1082 257 1125 hi
275 1082 551 1135 salutabant,
575 1084 658 1129 hoc
680 1093 765 1139 est,
790 1084 975 1128 salutem
996 1083 1343 1137 annuntiabant,
1369 1084 1517 1127 Evan-

134 1150 296 1210 gelium
327 1153 656 1211 praedicabant:
680 1153 753 1197 sed
788 1153 908 1197 aliud
939 1152 1221 1213 quaerebant3
1247 1161 1289 1196 et
1321 1150 1420 1195 ideo
1441 1166 1519 1210 per

134 1223 405 1268 occasionem
435 1223 699 1268 salutabant.
735 1227 791 1268 Et
812 1223 919 1283 quid
941 1232 1004 1268 est
1025 1224 1141 1267 hoc?
1175 1222 1218 1267 Si
1240 1221 1335 1266 talis
1355 1220 1488 1264 fueris
1504 1255 1515 1276 ‚

132 1293 326 1351 quisquis
352 1309 395 1338 es
417 1294 522 1338 facis
547 1313 556 1338 ι
580 1295 668 1339 imo
692 1310 782 1339 non
813 1294 908 1338 talis
930 1294 1125 1354 quisquis
1146 1292 1274 1347 facis,
1308 1291 1384 1336 sed
1407 1290 1519 1336 forte

133 1361 288 1421 aliquis
304 1362 401 1406 talis
415 1364 490 1422 qui
501 1362 618 1407 facis.
642 1364 685 1408 Si
702 1363 799 1407 talis
811 1362 960 1417 fueris,
975 1379 1064 1408 non
1081 1363 1203 1418 facis,
1223 1363 1296 1407 sed
1315 1362 1365 1406 fit
1383 1360 1438 1405 de
1458 1370 1515 1406 tc.

192 1433 250 1476 X.
273 1434 384 1478 Nam
407 1441 450 1476 et
471 1432 577 1477 tales
601 1433 774 1477 admisit
795 1433 1028 1492 Apostolus
1047 1452 1055 1477 ε
1074 1448 1164 1477 non
1180 1442 1328 1477 tamen
1346 1440 1395 1475 ut
1416 1430 1520 1475 tales

135 1511 298 1557 essent,
320 1502 542 1562 praecepit.
575 1505 634 1547 Et
663 1502 744 1561 ipsi
777 1511 914 1560 agunt
935 1502 1123 1562 aliquid,
1144 1511 1192 1546 et
1224 1500 1448 1560 perficitur
1469 1515 1519 1544 ex

134 1572 234 1631 ipsis
253 1572 397 1617 :aliud
417 1581 638 1632 quaerunt,
660 1581 702 1617 et
717 1571 900 1617 verbum
915 1571 1193 1615 annuntiant.
1215 1570 1332 1624 Quid
1352 1579 1519 1630 quaerat

135 1645 442 1700 annuntiator,
478 1660 533 1688 ne
565 1659 688 1691 cures
726 1663 734 1688 2
769 1642 889 1703 quod
920 1642 1175 1697 annuntiat,
1207 1651 1357 1686 tenere
1389 1641 1517 1692 velis;

134 1713 256 1773 quod
275 1729 378 1759 vero
400 1714 608 1770 attendit,
628 1729 718 1758 non
735 1712 790 1757 ad
812 1722 854 1757 te
869 1714 1096 1772 pertineat.
1121 1712 1313 1757 Salutem
1335 1710 1439 1755 audi
1463 1711 1518 1755 ab

134 1799 208 1828 ore
243 1785 398 1844 ἱρείης,
440 1784 625 1830 salutem
645 1793 746 1828 tene
773 1783 828 1828 ab
866 1798 940 1828 ore
972 1783 1119 1842 ipsius.
1144 1781 1241 1827 Noli
1265 1780 1403 1841 judex
1431 1796 1518 1825 esse

133 1853 274 1900 cordis
292 1855 439 1914 ipsius.
469 1856 510 1901 Si
529 1855 650 1899 vides
672 1870 773 1898 eum
796 1854 878 1898 alia
901 1854 1217 1913 requirentem,
1243 1852 1352 1911 quid
1371 1851 1428 1896 ad
1449 1853 1518 1895 te?

134 1925 251 1969 Audi
269 1925 452 1970 salutem
478 1942 486 1967 :
517 1945 537 1968 «
564 1928 672 1978 Quae
689 1924 843 1969 dicunt
863 1923 1007 1968 facite.
1037 1942 1056 1965 »
1085 1926 1295 1968 Securum
1318 1931 1360 1966 te
1382 1921 1514 1977 fecit,

134 1996 212 2055 qui
230 1995 339 2040 dixit
359 2013 370 2040 .·
399 2001 503 2049 Quae
520 1996 674 2040 dicunt
692 1994 840 2040 facite.
870 2012 890 2035 »
915 1993 1031 2038 Mala
1046 1992 1213 2037 faciunt
1239 2008 1247 2033 :
1280 2011 1300 2034 «
1325 1995 1432 2045 Quae
1454 1992 1516 2036 fa·

139 2082 159 2107 »
186 2066 308 2110 ciunt
327 2065 468 2111 facere
483 2065 659 2110 nolitess.
679 2082 699 2105 ·»
722 2067 842 2108 Bona
858 2062 1039 2119 faciunt,
1057 2063 1207 2107 nonin
1224 2063 1292 2106 via
1308 2061 1513 2116 salutant,

134 2151 224 2181 non
235 2152 311 2196 per
327 2136 596 2182 occasionem
613 2134 902 2194 Evangelium
925 2134 1189 2178 annuntiant
1207 2147 1216 2174 z
1239 2151 1258 2174 «
1274 2133 1516 2177 Imitatores

139 2224 160 2248 »
185 2222 337 2252 eorum
362 2215 513 2261 estote,
530 2206 640 2250 sicut
661 2214 704 2248 et
728 2204 807 2264 ipsi
826 2203 1028 2249 Christi3.
1048 2222 1068 2244 »
1088 2206 1232 2247 Bonus
1251 2202 1330 2246 tibi
1355 2200 1515 2261 praedi-

135 2285 228 2321 cat:
248 2291 376 2336 carpe
397 2291 525 2321 uvam
544 2275 598 2320 de
616 2276 718 2320 vite.
735 2273 876 2319 Malus
898 2273 976 2317 tibi
994 2272 1216 2332 praedicat,
1236 2286 1363 2331 carpe
1385 2286 1515 2315 uvam

135 2346 400 2406 pendentem
412 2348 457 2391 in
468 2347 602 2406 sepe4.
615 2349 771 2391 Botrus
784 2344 988 2403 implicite
999 2344 1045 2387 in
1057 2343 1234 2403 palmite
1244 2342 1358 2386 inter
1370 2342 1514 2402 spinas

135 2417 296 2473 crevit,
330 2426 375 2462 et
404 2417 459 2462 de
489 2417 620 2477 spinis
651 2432 741 2461 non
774 2415 1044 2474 germinavit.
1077 2413 1210 2459 Plane
1231 2413 1408 2473 quando
1430 2411 1515 2457 tale

184 2520 193 2536 ¹
222 2513 334 2555 Philip.
354 2525 388 2555 ιι,
409 2523 463 2546 21.
483 2530 524 2537 —
543 2520 556 2536 ²
575 2513 695 2545 Matth.
715 2522 808 2553 xxm,
828 2512 859 2544 3.
882 2527 922 2534 —
937 2509 950 2533 3
973 2522 985 2543 1
1007 2512 1080 2544 Cor.
1100 2521 1147 2552 iv,
1170 2509 1220 2543 16.
1235 2526 1278 2533 —-
1293 2508 1310 2541 4
1327 2509 1406 2543 Vide
1421 2519 1515 2550 supra

138 2571 238 2603 Sei-m.
260 2580 370 2603 uxiv-
