1898 3178
378 276 431 315 64
798 285 830 312 s.
867 284 1096 313 Aueusnm
1129 285 1308 313 EPlsCOPl

377 366 515 396 unum
538 360 782 409 pascentem
800 384 810 403 ,
836 358 880 393 et
900 349 1121 395 Christum
1145 357 1392 408 pascentem
1414 367 1423 392 :
1448 366 1468 390 «
1491 350 1584 406 Ego
1607 356 1652 391 et
1669 350 1750 392 Pa—

378 441 399 463 »
436 432 500 465 ter
537 437 673 465 uuum
708 422 897 464 sumus1.
925 438 946 461 »
973 420 1089 464 Audi
1119 420 1293 464 excitari
1321 419 1542 464 Christum
1572 433 1753 477 pascen-

378 501 464 537 tem
487 511 496 537 ι
526 511 546 532 «
566 495 690 534 Pater
710 491 846 549 major
869 504 939 533 me
962 498 1020 533 est
1039 491 1070 532 ².
1095 509 1115 531 «
1143 492 1262 534 Unus
1285 504 1387 547 ergo
1414 488 1578 546 pascit3
1602 507 1622 530 «
1643 488 1754 540 Quia

379 581 399 603 »
435 577 535 606 cum
556 562 602 604 in
623 559 762 604 forma
774 560 852 604 Dei
871 570 996 614 esset,
1010 575 1098 604 non
1120 561 1313 618 rapinam
1337 558 1569 602 arbitratus
1586 567 1650 602 est
1666 573 1754 602 esse

372 636 400 674 “»
435 631 611 691 aequalis
637 631 772 676 De03.
800 649 820 672 »
846 630 1073 676 Excitatur
1093 629 1265 684 autem,
1290 639 1338 673 ut
1362 638 1534 688 pascat3
1563 629 1663 689 quia
1686 644 1755 673 se-

372 702 607 759 metipsum
624 700 859 745 exinanivit
875 735 887 755 ,
920 699 1104 745 formam
1125 700 1236 744 servi
1258 699 1482 757 accipiens.
1511 701 1605 742 Hoc
1622 707 1666 742 et
1686 699 1756 742 hic

375 771 466 830 ipsa
498 771 631 815 verba
661 779 873 816 testantur
893 790 902 816 :
928 790 949 813 «
971 775 1120 815 Pascet
1150 785 1220 814 eas
1241 785 1388 814 servus
1411 784 1534 813 meus
1558 768 1708 813 David.
1733 786 1753 809 »

378 843 534 886 Servus
550 875 560 894 ‚
580 842 625 885 in
646 839 784 885 forma
806 841 930 886 servi.
946 860 967 883 ι(
994 843 1147 886 Servus
1163 874 1174 895 ,
1194 840 1296 899 quia
1314 839 1592 898 semetipsum
1614 839 1758 882 exina-

380 929 401 952 »
438 911 571 965 nivit,
595 910 782 956 formam
809 911 920 956 servi
948 910 1187 969 accipiens,
1223 909 1270 955 in
1300 908 1583 953 similitudine
1613 908 1757 953 homi-

380 999 402 1022 »
438 997 543 1025 num
563 982 702 1026 sactus
723 1017 733 1037 ,
765 991 808 1026 et
833 983 988 1026 habitu
1015 982 1217 1025 inventus
1247 990 1296 1024 ut
1322 981 1483 1037 homo3
1516 978 1759 1024 humiliavit

381 1069 401 1092 »
436 1052 736 1110 semetipsum,
761 1051 902 1096 factus
930 1051 1137 1096 obediens
1160 1066 1298 1110 usque
1320 1050 1376 1094 ad
1400 1060 1585 1094 mortem
1603 1084 1614 1104 ‚
1640 1065 1759 1094 mor-

442 1130 527 1164 tem
557 1131 701 1165 autem
722 1122 874 1165 crucis.
904 1140 924 1162 »
943 1122 1164 1165 Excitetur
1182 1137 1301 1178 ergo,
1325 1130 1374 1164 ut
1391 1116 1536 1180 paseat
1555 1140 1562 1164 :
1588 1140 1609 1162 «
1629 1124 1760 1179 Prop-

380 1208 403 1232 »
438 1199 503 1234 ter
525 1190 672 1249 quod,
709 1191 878 1249 inquit,
915 1193 1030 1234 Deus
1063 1190 1265 1234 exaltavit
1299 1206 1397 1234 eum
1432 1207 1455 1234 a
1483 1191 1686 1244 mortuis,
1719 1199 1763 1234 et

380 1277 402 1300 »
437 1260 616 1304 donavit
634 1259 673 1302 ei
690 1275 851 1303 nomen
872 1260 992 1318 quod
1014 1269 1078 1303 est
1098 1275 1228 1318 super
1254 1274 1383 1303 omne
1415 1274 1589 1303 nomen.
1619 1277 1639 1299 »
1664 1261 1759 1302 Jam

378 1329 564 1373 excitato
587 1344 710 1373 servo
731 1344 809 1373 suo
826 1328 961 1373 David
982 1363 993 1383 ‚
1012 1330 1101 1388 jam
1124 1329 1307 1372 excitata
1329 1328 1467 1372 forma
1482 1329 1606 1381 servi,
1628 1343 1759 1388 quam

380 1400 524 1457 posuit
545 1398 599 1443 ad
621 1399 843 1444 dexteram
859 1415 979 1443 suam
995 1433 1006 1453 ‚
1032 1399 1212 1443 donavit
1228 1399 1266 1442 ei
1283 1414 1444 1443 nomen
1465 1398 1586 1458 quod
1608 1408 1671 1442 est
1691 1414 1763 1443 su-

379 1484 456 1527 per
473 1483 602 1513 omne
624 1484 799 1513 nomen.
825 1469 933 1512 Vide
948 1468 1319 1528 quemadmodum
1346 1478 1506 1526 pascat,
1520 1484 1653 1527 quam
1675 1469 1762 1514 late

378 1547 527 1597 pascat
548 1557 556 1582 z
585 1557 604 1579 «
627 1541 682 1582 Ut
703 1539 749 1581 in
765 1538 942 1582 nomine
959 1540 1061 1581 Jesu
1079 1553 1208 1581 omne
1228 1552 1338 1595 genu
1356 1538 1580 1593 flectatur,
1606 1538 1762 1583 coeles-

382 1624 404 1647 »
440 1608 564 1662 tium,
588 1608 872 1661 terrestrium,
887 1606 1248 1651 etinfernorum4.
1266 1607 1367 1651 »Ad
1381 1623 1513 1667 quam
1531 1617 1760 1666 angustam

379 1687 547 1736 partem
563 1678 701 1721 latum
723 1691 1006 1736 possessorem
1029 1677 1193 1721 vanitas
1218 1677 1418 1721 haeretica
1440 1678 1674 1736 impingis?
1691 1682 1761 1722 An

379 1756 553 1792 tantum
581 1746 677 1790 fidis
709 1747 905 1805 superbis
939 1747 1128 1790 humeris
1159 1755 1202 1790 et
1233 1747 1438 1790 cornibus
1465 1748 1574 1802 tuis,
1601 1757 1651 1791 ut
1671 1763 1760 1792 non

378 1832 612 1874 congreges
649 1817 704 1860 ad
734 1825 948 1875 pastorem
969 1850 979 1869 ,
1004 1815 1080 1859 sed
1102 1825 1146 1859 et
1171 1816 1314 1874 ipsum
1337 1825 1552 1874 pastorem
1582 1833 1604 1861 a
1632 1833 1760 1875 grege

379 1886 545 1930 coneris
567 1884 822 1929 excludere?
843 1904 863 1926 «
886 1889 1032 1929 Pascet
1055 1900 1123 1928 eas
1145 1900 1292 1929 servus
1314 1900 1434 1929 meus
1455 1886 1606 1929 David.
1637 1904 1657 1926 »
1672 1890 1762 1929 Αυ-

379 1956 469 2000 dite
490 1971 589 2000 oves
609 1964 854 2014 pascentem
877 1971 951 1999 vos
971 1954 1108 1998 David
1132 1973 1141 1998 ι
1167 1955 1313 1998 audite
1332 1970 1479 1998 vocem
1505 1956 1640 1999 David
1661 1971 1759 2014 pas-

383 2026 484 2070 toris
502 2025 653 2079 vestri,
675 2041 764 2069 non
778 2039 927 2069 vocem
948 2024 1167 2068 latronum
1181 2059 1191 2078 ‚
1209 2040 1298 2068 non
1321 2023 1513 2068 ululatus
1534 2025 1755 2084 luporum.

380 2114 405 2136 «
441 2099 590 2140 Pasoet
602 2109 672 2139 eas
693 2109 840 2138 servus
864 2108 982 2138 meus
1005 2092 1157 2137 David.
1177 2096 1271 2152 Ipse
1295 2103 1436 2150 pascet
1455 2110 1568 2138 eas.»
1589 2098 1627 2140 O
1642 2110 1760 2140 com-

343 2200 348 2207 .
381 2164 629 2208 mendanda
650 2164 740 2207 res!
767 2182 787 2204 «
813 2166 908 2222 Ipse
923 2172 1068 2221 pascet
1089 2178 1173 2206 eas.
1190 2181 1209 2203 »
1237 2165 1373 2208 Nemo
1394 2179 1439 2207 se
1459 2164 1573 2208 dicat
1586 2180 1760 2223 pascere

384 2244 538 2293 praeter
559 2236 700 2293 ipsum
727 2253 735 2277 :
761 2251 781 2274 «
812 2236 906 2291 Ipse
934 2241 1079 2291 pascet
1106 2247 1190 2276 eas.
1220 2251 1239 2272 »
1265 2233 1349 2284 Qui
1380 2233 1474 2276 vult
1495 2249 1695 2292 pascere,
1716 2236 1760 2278 in

382 2304 459 2348 illo
482 2315 626 2363 pascat
647 2324 656 2349 ;
681 2304 782 2363 quia
810 2323 830 2345 «
852 2307 947 2363 lpse
966 2311 1109 2362 pascet
1125 2318 1212 2346 eas.
1238 2321 1256 2343 »ι
1284 2297 1396 2346 D'eus
1419 2303 1549 2362 paulo
1571 2314 1671 2348 ante
1694 2304 1762 2348 di-

383 2374 511 2419 cebat
531 2393 539 2418 z
570 2393 589 2416 «
615 2378 707 2432 Ego
723 2389 893 2433 pascam
921 2393 930 2418 :
953 2392 973 2414 »
999 2373 1130 2418 modo
1152 2372 1256 2416 dicit
1282 2391 1290 2416 z
1320 2391 1340 2414 «
1364 2376 1460 2432 Ipse
1482 2384 1627 2433 pascet
1643 2390 1757 2419 eas.»

385 2443 661 2502 Respondeat
684 2444 818 2487 Filius
834 2478 845 2497 ,
881 2452 922 2486 et
946 2441 1061 2486 dieat
1090 2442 1214 2485 nobis
1239 2461 1248 2485 ε
1280 2444 1522 2502 Utrumque
1545 2460 1643 2487 vere
1665 2444 1760 2488 dic-

387 2522 481 2557 tum
498 2522 561 2557 est
582 2532 590 2557 :
620 2532 640 2555 «
659 2517 753 2572 Ego
771 2523 815 2559 et
837 2518 962 2558 Pater
984 2528 1121 2557 unum
1138 2529 1300 2559 sumus.
1325 2532 1345 2556 »
1367 2514 1452 2566 Qui
1473 2514 1601 2559 dicit:
1626 2534 1646 2557 «
1667 2515 1760 2573 Ego

436 2603 445 2621 ¹
463 2599 553 2633 Joan.
574 2608 607 2640 x,
627 2598 678 2631 30.
699 2614 741 2623 -
760 2605 772 2622 ²
791 2600 838 2632 Id.
859 2610 925 2642 xiv,
943 2602 997 2634 28.
1019 2613 1059 2623 -—
1077 2598 1093 2623 3
1111 2600 1224 2642 Philip.
1248 2611 1283 2642 u,
1299 2601 1333 2633 6.
1358 2617 1398 2627 η·
1417 2598 1434 2630 4
1453 2600 1534 2633 lbid.
1558 2610 1653 2642 7-10.

382 1139 393 1161 )

394 1140 403 1161 ν
