1898 3178
378 214 460 250 -280
823 220 855 246 s.
895 219 1120 246 AUGUSTINJ
1155 219 1332 245 Evtscom

376 303 537 341 ramus,
557 287 635 329 nisi
653 285 753 345 quia
763 299 908 327 sumus
924 283 1120 327 homines
1142 282 1358 337 mortales,
1375 281 1561 341 fragiles,
1579 283 1753 337 infirmi,

376 358 492 401 lutea
514 372 612 401 vasa
635 363 876 414 portantes,
898 368 996 413 quae
1017 351 1183 396 faciunt
1200 352 1384 396 invicem
1409 353 1649 409 angustias?
1674 351 1758 397 Sed

377 430 409 471 si
442 434 728 486 angustantur
752 439 851 468 vasa
881 423 1043 478 carnis,
1081 422 1319 467 dilatentur
1350 423 1484 482 spatia
1520 422 1754 466 charitatis.

377 497 494 552 Quid
517 511 617 554 ergo
639 496 743 540 dicit
761 515 769 539 :
795 495 983 538 «Venite
1001 493 1055 538 ad
1079 510 1148 538 me
1165 509 1314 538 omnes
1328 494 1403 553 qui
1416 493 1667 547 laboratis,»
1680 494 1760 538 nisi

376 578 426 612 ut
447 583 536 611 non
557 566 792 609 laboretis?
810 564 1007 624 Denique
1025 564 1250 623 promissio
1266 564 1358 623 ejus
1375 564 1420 606 in
1442 572 1649 622 promptu
1671 572 1756 607 est:

377 638 581 698 quoniam
596 636 843 681 laborantes
857 635 1050 691 vocavit,
1069 643 1316 696 quaererent
1332 634 1444 678 forte
1457 650 1542 694 qua
1558 633 1759 678 mercede

376 710 518 753 vocati
540 717 641 752 sunt
659 728 666 752 :
692 710 784 752 «Et
808 721 887 766 ego
908 722 1007 762 vos,
1028 707 1193 767 inquit,
1214 705 1418 749 reficiam.
1443 723 1463 746 »

436 783 494 823 Π.
535 799 554 822 «
570 778 726 823 Tollite
738 780 892 840 jugum
914 794 1060 822 meum
1084 793 1213 837 super
1233 792 1325 831 vos,
1343 786 1387 820 et
1407 775 1717 821 disciteame¹z
1737 792 1758 816 »

378 867 466 895 non
490 849 705 894 mundum
731 850 956 904 fabricare,
982 865 1072 893 non
1094 857 1251 893 cuncta
1268 846 1452 891 visibilia
1474 854 1516 891 et
1532 844 1763 890 invisibilia

378 937 522 966 creare
538 958 548 976 ,
585 938 675 966 non
698 922 743 965 in
774 922 867 980 ipso
893 921 1060 965 mundo
1082 919 1291 964 miracula
1318 917 1481 973 facere,
1506 927 1550 962 et
1570 926 1764 961 mortuos

379 993 584 1036 suscitare
612 1011 620 1036 ι
648 991 723 1035 sed
740 1027 750 1046 ,
781 991 1025 1044 «Quoniam
1050 990 1164 1033 mitis
1185 1005 1282 1033 sum
1304 998 1347 1033 et
1367 987 1543 1032 humilis
1564 987 1711 1031 corde.
1740 1004 1761 1027 »

380 1065 562 1119 Magnus
578 1077 666 1105 esse
681 1062 743 1105 vis
758 1097 768 1115 ,
788 1078 809 1104 a
827 1061 1008 1104 minimo
1030 1061 1186 1120 incipe,
1213 1060 1384 1118 Cogitas
1406 1073 1608 1116 magnam
1627 1055 1764 1100 fabri-

382 1148 475 1176 cam
498 1139 748 1175 construere
777 1129 1043 1173 celsitudinis
1060 1165 1070 1183 ,
1102 1129 1157 1173 de
1179 1128 1465 1173 fundamento
1486 1127 1605 1186 prius
1627 1126 1767 1184 cogita

382 1202 653 1246 humilitatis.
675 1204 732 1244 Et
749 1208 957 1260 quantam
971 1199 1155 1258 quisque
1176 1200 1272 1241 vult
1289 1206 1332 1241 et
1345 1197 1538 1255 disponit
1555 1196 1769 1255 superim-

381 1288 542 1331 ponere
563 1271 723 1315 molem
739 1270 926 1322 aedificii,
949 1278 1115 1327 quanto
1129 1268 1209 1311 erit
1223 1268 1358 1326 majus
1379 1266 1631 1321 aedificium,
1646 1274 1769 1309 tanto

383 1343 510 1385 altius
533 1340 642 1384 fodit
672 1339 1024 1383 fundamentum.
1051 1341 1107 1381 Et
1131 1337 1293 1381 fabrica
1318 1336 1495 1396 quidem
1518 1351 1618 1380 cum
1641 1350 1769 1379 cons-

385 1412 559 1465 truitur,
584 1411 628 1453 in
647 1424 830 1468 superna
857 1408 1078 1466 consurgit
1095 1427 1102 1451 :
1120 1407 1195 1467 qui
1210 1415 1355 1450 autem
1372 1405 1484 1450 fodit
1501 1404 1769 1450 fundamen-

387 1492 477 1526 tum
493 1516 503 1536 ,
529 1479 583 1524 ad
606 1480 691 1523 ima
714 1478 988 1538 deprimitur.
1025 1480 1140 1535 Ergo
1178 1486 1221 1521 et
1243 1476 1407 1520 fabrica
1431 1485 1532 1519 ante
1548 1474 1773 1519 celsitudi-

387 1567 485 1595 nem
506 1550 777 1602 humiliatur,
804 1557 847 1592 et
864 1547 1082 1605 fastigium
1097 1555 1192 1606 post
1208 1544 1557 1589 humiliationem
1571 1545 1767 1604 erigitur.

446 1625 526 1665 ΙΙΙ.
546 1620 673 1673 Quod
692 1629 754 1663 est
769 1618 987 1676 fastigium
1001 1615 1304 1661 construendae
1319 1616 1510 1671 fabricae,
1530 1632 1662 1676 quam
1677 1632 1772 1662 mo·-

387 1695 547 1736 limur?
569 1695 666 1744 Quo
690 1699 1003 1749 perventurum
1021 1698 1085 1732 est
1105 1703 1316 1733 cacumen
1333 1687 1527 1732 aedificii?
1542 1688 1639 1732 Cito
1654 1687 1768 1743 dico,
1825 1679 1829 1692 ’
1894 1689 1898 1701 ’

386 1779 524 1822 usque
557 1762 609 1805 ad
644 1769 925 1819 conspectum
948 1760 1039 1803 Dei.
1084 1759 1251 1803 Videtis
1274 1774 1405 1819 quam
1429 1757 1646 1802 excelsum
1669 1768 1733 1802 est
1757 1794 1769 1814 ,

386 1842 546 1893 quanta
570 1847 634 1875 res
658 1840 720 1875 est
741 1866 751 1883 ,
785 1830 1033 1889 conspicere
1057 1832 1210 1873 Deum.
1231 1829 1315 1882 Qui
1338 1828 1570 1884 desiderat,
1592 1837 1634 1872 et
1651 1828 1772 1888 quod

386 1905 483 1948 (lico
499 1938 510 1957 ,
535 1912 578 1946 et
599 1901 719 1961 quod
741 1900 861 1944 audit
880 1900 1098 1958 intelligit.
1122 1899 1396 1944 Promittitur
1415 1898 1540 1942 nobis
1562 1914 1773 1958 conspec-

389 1986 456 2019 tus
478 1975 577 2028 Dei,
601 1973 692 2016 veri
723 1974 821 2023 Dei,
848 1971 1005 2014 summi
1031 1971 1123 2014 Dei.
1151 1973 1243 2014 Hoc
1266 1970 1380 2012 eni-m
1404 1969 1570 2013 bonum
1589 1978 1654 2013 est
1670 2004 1680 2024 ,
1706 1971 1773 2013 vi-

388 2046 564 2088 dentem
586 2043 744 2086 videre.
786 2045 895 2085 Nam
923 2041 1000 2100 qui
1028 2040 1181 2084 colunt
1212 2039 1343 2083 falsos
1366 2041 1468 2083 deos
1489 2074 1499 2092 ,
1527 2037 1653 2083 facile
1676 2039 1774 2084 illos

389 2115 538 2159 vident
563 2133 570 2157 :
597 2112 668 2156 sed
697 2128 768 2161 eos
789 2112 962 2164 vident,
988 2109 1226 2170 quioculos
1243 2110 1423 2163 liabent,
1444 2118 1487 2153 et
1499 2124 1589 2154 non
1603 2109 1767 2154 vident.

390 2185 522 2229 Nobis
545 2192 689 2227 autem
710 2180 979 2240 promittitur
1002 2179 1108 2223 visio
1131 2179 1207 2222 Dei
1229 2179 1411 2222 viventis
1429 2187 1472 2222 et
1488 2179 1699 2234 videntis,
1723 2189 1773 2224 ut

391 2253 515 2297 illum
534 2257 673 2297 Deum
696 2251 843 2295 videre
867 2249 1225 2308 concupiscamus
1241 2284 1252 2303 ,
1289 2249 1343 2292 de
1371 2264 1459 2307 quo
1481 2248 1586 2293 dicit
1626 2249 1772 2309 Scrip-

391 2333 487 2367 tura
512 2342 520 2366 :
551 2342 569 2364 «
589 2322 672 2374 Qui
696 2320 908 2380 plantavit
930 2334 1079 2362 aurem
1094 2352 1105 2374 ,
1144 2334 1290 2362 nonne
1313 2318 1459 2362 audiet
1480 2319 1497 2361 P
1531 2319 1608 2377 qui
1649 2319 1773 2363 finxit

392 2411 411 2433 n
445 2391 636 2446 oculum,
654 2406 800 2435 nonne
821 2388 1129 2434 considerat2‘?
1150 2407 1168 2429 ›>
1187 2391 1284 2433 Non
1307 2403 1410 2447 ergo
1435 2388 1572 2443 audit,
1594 2388 1670 2448 qui
1692 2388 1772 2432 tibi

388 2462 489 2506 fecit
505 2462 622 2505 unde
646 2461 823 2506 audias?
846 2469 889 2504 et
909 2474 998 2503 non
1020 2458 1139 2503 videt
1156 2493 1167 2512 ,
1191 2459 1267 2519 qui
1289 2458 1449 2502 creavit
1469 2457 1588 2502 unde
1603 2457 1771 2518 videas?

442 2552 447 2565 ¹
478 2544 593 2574 Matth.
611 2555 656 2579 xi,
677 2553 729 2584 29.
750 2560 787 2566 -
809 2550 822 2566 ²
840 2543 918 2574 Psal.
941 2552 1026 2582 xciii,
1046 2553 1078 2583 ς).
