1898 3178
453 252 537 292 450
854 260 888 290 S.
926 261 1156 291 Ancuszrtm
1187 264 1368 293 EPISCOPI

446 328 725 388 corporaliter
741 328 918 372 crescit?
938 328 1141 373 Infantiae
1158 330 1357 389 pueritia,
1373 330 1572 389 pueritiae
1584 330 1830 377 adolescen-

446 398 522 453 tia,
539 397 842 443 adolescentiae
854 398 1064 457 juventus
1078 400 1318 444 transeunti
1334 399 1592 461 cedentique
1609 404 1826 448 successit.

447 472 545 528 Ipsa
571 469 701 513 etiam
725 484 824 529 quae
845 469 950 514 fecit
978 470 1208 527 miracula,
1240 472 1504 516 transierunt
1524 491 1532 516 :
1557 472 1764 531 leguntur
1787 483 1831 518 et

445 539 698 583 creduntur.
734 539 848 592 Quia
870 540 987 584 enim
1008 540 1110 586 talia
1132 541 1290 601 scripta
1320 551 1422 586 sunt
1451 551 1501 586 ut
1528 540 1612 601 legi
1639 543 1825 602 possint,

443 609 687 655 transibant
710 626 811 655 cum
831 612 1004 657 fierent.
1033 615 1257 657 Postremo
1275 627 1330 656 ne
1351 613 1396 656 in
1419 611 1568 657 multis
1590 629 1825 669 moremur,

442 681 671 726 crucifixus
687 691 773 727 est:
789 682 1004 743 numquid
1021 698 1190 743 semper
1208 683 1370 742 pendet
1383 683 1429 727 in
1448 685 1606 728 cruce?
1624 684 1828 743 Sepultus

443 760 520 806 est,
538 751 790 808 resurrexit,
816 753 1008 797 ascendit
1029 753 1076 798 in
1096 752 1260 798 coelum
1280 773 1291 811 3
1309 755 1438 797 «Jam
1462 768 1550 798 non
1567 753 1768 810 moritur,
1785 763 1829 799 et

441 840 462 864 »
482 838 597 868 mors
608 823 671 868 illi
684 823 800 869 ultra
812 840 902 870 non
913 824 1214 870 dominabitur
1228 843 1236 869 ε
1251 843 1271 866 »
1285 834 1328 869 et
1340 824 1542 870 divinitas
1556 826 1646 885 ejus
1658 840 1827 885 semper

438 904 611 950 manet,
639 905 683 940 et
704 896 1006 941 immortalitas
1021 897 1112 957 jam
1134 897 1326 956 corporis
1347 898 1384 957 ej
1393 911 1440 941 us
1461 911 1690 958 nunquam
1714 896 1826 942 defi-

441 965 539 1009 ciet.
577 965 661 1011 Sed
681 975 827 1011 tamen
848 966 921 1012 illa
943 967 1086 1012 omnia
1109 982 1208 1027 quae
1234 966 1531 1026 temporaliter
1551 967 1607 1011 ab
1629 982 1681 1012 eo
1710 976 1827 1026 gesta

435 1044 538 1080 sunt
554 1071 565 1091 ,
590 1038 881 1095 transierunt,
917 1047 960 1082 et
981 1037 1166 1096 legenda
1193 1038 1351 1098 scripta
1382 1047 1508 1094 sunt,
1539 1047 1584 1083 et
1609 1037 1825 1083 credenda

437 1105 746 1165 praedicantur.
775 1111 827 1152 In
846 1108 929 1152 illis
947 1123 1049 1168 ergo
1071 1109 1276 1154 omnibus
1297 1109 1466 1154 transiit
1487 1111 1626 1154 Jesus.

494 1180 550 1221 X.
577 1178 695 1231 Quid
712 1177 802 1223 duo
824 1179 927 1224 caeci
943 1181 1067 1240 juxta
1087 1180 1203 1225 viam
1220 1189 1346 1235 sunt,
1366 1179 1447 1224 nisi
1464 1179 1554 1224 duo
1574 1178 1742 1239 populi,
1768 1179 1825 1225 ad

435 1263 545 1308 quos
562 1250 777 1294 sanandos
797 1251 918 1295 venit
940 1251 1391 1295 JesusPOstendamus
1412 1251 1491 1295 hos
1508 1251 1618 1296 duos
1639 1250 1824 1310 populos

433 1320 479 1364 in
498 1321 729 1380 Scripturis
751 1321 922 1365 sanctis.
943 1323 1022 1365 Est
1042 1321 1088 1365 in
1110 1320 1348 1380 Evangelio
1370 1321 1603 1379 scriptum:
1628 1340 1649 1364 «
1671 1321 1823 1366 Habeo

437 1407 459 1431 >›
485 1390 587 1434 alias
604 1405 704 1435 oves
721 1406 821 1450 quae
839 1406 930 1435 non
948 1400 1050 1434 sunt
1066 1390 1121 1434 de
1142 1391 1226 1435 hoc
1244 1390 1367 1448 ovili3
1391 1400 1435 1434 et
1448 1391 1541 1435 illas
1564 1399 1735 1450 oportet
1752 1405 1823 1435 me

438 1479 458 1502 »
485 1460 723 1517 adducere,
754 1469 804 1504 ut
825 1462 878 1505 sit
898 1477 1011 1505 unus
1034 1476 1137 1520 grex
1159 1471 1202 1506 et
1218 1477 1333 1506 unus
1351 1464 1542 1521 pastor1.
1567 1479 1588 1503 »
1613 1462 1698 1515 Qui
1721 1470 1822 1507 sunt

433 1546 534 1589 ergo
566 1532 655 1576 duo
685 1531 865 1609 populi?
904 1534 1024 1576 Unus
1056 1531 1340 1587 Judaeorum,
1382 1541 1424 1577 et
1457 1531 1564 1577 alius
1594 1533 1817 1577 Gentium.

438 1620 458 1643 «
483 1604 580 1647 Non
605 1617 701 1645 sum
730 1602 902 1656 missus,
930 1601 1014 1656 ait,
1040 1601 1123 1645 nisi
1144 1601 1200 1646 ad
1221 1617 1348 1656 oves,
1368 1617 1467 1661 quae
1494 1602 1717 1661 perierunt
1736 1603 1819 1647 do·
1872 1631 1877 1641 ι

433 1689 453 1712 »
479 1686 575 1715 mus
599 1670 793 1716 Isra‘el2:
822 1689 843 1712 »
869 1671 1039 1724 Quibus
1071 1672 1155 1716 hoc
1186 1671 1319 1715 dixit?
1349 1671 1616 1731 Discipulis:
1641 1672 1818 1731 quando
1870 1668 1898 1700 '¹⁸¹

432 1740 505 1786 illa
526 1743 774 1787 Chananaea
795 1741 1011 1786 clamabat
1021 1758 1153 1802 ,quae
1174 1758 1218 1787 se
1241 1757 1330 1787 esse
1348 1757 1499 1787 canem
1520 1742 1715 1788 confessa
1736 1752 1815 1796 est,
1869 1730 1898 1771 ’ἱ

430 1823 481 1858 ut
494 1815 626 1859 micas
645 1815 700 1859 de
717 1829 868 1858 mensa
882 1813 1162 1859 dominorum
1177 1823 1430 1859 mereretur.
1447 1816 1504 1858 Et
1521 1815 1623 1873 quia
1639 1816 1814 1870 meruit,
1866 1800 1898 1873 ’,Ῐῡ

427 1886 519 1945 jam
541 1885 630 1930 duo
656 1885 938 1930 demonstrati
952 1894 1055 1929 sunt
1073 1885 1128 1929 ad
1149 1899 1258 1945 quos
1275 1893 1478 1929 venerat:
1504 1883 1715 1929 Juda'l'cus
1736 1885 1816 1929 sci-
1862 1882 1892 1914 Μ]

432 1954 534 2000 licet
555 1954 771 2015 populus,
795 1955 851 1999 dc
871 1970 961 2014 quo
979 1954 1063 1999 ait:
1086 1973 1107 1997 «
1126 1957 1223 2000 Non
1244 1969 1340 1998 sum
1357 1954 1508 1998 missus
1528 1954 1610 1999 nisi
1625 1953 1680 1998 ad
1698 1969 1812 2012 oveS,

434 2045 454 2068 »
482 2042 582 2086 quae
613 2027 838 2086 perierunt
858 2025 1014 2070 domus
1036 2025 1196 2070 Isra'el:
1226 2043 1245 2066 n
1283 2033 1327 2068 et
1359 2026 1564 2069 Gentium
1596 2025 1812 2084 populus,

434 2098 556 2157 cujus
583 2106 740 2223 t'ypum
762 2095 1063 2156 praetendebat
1084 2095 1179 2139 haec
1203 2094 1376 2150 mulier,
1403 2110 1532 2155 quam
1565 2095 1706 2173 primo
1725 2110 1813 2140 res-
1874 2085 1898 2129 Χ]

436 2468 457 2491 »
483 2452 558 2495 fiat
579 2452 660 2496 tibi
680 2453 793 2496 sicut
809 2451 913 2496 vis3.
942 2468 962 2492 »
988 2448 1097 2493 Inde
1116 2464 1232 2493 enim
1250 2457 1341 2493 erat
1363 2457 1407 2492 et
1428 2446 1501 2491 ille
1515 2447 1741 2503 Centurio,

437 2536 525 2579 quo
547 2521 651 2566 dicit
671 2522 787 2567 idem
807 2520 1018 2566 Dominus
1039 2537 1049 2565 :
1072 2538 1093 2562 «
1112 2522 1252 2564 Amen
1274 2518 1373 2564 dico
1393 2518 1540 2575 vobis,
1560 2533 1650 2564 non
1670 2518 1742 2565 inv
1797 2515 1802 2523 ’
1855 2538 1858 2554 1

509 2607 600 2637 Joan.
628 2615 663 2645 x,
682 2606 732 2639 16,
766 2622 807 2630 —-
822 2611 836 2630 2
854 2604 967 2639 Matth.
991 2614 1047 2647 xv,
1066 2603 1120 2647 24.
1139 2620 1180 2628 —
1202 2601 1216 2628 3
1237 2603 1319 2638 lbid.
1339 2603 1395 2647 26,
1411 2607 1475 2637 etc--
