1898 3178
413 258 551 285 SERMo
583 256 689 295 cxii,
724 259 778 284 DE
810 256 956 285 vensis
986 259 1079 286 Luc.
1114 260 1204 286 xiv.
1417 249 1502 287 615

133 431 625 449 ΜΜΜΜΜΜΜἏΜΜΜΜΜ
630 432 906 449 mmmm
1331 433 1470 451 m
1474 436 1504 452 νΙ

600 560 830 606 SERMO
874 560 1003 608 CXII
1014 558 1044 605 ¹.

180 734 242 776 De
262 731 403 776 verbis
421 732 646 791 Evangelii
669 735 798 776 Lucae
819 750 895 776 xiv
919 752 928 776 ε
949 732 1113 777 Homo
1132 731 1331 791 quidam
1338 733 1468 796 fecit

534 817 723 847 coenam
747 817 1004 863 magnam,
1029 812 1116 848 etc.

504 961 673 1001 Habitus
693 962 734 1000 in
754 961 921 1002 Basilica
942 961 1150 1002 Restituta.

194 1103 230 1144 Ι.
256 1103 491 1143 Lizcmomzs
513 1108 672 1143 sanctae
690 1101 919 1160 propositae
939 1110 1056 1156 sunt,
1082 1109 1126 1144 et
1142 1115 1247 1160 quas
1268 1100 1510 1152 audiamus,

134 1179 179 1214 et
199 1169 254 1214 de
276 1170 437 1230 quibus
459 1169 622 1229 aliquid
644 1172 867 1225 sermonis,
883 1171 1116 1231 adjuvante
1138 1171 1339 1225 Domino,
1364 1171 1511 1230 profe-

135 1255 296 1284 ramus.
325 1243 376 1284 In
399 1240 584 1283 lectione
607 1239 852 1299 Apostolica
877 1241 1022 1298 gratiae
1043 1250 1230 1298 aguntur
1252 1239 1436 1285 Domino
1459 1243 1514 1286 de

132 1310 220 1353 fide
243 1310 476 1364 Gentium,
507 1309 658 1368 utique
686 1310 811 1364 ideo,
847 1311 946 1370 quia
978 1311 1068 1369 ipse
1101 1309 1217 1354 fecit.
1257 1313 1308 1353 In
1344 1310 1514 1356 Psalmo

132 1378 319 1423 diximus
344 1398 352 1423 :
382 1398 402 1420 (ι
428 1382 542 1423 Deus
564 1379 773 1422 virtutum
789 1414 800 1434 ‚
829 1389 1033 1424 converte
1054 1395 1154 1433 nos,
1180 1388 1222 1423 et
1243 1379 1422 1424 ostende
1443 1380 1513 1424 fa-

135 1468 156 1491 »
181 1450 290 1494 ciem
318 1458 458 1504 tuam,
482 1459 525 1493 et
546 1449 650 1493 salvi
672 1451 869 1494 erimus&
897 1453 948 1494 In
970 1449 1228 1508 Evangelio,
1253 1450 1309 1494 ad
1341 1466 1512 1495 coenam

129 1521 270 1566 vocati
288 1535 434 1564 sumus
457 1539 465 1564 :
490 1520 577 1564 imo
595 1520 665 1563 alii
679 1521 821 1564 vocati
836 1555 846 1575 ,
873 1535 950 1565 nos
972 1536 1060 1564 non
1083 1521 1223 1564 vocati
1240 1555 1250 1575 ‚
1272 1519 1348 1564 sed
1365 1519 1510 1566 ducti:

129 1607 219 1636 non
242 1590 383 1635 solum
408 1590 556 1644 ducti,
582 1589 657 1634 sed
680 1591 809 1635 etiam
831 1592 984 1636 coacti.
1009 1592 1076 1636 Sic
1097 1592 1213 1635 enim
1237 1591 1480 1636 audivimus
1498 1627 1509 1648 ‚

129 1662 232 1722 quia
262 1680 282 1703 «
308 1664 450 1705 Homo
477 1661 657 1720 quidam
681 1661 785 1706 fecit
813 1678 984 1706 coenam
1007 1663 1250 1720 magnam3.
1275 1679 1294 1702 υ
1322 1663 1427 1714 Quis
1449 1672 1513 1706 est

127 1732 207 1776 iste
228 1732 376 1785 homo,
397 1731 510 1774 nisi«
529 1730 742 1775 Mediator
764 1732 840 1775 Dei
858 1741 901 1775 et
917 1732 1147 1775 hominum
1163 1731 1295 1775 homo
1312 1731 1510 1777 Christus

132 1821 153 1844 »
174 1803 351 1846 Jesus⁴‘?
376 1821 396 1842 »
421 1802 540 1846 Misit
562 1810 609 1845 ut
625 1803 821 1846 venirent
842 1803 1038 1857 invitati,
1063 1803 1166 1863 quia
1192 1803 1298 1846 hora
1315 1803 1402 1862 jam
1431 1818 1508 1847 ve-

128 1881 277 1927 uerat,
306 1881 356 1916 ut
372 1873 584 1917 venirent.
611 1872 697 1924 Qui
723 1881 825 1916 sunt
846 1872 1037 1926 invitati,
1068 1872 1147 1916 nisi
1171 1887 1248 1931 per
1270 1872 1509 1930 praemissos

127 1943 270 1988 vocati
296 1942 562 2001 Prophetas?
589 1941 801 1994 Quando?
828 1942 944 1986 Olim
967 1957 1017 1985 ex
1034 1957 1122 2002 quo
1146 1942 1381 1986 mittuntur
1403 1945 1509 1987 Pro-

127 2014 298 2073 phetae,
330 2013 518 2056 invitant
552 2011 607 2056 ad
638 2027 811 2056 coenam
845 2012 1020 2056 Christi.
1051 2011 1288 2056 Mittuntur
1315 2026 1417 2070 ergo
1452 2012 1508 2057 ad

127 2083 340 2143 populum
357 2082 502 2126 Israel.
529 2084 650 2141 Saepe
672 2081 788 2125 missi
803 2090 920 2137 sunt,
946 2096 1060 2140 saepe
1080 2091 1359 2135 vocaverunt,
1384 2091 1434 2126 ut
1451 2081 1506 2126 ad

126 2155 280 2199 horam
302 2169 440 2198 coenae
458 2151 670 2196 venirent.
701 2151 769 2195 Illi
792 2161 937 2196 autem
963 2152 1195 2197 invitantes
1217 2162 1477 2212 acceperunt
1491 2188 1502 2208 ,

129 2240 298 2271 coenam
324 2223 691 2284 repudiaverunt?
708 2223 823 2276 Quid
850 2225 942 2268 est?
960 2224 1197 2267 Invitantes
1219 2234 1479 2282 acceperunt
1493 2260 1504 2280 ,

129 2312 299 2342 coenam
323 2295 690 2355 repudiaverunt?
713 2295 949 2354 Prophetas
970 2294 1194 2353 legerunt,
1223 2304 1266 2338 et
1286 2295 1507 2340 Christum

129 2367 424 2411 occiderunt⁵.
448 2363 531 2409 Sed
551 2364 728 2424 quando
756 2363 1010 2409 occiderunt
1028 2399 1040 2419 ,
1067 2374 1170 2409 tunc
1194 2364 1319 2409 nobis
1336 2380 1506 2410 coenam

193 2481 201 2497 ¹
224 2475 306 2507 Alias
327 2474 368 2506 33
386 2475 426 2506 ‹le
452 2471 559 2505 verbis
575 2472 708 2504 Domini.
733 2488 772 2494 ——=
794 2480 806 2495 ²
830 2473 908 2505 Psal.
939 2483 1027 2512 xcix,
1048 2473 1079 2504 8.
1101 2490 1141 2496 —-
1162 2471 1176 2495 3
1195 2475 1273 2505 Luc.
1296 2484 1363 2513 xiv,
1397 2474 1446 2505 16.
1463 2491 1505 2497 —

127 2530 145 2560 lo
173 2542 185 2562 1
206 2531 284 2562 Tim.
303 2542 340 2569 11,
360 2530 391 2561 5.
425 2546 456 2551 —·
472 2526 486 2550 5
512 2528 588 2559 Cod.
610 2529 694 2559 Cass.
716 2539 751 2567 11,
778 2528 834 2559 fol.
867 2527 924 2571 ¹87
943 2541 949 2559 ε
978 2528 1030 2560 Sic
1049 2528 1132 2560 enim
1151 2528 1356 2560 constitutum
1375 2528 1481 2561 fuerat
1495 2555 1502 2565 ,

129 2589 164 2618 ut
178 2585 393 2618 immolaretur
411 2584 561 2615 (Ilii-ictus.
