1898 3178
343 169 484 198 smum
516 170 644 209 xmx,
678 171 732 198 niz
763 172 910 215 viamus
940 172 1135 199 memma.
1376 162 1430 202 83

54 341 369 360 mmmmm

507 454 736 506 SERMO
779 459 931 507 XLIX
950 456 981 504 ¹.

49 613 115 659 In
128 614 344 659 eumdem
358 614 582 660 Miclzceoe
597 615 769 673 locam,
787 615 848 662 de
859 617 1055 681 justitia
1072 632 1176 676 quae
1179 616 1426 678 facienda

78 684 224 746 jussa
249 694 348 730 est:
369 694 415 730 et
431 686 480 730 in
499 685 682 732 Mattlz.
708 705 781 745 xx,
806 686 866 733 de
887 687 1136 734 conductis
1158 690 1208 734 in
1227 690 1389 735 υιὴεα.

147 830 318 872 Habitus
338 832 390 872 ad
407 844 584 872 mensam
606 834 731 874 sancti
746 834 957 887 Cypriani,
973 836 1015 875 in
1035 835 1101 876 die
1119 835 1344 877 Dominico.

108 997 143 1038 I.
170 997 410 1041 LEchnEs
433 1006 602 1043 sanctas
624 996 785 1056 plures,
810 1012 911 1042 cum
928 998 1214 1043 recitarentur
1229 1033 1240 1054 ‚
1263 998 1437 1043 audivi-

44 1078 141 1108 mus
159 1099 170 1119 ‚
196 1075 239 1109 et
255 1065 310 1110 de
330 1067 399 1110 his
422 1082 499 1111 nos
530 1076 701 1125 oportet
722 1067 865 1111 dicere
880 1102 890 1122 ‚
920 1068 1040 1128 quod
1062 1069 1271 1113 Dominus
1303 1068 1437 1114 fuerit

42 1132 204 1178 donare
226 1134 444 1193 dignatus.
475 1135 557 1180 Sed
577 1136 817 1180 lectionum
839 1137 979 1181 omnis
1009 1137 1183 1182 auditor
1213 1138 1333 1198 quod
1357 1153 1428 1182 re-

44 1204 212 1249 centius
233 1203 397 1249 lectum
427 1215 490 1249 est
522 1207 658 1263 magis
687 1207 917 1262 meminit,
943 1218 987 1251 et
1008 1217 1058 1251 ut
1085 1207 1188 1252 inde
1225 1208 1391 1268 aliquid
1411 1225 1436 1253 a

43 1281 276 1319 tractatore
298 1276 417 1318 verbi
443 1275 614 1319 dicatur
641 1285 852 1334 expectat.
886 1278 998 1320 Cum
1025 1292 1126 1334 ergo
1149 1277 1354 1322 ultimum
1378 1279 1433 1322 sit

0 1394 2 1399 ,
43 1354 243 1389 sanctum
277 1344 569 1403 Evangelium
606 1345 860 1400 recitatum,
898 1361 989 1390 non
1029 1346 1185 1391 dubito
1209 1358 1435 1407 expectare

43 1415 310 1460 Charitatem
331 1417 525 1459 Vestram
546 1450 557 1469 ‚
588 1423 639 1458 ut
660 1414 714 1458 de
738 1416 816 1459 ista
837 1415 962 1460 vinea
981 1451 992 1471 ‚
1017 1425 1061 1460 et
1094 1417 1149 1460 de
1173 1418 1402 1462 conductis
1419 1452 1431 1473 ‚

0 1512 6 1541 3
44 1493 89 1534 et
109 1484 164 1528 de
185 1485 385 1529 mercede
407 1483 573 1528 denarii
595 1484 762 1544 aliquid
784 1485 1007 1530 audiati52.
1036 1487 1119 1531 Sed
1143 1502 1222 1545 ego
1252 1487 1431 1532 memini

42 1554 263 1613 superiore
279 1554 503 1599 Dominico
523 1553 630 1613 quid
650 1553 934 1612 promiserim.
949 1557 1062 1600 Cum
1080 1557 1195 1600 enim
1210 1556 1264 1600 de
1282 1565 1433 1602 sancto

45 1614 262 1684 Propheta
290 1624 410 1685 quod
450 1624 611 1668 lectum
649 1622 791 1669 fuerat
813 1624 980 1685 aliquid
1012 1642 1226 1685 exponere
1264 1628 1432 1673 voluis-

43 1687 133 1739 eem
151 1716 162 1752 3
179 1694 341 1738 lectum
377 1704 522 1738 autem
546 1692 710 1748 fuerat,
737 1695 951 1753 quaerenti
982 1695 1150 1740 homini
1176 1697 1337 1756 quibus
1359 1713 1430 1742 sa-

44 1758 434 1822 crificiis-placaret
470 1767 636 1815 Deum,
678 1764 975 1808 renuntiatum
1006 1780 1096 1809 esse
1137 1765 1249 1810 nihil
1278 1767 1333 1810 ab
1356 1766 1433 1812 illo

45 1832 184 1887 Deum
206 1848 400 1893 quaerere
415 1867 425 1885 ‚
450 1833 532 1875 nisi
555 1831 694 1876 facere
705 1832 920 1892 judicium
938 1842 981 1876 et
996 1834 1206 1894 justitiam
1221 1870 1232 1891 ‚
1260 1845 1303 1880 et
1323 1835 1427 1880 dili-

46 1898 146 1964 gere
182 1901 519 1947 misericordiam
534 1903 548 1927 ³
564 1936 574 1955 ‚
601 1911 889 1961 paratumque
910 1916 1000 1946 esse
1026 1903 1088 1947 ire
1120 1919 1221 1948 cum
1241 1906 1428 1951 Domino

45 1973 137 2018 Deo
156 1988 235 2017 suo
266 1991 275 2017 ι
298 1972 498 2025 tractavi,
520 1980 735 2032 quantum
757 1971 984 2030 potui‚‘de
1017 1973 1207 2032 judici03
1231 1984 1428 2021 tantum-

46 2042 133 2107 que
153 2059 294 2087 sermo
317 2042 554 2102 productus
573 2051 657 2098 est,
677 2051 727 2086 ut
743 2058 832 2086 non
851 2047 1314 2108 remanerettemporis
1335 2063 1430 2106 spa-

46 2113 175 2170 tium,
197 2129 287 2173 quo
308 2129 475 2173 possem
494 2115 548 2157 de
570 2113 732 2157 caeteris
754 2113 988 2172 disputare.
1014 2115 1140 2159 Unde
1155 2132 1224 2165 me
1244 2119 1422 2177 promisi

45 2170 257 2231 {odierno
277 2182 346 2227 die
364 2183 419 2227 de
435 2183 600 2242 justitia
628 2197 718 2226 esse
753 2181 987 2228 dicturum.
1016 2184 1101 2229 Sed
1121 2186 1196 2245 qui
1219 2198 1422 2247 expecta-

46 2231 182 2309 iiatis,
201 2262 250 2297 ut
279 2252 333 2296 de
365 2252 600 2311 Evangelio
621 2251 846 2312 loquerer,
873 2252 1008 2298 nolite
1028 2270 1104 2299 vos
1122 2265 1274 2315 putare
1298 2257 1423 2304 frau-

50 2322 188 2369 datos.
208 2325 328 2383 Opus
350 2323 466 2366 enim
491 2323 537 2367 in
553 2321 626 2367 illa
646 2323 795 2379 vinea,
815 2323 907 2382 ipsa
928 2333 992 2368 est
1009 2325 1191 2384 justitia.

53 2378 86 2455 ’ἱ
109 2396 170 2438 ΙΙ.
195 2397 350 2439 Putate
363 2407 463 2452 ergo
479 2408 554 2438 vos
568 2408 657 2437 esse
674 2391 929 2438 conductos,
948 2394 1033 2447 Qui
1050 2395 1172 2454 pueri
1188 2408 1421 2452 venerunt,

53 2460 65 2477 z
99 2495 109 2512 ¹
127 2488 211 2522 Alias
227 2488 268 2522 de
281 2490 439 2531 Tempore
463 2487 541 2530 237.
558 2503 599 2510 —
618 2494 631 2511 ²
649 2487 763 2521 matth.
784 2497 830 2529 vr,
851 2498 902 2521 ιο.
921 2503 964 2511 —-
984 2486 998 2511 3
1017 2488 1160 2522 Michaeae
1173 2501 1220 2533 v1,
1241 2492 1274 2525 6.

1229 2546 1268 2586 6.
