1898 3178
325 188 407 228 542
743 198 776 225 s.
812 198 1041 226 Ausonum
1074 199 1252 226 Eriscom

322 265 517 324 Denique
538 279 637 307 cum
656 262 827 308 dixisset
847 262 1018 307 mulieri
1041 280 1051 307 .·
1081 282 1100 305 (ι
1121 264 1408 307 Dimittuntur
1428 263 1503 306 tibi
1522 271 1698 320 peccata

324 353 343 375 »
382 343 454 378 tua
477 353 485 378 ε
515 351 535 375 »
568 334 777 378 continuo
796 332 859 377 illi
880 353 888 378 :
916 352 936 375 «
965 333 1069 387 Quis
1091 342 1154 378 est
1176 335 1256 378 iste
1278 334 1354 394 qui
1375 342 1420 376 et
1441 341 1615 391 peecata
1635 331 1698 376 di-

324 421 344 444 »
377 403 510 447 mittit
526 405 544 446 ‘3
560 421 579 444 »
595 403 701 455 Quis
723 411 786 447 est
808 403 902 457 iste,
927 419 1058 463 quem
1081 405 1172 464 jam
1193 403 1349 448 mulier
1368 402 1584 463 peccatrix
1603 416 1701 459 cog·

321 474 472 518 novit?
486 476 551 517 Tu
568 473 962 533 recumbensquasi
984 489 1128 529 sanus,
1144 474 1363 518 medicum
1384 474 1555 531 ignoras
1572 491 1581 517 :
1598 471 1701 531 quja

319 546 482 603 majore
513 542 695 588 forsitan
720 542 841 588 febre
872 554 1064 588 mentem
1090 544 1220 589 etiam
1253 543 1493 603 perdidisti.
1525 545 1634 588 Nam
1657 550 1701 586 et

318 614 596 673 phreneticus
609 613 753 658 ridens
768 614 964 674 ploratur
979 631 1002 659 a
1015 616 1141 660 sanis.
1155 617 1318 658 Tamen
1339 612 1448 659 illud
1471 613 1583 657 bene
1605 627 1701 657 nos·

321 684 395 738 tis,
420 684 532 727 bene
560 685 715 728 tenetis
737 703 745 728 :
772 694 937 741 tenete²
963 686 1064 745 quia
1085 686 1217 730 homo
1240 700 1331 729 non
1359 692 1501 743 potest
1527 690 1703 743 peccata

318 753 550 800 dimittere.
580 753 659 798 Illa
682 771 781 815 quae
802 755 884 800 sibi
907 771 930 800 a
947 756 1118 801 Christo
1140 755 1300 799 dimitti
1320 753 1504 798 credidit
1519 789 1530 810 ‚
1551 753 1702 799 Chris-

317 832 410 868 tum
426 839 516 869 non
538 825 759 869 hominem
782 835 953 871 tantum
970 862 981 882 ‚
1002 826 1076 871 sed
1097 835 1140 870 et
1162 829 1301 870 Deum
1323 824 1522 870 credidit.
1549 843 1569 866 «
1590 823 1699 877 Quis

321 913 341 935 n
376 904 440 940 est
460 897 538 940 iste
558 931 569 950 ‚
593 897 822 956 inquiunt,
848 899 924 958 qui
946 907 989 942 et
1006 906 1181 957 peccata
1198 896 1408 941 dimittit?
1431 915 1450 938 n
1476 899 1534 940 Et
1551 895 1702 940 Domi-

319 981 401 1009 nus
417 1000 427 1019 ,
452 985 471 1007 «
497 966 602 1020 Quis
620 976 683 1012 est
702 968 805 1022 iste,
833 986 853 1009 »
878 967 1145 1023 dicentibus,
1163 983 1253 1012 non
1271 967 1379 1011 dixit
1407 985 1415 1011 :
1442 966 1577 1010 Filius
1598 965 1700 1020 Dei,

320 1036 514 1080 Verbum
544 1038 622 1081 Dei
656 1057 664 1082 :
694 1053 783 1082 non
811 1039 895 1083 hoe
920 1038 1050 1093 dixit,
1087 1037 1162 1082 sed
1190 1039 1235 1082 in
1263 1053 1315 1082 eo
1344 1038 1466 1097 quod
1488 1036 1706 1096 putabant

320 1106 592 1166 aliquantum
627 1123 699 1152 eos
733 1123 909 1152 manere
944 1109 1198 1168 permittens
1215 1143 1226 1163 ‚
1262 1107 1389 1153 solvit
1417 1106 1706 1167 quaestionem

319 1186 463 1221 motus
485 1177 674 1222 illorum.
697 1180 780 1232 Qui
803 1180 919 1224 enim
936 1178 1110 1224 videbat
1135 1178 1473 1232 discumbentes,
1499 1176 1705 1221 audiebat

320 1247 558 1306 cogitantes
575 1265 586 1299 3
606 1264 840 1293 conversus
857 1249 910 1293 ad
932 1249 1159 1294 mulierem
1186 1269 1195 1295 :
1225 1268 1246 1292 «
1267 1248 1394 1293 Fides
1416 1258 1489 1293 tua
1503 1283 1513 1302 ,
1533 1247 1704 1307 inquit,

323 1335 343 1358 »
381 1327 420 1361 te
435 1317 596 1362 salvam
617 1318 736 1363 fecit.
762 1337 782 1360 »
807 1320 882 1363 Isti
903 1320 979 1380 qui
997 1319 1150 1364 dicunt
1174 1339 1182 1364 :
1213 1338 1233 1361 «
1253 1319 1358 1372 Quis
1379 1327 1442 1362 est
1462 1318 1543 1362 iste
1563 1317 1640 1376 qui
1663 1325 1706 1360 et

323 1405 343 1428 »
378 1397 555 1446 peccata
573 1388 784 1433 dimittit?
809 1408 829 1430 »
850 1390 925 1450 qui
942 1405 1012 1434 me
1033 1399 1190 1449 putant
1211 1389 1456 1444 hominem,
1478 1387 1704 1432 hominem

321 1467 493 1516 putent.
521 1477 540 1499 «
565 1458 688 1503 Fides
712 1468 786 1503 tua
803 1468 846 1503 te
869 1459 1031 1504 salvam
1048 1460 1165 1504 fecit.
1189 1478 1209 1501 »

380 1530 504 1571 VIII.
529 1527 724 1573 Medicus
743 1529 882 1574 bonus
900 1545 1036 1588 aegros
1058 1545 1148 1573 non
1167 1529 1307 1573 solum
1330 1536 1562 1587 praesentes
1579 1542 1706 1572 sana·-

312 1599 413 1652 bat,
438 1598 514 1642 sed
535 1607 578 1642 et
600 1596 770 1643 futuros
791 1600 920 1643 etiam
937 1599 1220 1658 praevidebat.
1234 1600 1389 1644 Futuri
1413 1608 1537 1643 erant
1558 1598 1703 1643 homi-

323 1683 397 1711 nes
419 1668 495 1728 qui
517 1668 711 1713 dicerent
730 1688 739 1713 ε
761 1671 852 1727 Ego
871 1678 1046 1729 peccata
1067 1668 1259 1724 dimitto,
1285 1685 1365 1728 ego
1382 1669 1573 1729 justifico
1589 1703 1600 1724 ,
1624 1683 1706 1727 ego

323 1739 541 1783 sanctifico
556 1774 566 1794 ,
606 1754 685 1797 ego
706 1755 810 1784 sano
843 1755 1167 1801 quemcumque
1200 1740 1388 1800 baptizo.
1415 1743 1480 1784 Ex
1501 1739 1594 1799 ipso
1613 1755 1700 1783 nu-

324 1824 444 1854 mero
466 1818 508 1853 et
524 1809 593 1854 isti
613 1820 730 1864 sunt,
751 1810 827 1870 qui
847 1810 999 1855 dicunt
1018 1830 1026 1855 ε
1048 1830 1068 1853 α
1084 1810 1182 1857 Noli
1204 1826 1274 1855 me
1293 1812 1542 1870 tangere¹.»
1561 1812 1706 1870 Usque

326 1878 434 1923 adeo
452 1894 502 1923 ex
518 1879 612 1939 ipso
633 1895 817 1925 numero
837 1890 959 1936 sunt,
985 1890 1035 1926 ut
1053 1896 1192 1941 nuper
1208 1881 1254 1925 in
1274 1880 1505 1925 collatione
1528 1888 1673 1924 nostra
1691 1914 1702 1934 ‚

325 1949 444 2009 quod
466 1951 594 1994 etiam
616 1951 661 1994 in
681 1951 818 1995 Gestis
839 1951 939 2010 ipsis
960 1951 1104 2011 legere
1121 1953 1313 2011 potestis,
1339 1967 1439 1996 cum
1462 1951 1520 1995 eis
1542 1966 1565 1994 a
1587 1952 1706 2009 Cog-

325 2021 464 2065 nitore
496 2030 606 2065 esset
642 2022 863 2066 confessus
892 2021 1093 2077 oblatus,
1129 2031 1179 2068 ut
1215 2022 1415 2066 sederent
1447 2021 1704 2075 nobiscum,

326 2091 681 2150 respondendum
700 2101 906 2152 putarent
929 2111 940 2138 ι
968 2094 1186 2152 Scriptum
1207 2101 1270 2136 est
1306 2092 1432 2138 nobis
1447 2127 1458 2147 ‚
1483 2107 1585 2136 cum
1605 2091 1706 2135 tali-

327 2162 408 2205 bus
440 2177 530 2206 non
562 2163 710 2207 sedere
726 2198 737 2218 ‚
763 2163 922 2207 scilicet
945 2179 1000 2207 ne
1020 2179 1099 2223 per
1128 2172 1378 2208 contactum
1400 2162 1704 2208 subselliorum

328 2231 381 2276 ad
415 2248 486 2277 eos
506 2233 628 2278 velut
648 2242 793 2279 nostra
811 2235 1011 2293 contagio
1033 2234 1291 2293 perveniret.
1313 2234 1424 2278 Vide
1447 2233 1482 2278 si
1503 2249 1593 2278 non
1613 2241 1677 2277 est
1691 2267 1703 2288 ‚

333 2322 353 2344 «
386 2303 482 2348 Noli
505 2319 575 2348 me
594 2314 766 2363 tangere
781 2341 792 2361 ,
817 2307 919 2366 quia
941 2305 1133 2350 mundus
1155 2321 1266 2350 sum.
1286 2324 1307 2347 »
1332 2305 1430 2350 Alio
1447 2314 1593 2349 autem
1615 2302 1702 2359 die,

328 2373 405 2416 ubi
424 2376 710 2433 opportunius
732 2385 844 2432 erat,
865 2377 1294 2423 commemoravimus
1315 2392 1387 2421 eos
1408 2378 1537 2437 hujus
1556 2378 1708 2422 miser-

328 2444 446 2487 rimae
463 2445 679 2503 vanitatis,
701 2462 801 2492 cum
819 2457 1018 2507 ageretur
1039 2447 1093 2491 de
1115 2447 1320 2503 Ecclesia,
1346 2448 1446 2508 quia
1468 2446 1571 2492 mali
1592 2448 1638 2493 in
1654 2463 1705 2492 ea

375 2534 386 2549 ¹
404 2528 476 2560 lsai.
495 2538 570 2571 mxv,
597 2529 630 2562 5.
