1898 3178
380 163 519 192 sumno
552 163 704 203 van,
739 165 793 192 DE
825 162 976 194 ovnms
1007 164 1053 192 nv
1084 163 1231 193 Ezizcu.
1444 154 1499 195 55

118 227 215 273 illos
237 228 351 272 enim
372 229 448 288 qui
464 242 508 272 se
529 228 997 289 hominihusjactando
1018 228 1354 284 commendant,
1379 239 1423 275 et
1439 231 1499 276 ita

115 299 330 344 ventilant
348 299 462 342 bona
480 313 611 358 opera
633 313 726 354 sua,
741 307 792 343 ut
813 301 945 344 finem
964 301 1183 345 bonorum
1203 314 1385 359 operum
1403 316 1500 346 suo-

76 425 82 430 !
115 386 213 414 rum
235 371 280 413 in
299 368 429 413 laude
446 369 675 414 hominum
698 379 865 430 ponant
879 405 890 422 ‚
914 370 1200 431 eamdemque
1216 370 1392 415 laudem
1413 373 1497 418 ho-

114 441 279 485 minum
301 440 424 500 quasi
446 456 525 499 pro
546 440 746 486 mercede
775 450 1032 500 computent
1067 442 1287 487 bonorum
1315 458 1497 502 operum

113 525 290 556 suorum
308 530 319 568 3
343 510 398 554 de
419 511 486 555 his
503 511 664 556 dicitur
684 530 693 557 :
723 529 744 555 «
768 514 910 556 Amen
930 511 1028 556 dico
1045 513 1184 569 vobis,
1209 523 1500 573 perceperunt

115 599 136 624 »
171 580 415 625 mercedem
439 584 604 626 suam1.
629 599 649 625 »
675 583 840 628 Contra
863 597 935 627 eos
957 582 1147 627 dicitur:
1177 603 1197 626 «
1224 586 1386 630 Cavete
1401 586 1498 645 jus·

114 669 135 693 »
172 650 308 694 titiam
339 660 523 694 vestram
550 651 691 696 facere
713 667 860 696 coram
882 652 1150 697 hominibus.
1179 671 1199 695 »
1226 654 1413 698 Proinde
1431 670 1501 699 se-

111 720 291 780 quitur:
315 740 336 762 «
372 723 427 766 Ut
455 722 691 766 videamini
719 722 774 766 ab
810 723 885 766 eis.
914 740 935 764 »
962 722 1083 774 Ultra
1126 738 1183 767 on
1221 725 1412 781 porrexit
1431 725 1503 769 in-

112 791 350 836 tentionem
365 826 375 845 ‚
401 792 471 835 hic
490 792 596 836 fecit
615 793 765 837 finem.
792 792 936 839 Nolite
957 793 1014 838 sic
1035 792 1179 838 facere
1200 808 1345 838 coram
1362 796 1499 839 homi-

111 861 241 905 nibus
256 895 267 914 ,
287 861 507 921 quidquid
529 862 633 906 boni
653 860 791 906 facitis
806 897 818 917 ‚
843 871 894 907 ut
915 863 1150 907 videamini
1167 864 1223 907 ab
1245 864 1319 920 eis,
1344 873 1394 909 ut
1410 864 1501 924 ipse

111 931 166 975 sit
181 931 279 975 finis
301 931 441 990 operis
462 932 594 976 vestri
612 966 624 986 ‚
645 931 782 976 videri
803 933 858 977 ab
879 934 953 977 eis.
974 933 1118 979 Nolite
1140 948 1244 993 ergo
1263 934 1321 978 sic
1335 969 1346 989 ,
1367 944 1418 978 ut
1438 935 1502 979 vi-

109 1000 298 1046 deamini
316 1002 370 1046 ab
398 1003 471 1046 eis.
500 1005 591 1047 Hac
603 1011 749 1048 autem
772 1018 862 1048 non
882 1003 945 1047 ibi
962 1004 1085 1064 ponit
1102 1004 1235 1048 finem
1253 1037 1265 1060 ‚
1287 1014 1338 1049 ut
1357 1004 1500 1050 videa-

108 1087 207 1116 mur
242 1073 297 1117 ab
334 1073 607 1129 hominibus,
647 1088 793 1119 coram
823 1075 986 1134 quibus
1006 1075 1103 1120 vult
1124 1090 1215 1119 esse
1244 1076 1360 1120 bona
1384 1075 1497 1120 facta

110 1150 258 1186 nostra
280 1162 288 1186 :
317 1143 391 1186 sed
415 1143 474 1187 ait
500 1163 508 1187 2
539 1164 559 1185 α
596 1146 792 1188 Luceant
819 1159 950 1203 opera
970 1153 1110 1188 vestra
1130 1159 1275 1189 coram
1304 1146 1498 1190 homini-

111 1229 132 1254 »
166 1213 277 1267 bus,
304 1222 353 1256 ut
378 1213 554 1256 videant
587 1213 704 1258 bona
741 1228 873 1272 opera
906 1223 1048 1259 vestra
1061 1217 1093 1258 ².
1123 1231 1145 1255 »
1171 1216 1270 1260 Non
1300 1216 1494 1275 quievit,

107 1296 251 1342 neque
265 1282 336 1325 hic
359 1282 564 1325 remansit
584 1300 594 1326 ;
619 1281 695 1326 sed
716 1282 840 1327 duxit
860 1283 963 1328 hinc
980 1293 1023 1327 te
1044 1298 1217 1327 sursum
1235 1318 1246 1339 ‚
1272 1293 1315 1328 et
1336 1285 1438 1329 tulit
1454 1295 1497 1330 te

109 1367 133 1395 a
155 1361 199 1396 te
215 1386 227 1407 ‚
258 1352 463 1409 (caderes
485 1352 600 1396 enim
619 1387 630 1407 ,
655 1352 689 1396 si
709 1367 819 1397 esses
848 1353 894 1397 in
917 1362 960 1398 te
986 1371 995 1398 z
1017 1356 1033 1411 )
1062 1362 1105 1397 et
1129 1353 1207 1397 ubi
1223 1362 1344 1398 tutus
1366 1370 1499 1410 esses,

107 1422 258 1481 posuit
279 1431 318 1466 te
340 1441 348 1466 :
375 1440 394 1463 «
419 1421 606 1466 Videant
626 1456 638 1476 ‚
662 1422 830 1482 inquit,
852 1422 968 1467 hona
991 1428 1122 1481 op'era
1143 1432 1285 1468 vestra
1302 1458 1313 1478 ‚
1338 1432 1382 1468 et
1401 1424 1496 1483 glo-

80 1482 84 1487 ’
109 1510 130 1535 »
165 1493 337 1536 rificent
359 1496 528 1536 Patrem
550 1493 849 1553 vestrum-qui
871 1493 917 1537 in
935 1493 1057 1538 coelis
1077 1503 1155 1538 est.
1179 1512 1200 1535 »
1220 1493 1320 1539 Noli
1340 1495 1464 1540 irasci
1482 1531 1492 1550 ,

106 1563 211 1622 quia
236 1562 310 1606 ille
333 1562 599 1621 glorificatur
622 1582 630 1607 ε
656 1563 775 1622 apud
793 1563 918 1608 illum
949 1573 1042 1609 esto
1056 1599 1067 1619 ,
1087 1573 1130 1609 et
1153 1564 1200 1608 in
1228 1563 1304 1609 illo
1327 1564 1494 1624 glorifi-

105 1633 285 1678 caberis.
307 1652 326 1674 «
345 1635 402 1676 Ut
423 1648 512 1677 non
529 1631 752 1690 glorietur,
773 1634 833 1679 ait
854 1634 1109 1693 ApostoluS‚
1135 1635 1275 1678 omnis
1295 1651 1395 1680 caro
1416 1651 1493 1681 co-

108 1721 129 1744 »
165 1717 255 1746 ram
289 1701 410 1746 illo3.
437 1722 455 1743 »
482 1700 599 1761 Ergo
630 1703 722 1747 sine
745 1703 878 1762 gloria
900 1705 1260 1749 remanebimus?
1281 1707 1395 1751 Non.
1422 1707 1494 1751 Ait

105 1773 222 1817 enim
241 1773 331 1831 ipse
357 1791 366 1817 2
396 1791 415 1813 «
436 1773 519 1825 Qui
545 1772 776 1831 gloriatur,
798 1774 844 1818 in
864 1775 1052 1819 Domino
1067 1773 1276 1833 glorietur
1288 1776 1320 1820 ⁴.
1344 1779 1490 1822 »Nam

105 1852 149 1887 et
183 1843 479 1887 testimonium
514 1844 793 1887 conscientiae
825 1853 984 1888 nostrae
1004 1844 1065 1889 ita
1085 1845 1210 1900 nobis
1243 1845 1378 1904 gloria
1401 1856 1488 1901 est,

105 1913 207 1972 quia
221 1913 267 1956 in
286 1913 360 1957 illo
382 1922 459 1956 est.
481 1915 588 1958 Nam
608 1913 641 1956 si
663 1913 723 1957 ita
743 1921 807 1958 est
824 1912 960 1972 gloria
983 1924 1129 1959 nostra
1149 1949 1161 1969 ‚
1177 1923 1228 1959 ut
1244 1916 1371 1960 nobis
1392 1917 1489 1976 pla-

105 1998 300 2037 ceamus,
339 1992 382 2026 et
402 1983 643 2026 efficiamur
665 1982 886 2042 placentes
924 1984 1076 2045 nobi83
1105 1984 1231 2030 valde
1252 1986 1386 2032 stulto
1408 1987 1489 2032 ho-

104 2052 213 2097 mini
234 2051 376 2111 placet
391 2087 402 2108 ,
425 2053 502 2112 qui
524 2052 606 2096 sibi
621 2053 780 2112 placet.

37 2173 41 2179 ,
163 2123 283 2166 XIV.
305 2124 517 2173 Curemus
534 2137 656 2180 ergo,
682 2120 835 2168 fratres
850 2158 863 2179 ‚
887 2138 977 2170 non
997 2133 1171 2169 tantum
1191 2124 1305 2169 bene
1326 2125 1487 2183 vivere,

35 2207 51 2212 “
105 2190 181 2237 sed
198 2192 324 2236 etiam
343 2207 489 2236 coram
511 2192 763 2238 hominibus
784 2194 897 2238 bene
920 2195 1163 2240 conversari
1181 2216 1193 2253 3
1216 2210 1297 2239 nec
1318 2204 1490 2241 tantum

105 2262 268 2306 habere
289 2262 450 2306 bonam
470 2263 779 2308 conscientiam
794 2299 806 2319 ‚
839 2265 914 2309 sed
936 2274 1152 2325 quantum
1183 2275 1327 2325 potest
1346 2276 1492 2312 nostra

107 2332 333 2376 infirmitas
348 2366 358 2386 ‚
376 2341 592 2391 quantum
614 2333 837 2392 vigilantia
853 2333 1102 2394 fragilitatis
1118 2336 1324 2380 humanae
1335 2372 1346 2392 ‚
1370 2352 1497 2382 cure-

108 2416 206 2445 mus
223 2400 332 2445 nihil
349 2402 477 2445 ctiam
499 2400 641 2446 facere
662 2404 783 2464 quod
800 2405 945 2450 veniat
965 2405 1011 2449 in
1026 2405 1185 2449 malam
1207 2407 1494 2466 suspicionem

156 2492 164 2507 ¹
187 2485 305 2517 Maith.
327 2497 373 2525 vr,
393 2494 423 2518 2.
440 2503 479 2509 -—-
496 2493 508 2508 ²
528 2488 574 2517 Id.
595 2497 628 2525 v,
651 2487 749 2519 16.-
769 2486 783 2511 3
802 2499 814 2519 r
836 2490 909 2521 Cor.
931 2500 953 2529 1,
969 2497 1023 2530 29.
1039 2487 1109 2517 —4
1134 2488 1215 2522 ibid.
1237 2490 1288 2522 31.
