1898 3178
436 210 520 249 470
867 220 900 246 s.
937 215 1168 246 AUGuS‘rnvr
1200 218 1382 246 EPISCOPI

433 286 633 330 deremus
671 282 814 327 dicere
850 297 927 327 nos
963 297 1014 326 ex
1046 282 1170 328 nobis
1211 283 1328 343 ipsis.
1369 282 1498 336 Quod
1534 284 1809 343 Evangelista

432 355 600 415 scripsit
616 389 627 408 ,
664 352 884 410 dicamus,
921 361 964 396 et
986 367 1086 396 cum
1109 351 1365 406 dixerimus,
1391 353 1699 413 intelligamus.
1726 355 1810 400 Sed

430 435 482 471 ut
501 424 811 481 intelligamus,-
836 422 955 482 prius
977 422 1220 468 credamus.
1245 424 1371 470 «Nisi
1394 424 1511 468 enim
1527 424 1807 480 credideritis,

431 516 452 539 »
487 510 576 539 non
603 491 897 550 intelligetis1,
924 511 945 534 n
971 494 1030 537 ait
1061 494 1292 553 Propheta.
1319 498 1420 539 Post
1450 495 1811 540 resurrectionem

428 565 639 611 Dominus
650 563 846 608 Christus
859 562 1113 608 ambulabat
1135 564 1181 607 in
1201 564 1269 608 via
1284 578 1384 608 cum
1397 564 1570 610 duobus
1583 565 1812 625 Discipulis

428 636 539 690 suis,
560 650 584 678 a
605 634 765 694 quibus
785 633 985 678 nondum
1008 634 1342 693 agnoscebatur,
1363 634 1523 693 quibus
1537 635 1659 679 velut
1673 635 1812 680 viator

427 706 580 751 tertius
602 705 906 750 comitabatur.
926 707 1119 749 Ventum
1141 714 1205 749 est
1235 703 1290 748 ad
1310 704 1456 749 locum
1470 740 1485 761 ,
1509 721 1598 766 quo
1618 705 1682 749 illi
1711 715 1810 750 ten-

429 776 617 832 debant,
644 784 687 820 et
706 775 763 820 ait
783 775 1057 834 Evangelista
1076 794 1085 819 :
1106 793 1126 816 «
1148 778 1244 834 Ipse
1266 784 1412 819 autem
1430 775 1553 819 finxit
1572 790 1617 819 se
1639 775 1812 835 longius

430 866 452 890 »
486 848 588 891 ire2.
617 865 638 888 n
667 846 737 891 Illi
767 856 910 891 autem
933 847 1143 890 tenebant
1163 859 1264 889 eum
1287 860 1409 890 more
1430 846 1712 890 humanitatis
1741 846 1812 890 di-

426 926 571 962 centes
587 952 598 972 ,
630 916 750 977 quod
766 918 855 976 jam
886 924 1227 975 vesperasceret,
1252 924 1454 975 rogantes
1475 924 1526 960 ut
1547 930 1647 960 cum
1672 916 1731 959 eis
1747 915 1809 960 ibi

423 996 619 1031 maneret
645 1006 654 1031 z
678 995 899 1045 susceptus
934 986 1145 1045 hospitio,
1169 984 1333 1044 frangit
1364 976 1520 1045 panem
1536 1020 1547 1040 ,
1578 984 1811 1030 benedicto

423 1067 466 1102 et
483 1058 621 1102 fracto
656 1073 765 1115 pane
794 1057 1082 1116 cognoscitur.
1107 1059 1206 1102 Non
1237 1071 1338 1114 ergo
1365 1057 1455 1116 jam
1490 1057 1717 1100 timeamus
1740 1056 1811 1100 di-

425 1142 547 1182 cere,
586 1127 712 1170 finxit
748 1141 971 1186 quaerere,
997 1126 1031 1170 si
1064 1127 1190 1170 finxit
1221 1141 1265 1171 se
1294 1126 1465 1185 longius
1501 1126 1577 1169 ire.
1611 1125 1696 1171 Sed
1727 1125 1811 1170 alia

425 1197 606 1258 quaestio
642 1196 854 1241 oboritur.
889 1199 1100 1241 Hesterna
1130 1197 1200 1240 die
1232 1196 1309 1241 diu
1345 1196 1743 1241 commendavimus
1764 1196 1811 1240 in

424 1267 642 1328 Apostolis
663 1268 911 1321 veritatem,
937 1266 1162 1327 quomodo
1178 1267 1425 1311 invenimus
1446 1267 1492 1310 in
1513 1267 1606 1326 ipso
1623 1266 1810 1312 Domino

424 1340 660 1383 fictionem.
682 1337 925 1382 Dicendum
944 1352 1046 1395 ergo
1060 1372 1071 1392 ,
1096 1336 1272 1392 fratres,
1294 1346 1336 1380 et
1356 1337 1668 1381 insinuandum
1687 1337 1810 1381 vobis

425 1424 504 1468 pro
521 1407 814 1451 mediocribus
832 1406 996 1450 viribus
1017 1407 1174 1450 nostris
1190 1440 1201 1460 ,
1227 1422 1334 1464 quas
1356 1407 1567 1450 Dominus
1587 1422 1666 1465 pro
1687 1407 1810 1451 vobis

425 1479 560 1522 donat
581 1478 705 1521 nobis
721 1511 732 1532 ,
753 1485 796 1520 et
818 1474 1216 1520 commendandum
1233 1485 1297 1520 est
1316 1476 1441 1519 vobis
1462 1475 1583 1535 quod
1599 1476 1644 1520 in
1665 1477 1809 1521 omni-

423 1550 505 1593 bus
527 1548 757 1607 Scripturis
775 1547 1028 1604 regulariter
1048 1547 1244 1590 teneatis.
1259 1548 1400 1590 Omne
1412 1548 1533 1606 quod
1546 1547 1704 1592 dicitur
1720 1549 1809 1594 sive

424 1621 474 1663 fit
489 1654 499 1673 ,
525 1628 599 1663 aut
621 1633 697 1677 per
717 1633 838 1661 suam
856 1617 1165 1676 proprietatem
1182 1618 1480 1675 cognoscitur,
1502 1627 1575 1662 aut
1596 1619 1810 1677 significat

426 1689 591 1748 aliquid
608 1689 817 1747 figurate3
837 1697 912 1732 aut
945 1697 1061 1732 certe
1081 1688 1215 1732 habet
1239 1697 1498 1748 utrumque,
1523 1697 1566 1732 et
1588 1690 1808 1750 propriam

426 1761 718 1818 cognitionem
743 1768 785 1802 et
801 1759 1033 1817 figuratam
1055 1759 1429 1817 significationem.
1459 1760 1555 1804 Tria
1577 1761 1808 1820 proposui,

426 1830 620 1890 exempla
636 1829 779 1874 danda
792 1839 909 1885 sunt,
925 1838 969 1874 et
982 1828 1098 1873 unde
1112 1830 1192 1872 nisi
1206 1830 1261 1872 de
1278 1831 1434 1873 sanetis
1453 1831 1809 1889 Scripturis‘?Dic-

424 1913 516 1948 tum
527 1901 646 1961 quod
656 1900 828 1959 proprie
840 1899 1114 1957 accipiamus,
1126 1899 1226 1957 quia
1239 1914 1385 1958 passus
1397 1908 1459 1943 est
1467 1901 1694 1956 Dominus,
1705 1903 1809 1961 quia

424 1971 671 2026 resurrexit,
689 1980 731 2015 et
754 1968 946 2014 ascendit
968 1969 1013 2012 in
1031 1969 1214 2024 coelum,
1231 1969 1331 2028 quia
1356 1971 1639 2015 resurrecturi
1659 1987 1808 2016 sumus

422 2046 468 2089 in
490 2044 576 2087 fine
601 2041 774 2096 saeculi,
810 2041 912 2101 quia
945 2055 1046 2084 cum
1077 2039 1152 2084 illo
1177 2041 1223 2083 in
1259 2049 1472 2084 aeternum
1489 2076 1500 2095 ‚
1525 2042 1560 2085 si
1582 2057 1682 2086 eum
1715 2058 1807 2088 non

424 2113 744 2160 contemnimus
758 2146 769 2167 ,
811 2111 1047 2169 regnaturi.
1095 2112 1188 2154 Hoc
1220 2110 1386 2155 dictum
1423 2112 1597 2170 proprie
1633 2113 1801 2172 accipe,

424 2185 514 2229 noli
529 2184 685 2241 figuras
698 2181 916 2241 inquirere
935 2199 943 2225 :
960 2180 1071 2224 sicut
1088 2189 1151 2224 est
1167 2180 1349 2236 dictum,
1365 2183 1423 2226 ita
1435 2191 1479 2226 et
1495 2191 1572 2226 est.
1593 2182 1662 2227 Sic
1674 2183 1810 2228 etiam.

423 2257 550 2299 facta.
584 2253 790 2298 Ascendit
810 2250 1043 2311 Apostolus
1070 2251 1385 2309 Jerosolymam
1421 2253 1566 2297 videre
1596 2248 1801 2312 Petrum,

423 2326 626 2376 fecithoc
643 2323 891 2383 Apostolus,
911 2322 1074 2366 factum
1093 2331 1176 2377 est,
1196 2322 1329 2381 ipsius
1346 2324 1570 2382 proprium
1591 2333 1668 2367 est.
1693 2326 1803 2370 Nar-

425 2405 490 2439 rat
512 2396 588 2439 tibi
609 2409 699 2438 rem
721 2402 882 2452 gestam
903 2411 912 2438 :
936 2401 1102 2451 gestum
1120 2394 1260 2452 ipsum
1292 2393 1532 2437 secundum
1560 2395 1803 2454 proprieta÷

424 2476 526 2509 tem.
554 2469 634 2508 Per
648 2465 831 2523 figuram
846 2463 1010 2508 dictum
1031 2482 1039 2507 z
1055 2482 1075 2505 «
1091 2462 1299 2522 Lapidem
1315 2479 1446 2523 quem
1459 2464 1801 2524 reprobaverunt

474 2556 485 2571 1
503 2550 572 2579 lsai.
588 2560 643 2586 vn,
662 2560 695 2589 ς).
719 2564 759 2570 -
776 2554 789 2569 ²
804 2549 880 2579 Luc.
899 2558 987 2587 xxiv,
1006 2546 1058 2578 28.
