1898 3178
359 238 498 267 3ΕῆΜο
531 240 713 278 LXXXVI,
748 242 802 267 DE
835 243 979 271 vannis
1007 242 1171 271 MATTH.
1207 243 1274 270 xx.
1413 233 1497 273 425

177 307 280 349 XII.
309 308 529 351 Postremo
541 306 632 365 jam
654 306 765 349 dete
787 307 918 362 nihil,
939 307 994 352 de
1012 308 1101 353 filio
1118 318 1194 353 tuo
1215 308 1386 369 loquor.
1410 313 1500 355 Du-

117 378 227 422 bitas
251 378 353 421 dare
373 386 497 420 tuum
514 411 525 432 ,
551 375 724 420 dubitas
747 386 789 421 et
812 377 993 423 reddere
1015 379 1202 424 alienum
1227 398 1236 424 :
1258 389 1374 424 certe
1394 396 1500 425 con-

117 447 299 492 vinceris
316 481 327 501 ,
352 447 453 507 quia
474 461 564 491 non
585 445 684 490 filiis
706 447 790 491 tuis
812 449 1025 494 servabas.
1062 453 1176 495 Ecce
1196 465 1286 495 non
1307 449 1382 496 das
1403 450 1501 496 filiis

118 518 223 573 tuis,
237 518 339 577 quia
359 517 481 561 tolles
494 516 592 561 filiis
606 517 706 561 tuis.
725 518 837 562 Huic
852 529 967 564 certe
979 519 1119 565 tolles.
1141 523 1285 574 Quare
1299 520 1502 580 indignus

118 597 181 633 est
203 588 419 648 accipere,
448 588 550 648 quia
572 603 671 632 cum
700 588 895 648 digniore
916 591 1048 634 vivit?
1068 591 1224 636 Merito
1251 591 1284 635 si
1304 591 1378 636 ille
1401 608 1500 637 cum

117 675 206 720 quo
227 659 334 705 vivit
355 659 494 705 nollet
511 660 726 719 accipere,
747 660 837 719 jam
860 659 1011 705 domui
1033 670 1121 706 tuae
1137 696 1148 717 ,
1168 661 1244 706 sed
1267 662 1417 707 domui
1435 662 1502 706 di-

116 731 230 776 vinae
247 731 380 776 dives.
406 731 531 776 Absit
548 747 650 790 ergo
667 741 717 777 ut
734 731 813 776 tibi
835 731 977 777 dicam
999 748 1008 774 :
1029 736 1091 777 Da
1109 733 1227 793 quod
1250 735 1408 792 11111163,
1428 733 1501 778 36(1

118 803 216 848 dico
248 802 327 847 tibi
353 822 361 847 z
387 802 539 847 Redde
571 803 691 863 quod
710 803 856 848 debes.
885 804 969 848 Sed
990 805 1219 849 habebunt
1239 804 1379 860 illud,
1414 806 1470 849 ais
1488 840 1498 860 ‚

116 872 269 917 fratres
292 872 422 918 illius.
458 874 495 917 Ο
527 873 641 918 mala
671 873 895 930 doctrina,
930 875 1092 919 docens
1123 874 1235 920 filios
1263 884 1360 919 tuos
1383 890 1498 919 mor-

117 952 206 987 tem
228 952 378 1002 optare
401 943 609 988 fratribus
632 945 732 989 suis.
767 944 811 989 Si
836 944 891 988 de
913 960 958 989 re
982 945 1125 989 fratris
1148 946 1214 988 sui
1240 946 1401 990 mortui
1434 945 1502 988 di-

116 1014 244 1058 tiores
266 1023 416 1068 erunt,
443 1013 541 1058 vide
563 1014 935 1074 quemadmodum
967 1031 1011 1060 se
1043 1015 1272 1060 attendant
1305 1016 1348 1059 in
1373 1015 1503 1059 domo

116 1093 206 1130 tua.
231 1085 343 1138 Quid
365 1100 468 1144 ergo
491 1083 646 1130 facies?
666 1086 981 1131 Patrimonium
1005 1086 1184 1142 dividis,
1210 1096 1253 1131 et
1274 1086 1502 1146 parricidia

115 1154 244 1199 doces
257 1156 275 1200 Ρ

172 1227 300 1269 XIII.
330 1225 413 1270 Sed
436 1225 538 1271 nolo
555 1226 698 1270 dicere
716 1227 770 1270 de
786 1242 876 1271 uno
891 1227 1060 1282 amisso,
1077 1241 1131 1271 ne
1148 1241 1270 1271 casus
1288 1228 1502 1272 humanos

114 1294 262 1340 videar
283 1295 452 1338 minari.
471 1295 627 1339 Melius
641 1295 832 1356 quodam
847 1296 979 1341 modo
991 1297 1325 1358 prosperiusque
1346 1297 1502 1358 loqua-

114 1381 227 1410 mur,
244 1368 342 1411 Non
357 1366 471 1421 dico,
492 1382 631 1410 unum
650 1368 793 1410 minus
808 1367 1005 1422 habebis,
1024 1377 1227 1428 computa
1247 1369 1349 1429 quia
1365 1385 1501 1413 unum

114 1436 212 1496 plus
229 1436 378 1480 habes.
405 1439 492 1480 Fac
509 1436 656 1481 locum
676 1438 848 1482 Christo
866 1453 968 1482 cum
985 1438 1081 1483 filiis
1104 1439 1188 1483 tuis
1204 1475 1215 1494 ,
1242 1440 1418 1484 accedat
1444 1439 1502 1484 fa-

107 1508 244 1552 miliae
262 1517 349 1553 tuae
366 1508 576 1552 Dominus
593 1517 709 1563 tuus,
730 1508 908 1553 accedat
926 1509 979 1554 ad
999 1509 1167 1569 prolem
1184 1511 1363 1555 Creator
1382 1520 1497 1565 111113,

113 1577 290 1623 accedat
312 1578 367 1623 ad
388 1593 620 1622 numerum
654 1577 845 1624 filiorum
872 1588 1050 1624 tuorum
1083 1580 1214 1624 frater
1246 1593 1362 1624 tuus.
1389 1583 1499 1626 Cum

114 1649 229 1693 enim
251 1657 420 1693 tantum
441 1648 635 1702 intersit,
657 1656 700 1691 et
720 1647 855 1692 frater
876 1663 965 1692 esse
983 1648 1184 1706 dignatus
1207 1659 1284 1694 est.
1312 1653 1368 1694 Et
1398 1666 1498 1694 cum

115 1720 170 1765 sit
189 1720 301 1779 patri
324 1719 477 1763 unicus
494 1754 505 1774 ‚
530 1718 670 1763 voluit
686 1719 845 1763 habere
864 1718 1125 1764 cohaeredes.
1148 1722 1261 1764 Ecce
1274 1719 1347 1764 ille
1369 1737 1499 1780 quam

116 1790 315 1848 largiter!
350 1799 399 1833 tu
421 1805 555 1849 quare
578 1799 667 1833 tam
689 1789 915 1833 steriliter?
944 1792 1060 1834 Duos
1082 1789 1192 1834 filios
1222 1791 1356 1835 habes
1373 1826 1383 1846 ‚
1411 1800 1500 1835 ter*

117 1861 227 1906 tium
258 1859 382 1904 illum
415 1868 620 1920 computa
646 1875 654 1901 :
686 1868 772 1904 tres
802 1860 965 1915 habes,
1000 1870 1180 1920 quartus
1212 1871 1496 1907 numeretur:

117 1931 320 1992 quintum
342 1930 498 1985 habes,
520 1940 664 1975 sextus
688 1930 858 1975 dicatur
878 1946 886 1972 ε
908 1930 1057 1974 decem
1075 1930 1224 1986 habes,
1245 1932 1501 1976 undecimus

117 2003 184 2046 sit.
209 2002 320 2047 Nolo
341 2001 524 2061 amplius
554 2001 697 2046 dicere
725 2021 733 2046 :
758 2002 887 2045 unius
915 2000 990 2044 filii
1013 2001 1076 2046 tui
1097 2017 1218 2046 serva
1239 2001 1385 2046 locum
1410 2006 1500 2048 Do-

118 2073 236 2117 mino
258 2081 351 2117 tuo.
381 2071 510 2125 Quod
532 2072 648 2116 enim
671 2072 794 2116 dabis
816 2072 1002 2116 Domino
1019 2082 1096 2117 tuo
1112 2108 1122 2127 ,
1148 2082 1191 2117 et
1211 2073 1290 2117 tibi
1309 2073 1501 2132 proderit

118 2153 162 2188 et
188 2143 287 2188 filiis
314 2143 400 2188 tuis
428 2163 436 2188 ε
465 2143 585 2203 quod
619 2153 764 2188 autem
788 2143 901 2188 male
929 2158 1069 2188 servas
1097 2143 1194 2188 filiis
1217 2145 1325 2200 tuiS‚
1357 2153 1399 2188 et
1421 2145 1500 2188 tibi

119 2214 260 2259 oberit
281 2223 324 2258 et
341 2213 453 2258 filiis.
475 2214 604 2258 Dabis
623 2224 768 2259 autem
785 2215 1030 2274 portionem
1050 2229 1201 2270 unam,
1222 2230 1353 2275 quam
1372 2216 1500 2260 unius

119 2284 195 2329 filii
217 2284 448 2345 deputasti.
475 2287 645 2344 Deputa
667 2295 709 2330 te
731 2300 866 2330 unum
892 2301 956 2330 am
964 2285 1076 2345 plius
1099 2286 1310 2344 genuisse.

176 2357 296 2399 XIV.
318 2355 431 2408 Quid
453 2369 679 2413 magnum,
705 2356 857 2400 fratres
875 2356 957 2399 mei
972 2357 989 2399 P
1003 2356 1242 2401 Consilium
1268 2355 1346 2409 do,
1368 2370 1499 2399 num—

119 2426 225 2485 quid
241 2435 392 2485 guttur
409 2426 522 2485 ligo?
542 2426 660 2472 Sicut
682 2428 740 2472 ait
754 2427 986 2487 Apostolus
1003 2447 1010 2472 :
1037 2446 1056 2468 «
1074 2429 1177 2471 Haec
1196 2427 1250 2471 ad
1265 2426 1498 2471 utilitatem

122 2512 144 2536 1)
167 2504 352 2540 vestram
377 2496 497 2550 dico,
523 2512 612 2541 non
630 2506 680 2541 ut
701 2496 906 2557 laqueum
924 2497 1046 2541 vobis
1069 2497 1297 2556 injiciam¹.
1325 2515 1344 2538 »
1370 2500 1493 2545 Puto,

164 2581 176 2601 ¹
198 2591 210 2611 1
232 2582 303 2613 Cor.
347 2591 381 2622 11,
404 2581 457 2614 35.
