1898 3178
319 281 456 310 sEnMO
488 278 591 316 va,
626 279 680 305 DE
713 279 859 307 anms
889 278 1055 308 MATTH.
1091 282 1134 307 x.
1337 273 1420 311 259

46 354 156 401 test,
191 344 273 389 nisi
294 344 349 389 ab
373 344 513 388 anima
546 343 694 401 impia.
722 346 834 387 Ecce
855 344 962 388 mihi
989 345 1176 389 occurrit
1197 354 1240 390 et
1261 347 1331 391 hic
1346 384 1356 402 ,
1383 359 1426 394 et

47 417 166 461 venit
187 416 232 460 in
247 423 437 459 mentem
455 412 575 472 quod
592 412 748 456 dicam.
762 413 1011 458 Contradici
1032 430 1121 459 non
1143 424 1286 475 potest
1306 418 1421 474 vitae,

0 471 1 475 Ἰ
47 486 128 531 nisi
150 487 205 529 ab
232 485 374 529 anima
393 492 581 528 mortua.
605 482 891 540 Evangelium
920 485 1009 528 vita
1043 494 1136 540 est,
1161 486 1357 546 impietas
1383 499 1427 534 et

0 554 5 566 '
46 555 276 601 infidelitas
292 569 408 598 mors
429 554 586 597 animae
607 561 685 596 est.
718 555 830 597 Ecce
852 563 994 613 potest
1015 556 1126 599 mori
1145 591 1155 611 ,
1182 566 1225 601 et
1246 559 1426 604 immor-

47 625 143 671 talis
164 633 242 669 est.
268 624 499 677 Quomodo
521 637 622 680 ergo
641 622 896 666 immortalis
917 626 1011 668 est?
1031 625 1141 678 Quia
1164 642 1332 687 semper
1354 629 1429 674 ali-

4 701 5 705 ’
49 711 135 757 qua
157 695 243 739 vita
262 703 347 749 est,
363 709 462 754 quae
482 693 528 736 in
549 692 621 736 illa
644 707 871 752 nunquam
889 694 1169 753 extinguitur.
1196 700 1428 751 Quomodo

7 803 12 815 .
49 767 264 811 moritur?
289 767 387 810 Non
403 773 454 808 ut
474 779 564 808 non
590 763 646 807 sit
666 764 776 818 vita,
802 763 877 808 sed
895 765 1134 811 amittendo
1155 768 1303 814 vitam.
1323 773 1428 816 Ete-

9 875 14 884 ,
50 837 142 882 nim
161 836 301 880 anima
324 843 368 878 et
382 834 471 878 vita
488 842 552 878 est
573 832 701 877 alicui
721 834 804 888 rei,
825 843 869 878 et
886 834 1019 879 habet
1039 837 1166 880 etiam
1185 837 1276 897 ipsa
1296 841 1429 886 vitam

51 923 186 954 suam.
207 905 417 951 Ordinem
435 904 610 949 attende
631 914 943 949 creaturarum.
969 908 1066 951 Vita
1083 910 1273 968 corporis
1290 914 1433 958 anima

10 996 18 1019 ἰ
52 988 142 1023 est:
166 977 253 1023 vita
275 977 430 1021 animae
453 978 567 1019 Deus
588 984 665 1019 est.
681 975 800 1020 Sicut
821 975 941 1020 adest
961 977 1049 1021 vita
1072 981 1258 1038 corpori,
1282 982 1328 1025 id
1350 992 1428 1036 est,
1448 1014 1450 1018 -

53 1049 195 1094 anima
211 1083 222 1102 ,
248 1063 303 1091 ne
320 1046 531 1091 moriatur
552 1061 734 1104 corpus:
755 1046 814 1090 sic
831 1045 964 1091 debet
984 1047 1128 1092 adesse
1149 1050 1235 1094 vita
1259 1054 1430 1107 animae,

14 1111 16 1119 ¹
53 1120 137 1165 hoc
157 1128 241 1173 est,
261 1121 376 1162 Deus
391 1153 402 1171 ‚
425 1132 480 1160 ne
497 1117 706 1161 moriatur
727 1116 882 1160 anima.
904 1118 1071 1177 Corpus
1092 1121 1314 1178 quomodo
1338 1139 1435 1170 mo-

0 1201 25 1234 ir.
53 1190 193 1235 ritur‘?
215 1189 370 1233 Anima
393 1188 632 1231 deserente.
659 1187 835 1242 Anima,
860 1187 1038 1248 inquam
1059 1224 1070 1244 ,
1096 1190 1321 1238 deserente
1340 1210 1436 1241 mo-

0 1281 26 1290 ··
56 1262 164 1306 ritur
184 1275 341 1319 corpus
363 1278 370 1304 :
388 1268 428 1302 et
441 1260 556 1319 jacet
578 1257 761 1302 cadaver
778 1257 909 1317 paulo
926 1268 1025 1303 ante
1041 1263 1290 1320 appetibile,
1306 1267 1439 1312 modo

0 1342 26 1395 ὁὶ
58 1330 345 1391 aspernabile.
373 1332 528 1373 Insunt
559 1327 754 1371 membra
774 1363 784 1382 ,
823 1328 960 1383 oculi,
992 1345 1114 1375 aures
1143 1351 1151 1376 ;
1188 1334 1263 1377 sed
1284 1335 1352 1379 hae
1375 1336 1440 1381 fe-

0 1416 29 1449 ι--,
56 1410 212 1447 nestrae
229 1409 332 1444 sunt
352 1399 524 1453 domus,
549 1397 768 1441 habitator
790 1398 1007 1443 abscessit.
1034 1403 1118 1453 Qui
1140 1401 1308 1463 plangit
1330 1422 1442 1452 mor·

0 1468 28 1520 dt
57 1482 215 1527 tuum,
250 1471 305 1515 ad
339 1471 548 1514 fenestras
581 1468 820 1513 habitaculi
848 1468 1009 1515 flustra
1045 1472 1231 1519 clamat:
1255 1492 1344 1521 non
1377 1489 1441 1524 est

0 1539 25 1583 la
58 1543 174 1588 intus
194 1541 270 1602 qui
293 1540 455 1586 audiat.
478 1543 651 1594 Quanta
670 1539 776 1584 dicit
794 1540 1036 1599 plangentis
1059 1544 1256 1601 affectus,
1277 1559 1441 1607 quanta

0 1584 32 1661 ri
59 1621 284 1658 enumerat
298 1646 308 1666 ,
333 1620 497 1671 quanta
519 1619 830 1654 commemorat
849 1631 859 1667 3
884 1620 926 1656 et
948 1627 1025 1671 per
1047 1625 1255 1673 quantam
1276 1653 1286 1672 ,
1313 1629 1360 1663 ut
1382 1620 1442 1665 ita

0 1697 42 1746 ¹¹²³.
60 1684 261 1738 dixerim,
294 1681 455 1727 doloris
476 1681 688 1728 insaniam
710 1682 832 1741 quasi
854 1697 954 1726 cum
978 1685 1191 1730 sentiente
1217 1687 1413 1749 loquitur
1428 1727 1439 1746 ‚

0 1767 35 1797 zm·
60 1769 158 1801 eum
184 1755 389 1814 loquatur
411 1768 510 1797 cum
533 1752 743 1796 absente?
766 1756 1005 1799 Enumerat
1026 1771 1166 1802 mores
1183 1793 1193 1813 ,
1218 1772 1445 1807 enumerat

0 1829 39 1870 esd
60 1825 218 1870 indicia
240 1823 554 1868 benevolentiae
569 1823 683 1867 circa
700 1838 759 1867 se.
774 1827 839 1867 Tu
853 1839 896 1869 es
914 1826 990 1884 qui
1007 1827 1114 1871 mihi
1136 1827 1247 1873 illud
1265 1831 1442 1890 dedisti3

0 1904 39 1941 [eslf
61 1894 170 1940 illud
192 1904 235 1939 et
257 1893 370 1937 illud
391 1893 658 1952 praestitisti:
684 1902 732 1935 tu
755 1909 798 1935 es
817 1896 893 1951 qui
915 1896 974 1937 sic
997 1903 1040 1938 et
1067 1897 1125 1939 sic
1147 1912 1217 1940 me
1239 1898 1441 1946 dilexisti.

0 1970 38 2012 im·.
65 1965 108 2012 Si
124 1964 346 2018 attendas,
367 1962 401 2006 si
421 1961 662 2019 intelligas,
686 1961 718 2005 si
741 1961 952 2006 insaniam
971 1963 1131 2009 doloris
1148 1981 1345 2026 premas,
1370 1974 1447 2032 qui

0 2044 42 2084 iet
63 2045 106 2081 te
120 2035 269 2080 dilexit
284 2032 521 2079 abscessit:
544 2031 701 2076 frustra
720 2041 762 2075 te
783 2032 938 2077 domus
960 2035 1125 2093 patitur
1147 2037 1440 2099 pulsatorem,

0 2108 36 2154 bil·
66 2107 109 2151 in
125 2121 211 2166 qua
230 2120 319 2149 non
341 2112 463 2163 potes
484 2103 680 2147 invenire
697 2117 958 2148 mansorem.

9 2177 38 2232 Qu·
89 2194 94 2213 ε
121 2178 198 2221 VI.
223 2177 470 2220 Redeamus
490 2173 546 2218 ad.
569 2188 764 2229 causam,
794 2189 927 2234 quam
950 2175 1082 2234 paulo
1104 2186 1204 2222 ante
1226 2180 1441 2229 dicebam.

115 2262 117 2264 ·
141 2255 288 2291 rtuum
310 2256 372 2290 est
393 2260 565 2304 corpus.
587 2247 761 2298 Quare?
782 2245 890 2298 Quia
913 2245 1104 2291 discessit
1127 2249 1212 2293 vita
1230 2252 1344 2311 ejus,
1365 2255 1449 2300 hoc

114 2326 158 2373 t,
183 2318 341 2362 anima.
368 2316 487 2360 Vivit
508 2330 691 2374 corpus,
717 2324 760 2359 et
781 2315 939 2375 impius
968 2326 1030 2361 est
1049 2319 1262 2372 ,infidelis
1279 2333 1367 2379 est,
1394 2326 1449 2371 ad

95 2387 99 2390 ’
141 2352 334 2433 dendum
355 2387 505 2441 durus,
526 2385 581 2430 ad
599 2385 877 2445 corrigendos
894 2403 1035 2432 mores
1057 2389 1220 2435 ferreus
1247 2411 1256 2437 ε
1279 2394 1450 2442 vivente

146 2474 250 2519 pore
272 2467 444 2503 mortua
464 2465 527 2501 est
547 2456 688 2500 anima
702 2491 712 2511 ,
738 2472 815 2515 pcr
834 2473 965 2516 quam
989 2473 1146 2517 corpus
1167 2461 1286 2506 vivit.
1315 2468 1451 2512 Tanta

129 2530 187 2574 im
206 2545 272 2574 res
294 2538 358 2573 est
383 2529 523 2572 anima
542 2562 552 2582 ,
578 2536 627 2571 ut
655 2526 811 2571 idonea
833 2529 886 2571 sit
909 2529 1037 2572 vitam
1063 2540 1264 2588 praestare
1281 2542 1447 2597 corpori

0 2616 46 2664 ‚up
103 2598 200 2644 tiam
222 2609 407 2645 mortua.
435 2601 592 2653 Tanta,
619 2598 796 2657 inquam
815 2632 824 2652 ,
852 2613 915 2642 rcs
934 2607 995 2643 cst
1017 2599 1156 2644 anima
1174 2636 1185 2657 ,
1210 2611 1295 2649 tam
1317 2611 1452 2654 excel.

1220 2677 1282 2716 17.
