1898 3178
2 271 14 858 ‹——-‚—-‚—-—?--—-

0 1763 8 1793 *¹⁵
0 1682 10 1716 b-
0 1592 11 1658 ἀι
0 1166 12 1586 ψιᾼΑ-ωυιωὴε-«τ--έ-ι-ν-
0 1127 2 1132 -
0 1067 2 1074 ⁷
3 999 10 1014 ἢ

342 193 481 222 sermo
512 192 634 231 Lxm,
668 193 723 220 DE
754 190 900 221 vnaius
931 190 1097 220 ΜΑΤΤΗ.
1132 192 1207 220 xu.
1385 181 1463 219 311

96 267 160 301 ter
190 255 349 301 dicitur
372 260 540 301 Patrem
562 256 740 312 dixisse,
767 272 857 301 non
879 257 1040 302 Filium
1056 266 1099 301 et
1118 256 1326 316 Spiritum
1347 271 1472 300 sanc-

98 330 213 372 tum¹
239 348 246 372 :
277 347 296 369 «
316 331 379 371 Tu
402 343 445 371 es
466 327 600 371 Filius
619 343 737 371 meus
754 327 958 383 dilectus,
983 329 1027 371 in
1039 343 1128 388 quo
1149 327 1391 386 complacui
1406 332 1468 370 ².»

97 398 181 442 Sed
204 399 285 442 hoc
307 398 567 442 miraculum
590 397 644 441 de
664 397 776 442 coelo
797 398 999 443 sonabilis
1021 399 1166 454 verbi,
1192 398 1389 459 quamvis
1418 397 1472 442 ad

94 484 321 529 personam
355 469 492 513 Patris
522 468 826 513 tantummodo
847 484 1074 514 noscamus
1102 469 1317 529 pertinere
1333 504 1344 524 ,
1369 485 1473 514 coo-

93 548 262 599 peratos
284 555 373 583 esse
394 548 540 583 tamen
563 539 722 583 Filium
738 548 780 583 et
796 540 1003 599 Spiritum
1025 549 1221 584 sanctum
1235 555 1325 584 non
1340 554 1476 599 nega-

92 625 204 654 mus.
235 613 386 669 Neque
411 610 526 654 enim
547 610 648 670 quia
671 619 777 654 tunc
808 609 943 654 Filius
964 625 1138 654 carnem
1161 618 1336 670 portans
1373 626 1474 655 cum

92 679 341 725 hominibus
358 681 695 725 conversabatur
716 681 762 724 in
783 688 918 735 terra,
943 680 1042 724 ideo
1058 696 1149 725 non
1170 690 1262 725 erat·
1286 682 1415 726 etiam
1429 684 1476 726 in

91 752 188 795 sinu
210 751 346 795 Patris
368 760 578 811 tanquam
597 751 873 810 unigenitum
898 751 1090 795 Verbum
1104 785 1116 806 ‚
1137 751 1313 811 quando
1330 751 1403 796 illa
1419 751 1475 796 de

92 822 211 866 nube
228 837 310 866 vox
331 821 444 866 facta
467 831 556 880 est3
581 831 657 866 aut
673 823 890 881 sapienter
911 831 956 866 et
978 821 1225 881 spiritaliter
1252 822 1370 867 credi
1391 838 1475 882 po-

91 901 195 948 test,
221 896 355 936 Deum
372 896 540 936 Patrem
565 893 861 952 operationem
873 893 1108 937 verborum
1129 908 1307 937 suorum
1322 909 1475 938 sonan-

93 963 201 1007 tium
223 973 354 1022 atque
371 964 691 1007 transeuntium
714 980 738 1007 a
758 979 846 1008 suae
867 963 1099 1023 Sapientiae
1121 964 1275 1024 suique
1293 964 1475 1024 Spiritus

90 1035 395 1092 cooperatione
416 1049 644 1093 separasse.
662 1034 828 1079 Eodem
846 1033 977 1078 modo
993 1049 1093 1078 cum
1107 1035 1339 1079 rectissime
1358 1034 1478 1079 dica-

89 1120 209 1160 mus,
237 1119 326 1149 non
352 1108 539 1159 Patrem,
564 1120 644 1149 nec
669 1105 876 1163 Spiritum
899 1114 1113 1159 sanctum,
1137 1104 1213 1148 sed
1231 1104 1392 1149 Filium
1409 1120 1475 1150 su-

88 1190 166 1233 per
187 1190 305 1219 mare
327 1175 570 1219 ambulasse
589 1210 599 1229 ‚
625 1176 749 1234 cujus
771 1175 900 1218 unius
918 1190 1017 1219 caro
1039 1183 1130 1219 erat
1151 1174 1224 1219 illa
1247 1184 1290 1219 et
1312 1175 1475 1235 plantae

89 1245 296 1289 fluctibus
317 1245 602 1301 innitentes23
627 1244 738 1288 illud
757 1254 903 1289 tamen
920 1260 1030 1304 opus
1047 1245 1156 1289 tanti
1180 1245 1378 1290 miraculi
1397 1250 1473 1291 Pa-

89 1324 198 1358 trem
226 1324 270 1358 et
303 1314 513 1374 Spiritum
540 1323 738 1358 sanctum
766 1324 1019 1374 cooperatos
1043 1330 1133 1359 esse
1155 1316 1252 1376 quis
1274 1317 1472 1362 abnuat?

91 1385 159 1430 Sic
181 1385 296 1428 enim
318 1393 361 1428 et
381 1384 521 1429 solum
540 1384 699 1428 Filium
721 1385 940 1429 verissime
961 1384 1145 1430 dicimus
1166 1386 1304 1445 ipsam
1325 1403 1472 1432 susce-

87 1457 196 1516 pisse
213 1471 402 1511 carnem,
419 1472 509 1500 non
527 1459 697 1500 Patrem
714 1465 789 1500 aut
804 1456 1012 1515 Spiritum
1026 1466 1224 1502 sanctum
1242 1479 1252 1515 3
1272 1467 1316 1503 et
1326 1467 1472 1503 tamen

87 1527 200 1570 hanc
224 1526 567 1571 incarnationem
589 1525 645 1570 ad
665 1525 806 1570 solum
830 1527 991 1570 Filium
1012 1527 1302 1586 pertinentem
1317 1563 1328 1583 ‚
1351 1530 1471 1590 quis-

87 1597 184 1656 quis
204 1606 334 1656 negat
369 1605 651 1655 cooperatum
685 1600 856 1640 Patrem
889 1606 965 1641 aut
1003 1598 1211 1656 Spiritum
1243 1608 1440 1644 sanctum
1453 1636 1465 1657 ,

87 1681 177 1712 non
199 1676 315 1711 recte
337 1666 458 1711 dicit.
481 1670 591 1710 Item
614 1665 795 1710 dicimus
812 1701 824 1721 ,
849 1682 930 1711 nec
951 1670 1144 1723 Patrem,
1168 1683 1249 1713 nec
1278 1669 1438 1714 Filium
1455 1707 1466 1727 ,

86 1737 162 1783 sed
183 1737 323 1782 solum
348 1738 555 1797 Spiritum
575 1746 772 1781 sanctum
786 1772 797 1792 ‚
825 1746 868 1781 et
887 1737 932 1781 in
954 1737 1172 1782 columbae
1189 1740 1346 1798 specie,
1368 1743 1469 1787 etin

86 1808 246 1867 linguis
266 1808 387 1853 velut
403 1808 537 1866 igneis
551 1807 818 1866 apparuisse,
839 1816 882 1851 et
899 1807 1066 1852 dedisse
1085 1811 1366 1867 pronuntiare
1386 1811 1470 1856 illis

86 1880 130 1924 in
147 1895 256 1940 quos
277 1875 477 1935 venerat,
501 1877 649 1923 multis
671 1887 714 1922 et
735 1878 858 1922 variis
874 1877 1032 1937 linguis
1053 1879 1268 1938 magnalia
1284 1882 1362 1925 Dei
1376 1883 1391 1908 ⁴
1413 1899 1423 1925 z
1445 1902 1465 1925 »

86 1967 174 2011 quo
186 1959 332 1995 tamen
342 1950 552 1995 miraculo
564 1949 618 1994 ad
627 1949 766 1994 solum
781 1949 988 2008 Spiritum
997 1959 1196 1994 sanctum
1204 1952 1466 2011 pertinente,

86 2021 436 2080 cooperationem
455 2020 590 2064 Patris
607 2030 650 2064 et
670 2019 803 2063 Verbi
816 2019 1026 2077 unigeniti
1046 2035 1242 2079 separare
1259 2038 1349 2067 non
1366 2039 1468 2083 pos-

87 2106 247 2135 sumus.
270 2093 335 2135 Ita
353 2089 622 2148 singulorum
645 2105 822 2149 quoque
844 2090 890 2133 in
908 2090 1114 2134 Trinitate
1135 2107 1266 2151 opera
1284 2094 1465 2140 Trinitas

88 2170 312 2221 operatur,
334 2161 571 2220 unicuique
587 2160 783 2220 operanti
802 2162 1138 2220 cooperantibus
1154 2162 1343 2220 duobus,
1364 2181 1466 2210 con-

87 2232 288 2276 veniente
310 2232 356 2276 in
377 2231 512 2274 tribus
527 2229 682 2290 agendi
704 2231 951 2286 eoncordia,
969 2247 1058 2276 non
1075 2233 1120 2276 in
1136 2248 1224 2278 uno
1237 2234 1466 2282 deficiente

87 2302 278 2347 efficacia
300 2301 549 2361 peragendi.
571 2304 679 2354 Quae
703 2316 802 2346 cum
825 2302 885 2346 ita
900 2302 986 2346 sint
1000 2337 1011 2357 ‚
1035 2303 1137 2348 hinc
1159 2314 1223 2348 est
1242 2305 1363 2365 quod
1383 2308 1466 2353 Do-

87 2374 231 2418 minus
249 2376 372 2418 Jesus
387 2374 432 2417 in
449 2373 612 2432 Spiritu
626 2382 775 2418 sancto
796 2372 1014 2419 daemones
1035 2375 1163 2435 ejicit.
1183 2378 1335 2438 Neque
1347 2379 1464 2424 enim

136 2475 145 2491 ¹
165 2469 245 2501 Vide
265 2478 360 2511 supra
379 2470 480 2501 Sei-m.
507 2479 563 2501 ιιι.
579 2485 620 2491 -
641 2475 654 2490 ²
671 2468 793 2501 Matth.
811 2480 889 2508 xvu,
910 2469 942 2511 5,
963 2474 997 2503 et
1012 2471 1089 2503 Luc.
1109 2481 1158 2513 nl,
1176 2480 1230 2505 22.
1258 2488 1301 2496 -
1319 2471 1333 2498 3
1349 2474 1461 2508 Matth.

87 2535 154 2566 xiv,
173 2524 228 2558 25.
250 2541 291 2549 -
309 2523 325 2550 4
342 2524 462 2558 Matth.
480 2535 529 2567 ιιι,
551 2524 603 2567 16,
619 2528 651 2557 et
664 2526 735 2558 Act.
750 2536 785 2567 u,
806 2525 835 2558 3.
