1898 3178
355 246 436 285 618
795 256 827 285 s.
865 256 1094 286 Aucus‘nm
1128 259 1307 286 13121500121

354 339 376 363 »
411 321 521 381 gitos
537 336 655 366 meos
668 323 711 365 in
725 321 947 366 clavorum
964 331 1007 366 et
1023 322 1253 367 vulnerum
1265 322 1376 377 loca,
1396 331 1438 366 et
1456 322 1537 366 nisi
1552 337 1730 366 manum

354 409 375 433 »
410 407 550 436 meam
572 393 617 435 in
639 391 751 436 latus
780 393 872 452 ejus
890 393 1046 437 misero
1062 428 1073 448 ,
1098 408 1188 437 non
1205 395 1379 438 credam
1401 396 1430 435 ¹.
1458 411 1478 434 »
1500 395 1558 437 Et
1580 393 1729 437 Domi-

352 478 433 506 nus
453 463 529 523 qui
545 471 688 522 posset
708 462 799 507 sine
820 462 911 508 ullo
933 463 1114 523 vestigio
1131 463 1319 508 vulneris
1335 478 1574 523 resurgere,
1594 478 1729 507 serva-

349 533 412 577 vit
444 532 687 588 cicatrices,
727 548 826 593 quae
855 549 879 577 a
903 533 1133 578 dubitante
1169 543 1477 593 tangerentur,
1512 543 1555 578 et
1588 533 1731 578 cordis

351 603 531 649 vulnera
551 613 819 648 sanarentur.
838 607 895 648 Et
911 614 1058 649 tamen
1073 615 1304 650 vocaturus
1322 605 1375 649 ad
1391 620 1564 650 coenam
1581 613 1733 650 contra

351 676 669 720 excusationem
701 676 897 736 quinque
928 678 1131 736 jugorum
1155 677 1290 720 boum
1320 695 1329 721 2
1357 676 1545 731 «Beati,
1569 676 1729 736 inquit,

355 764 376 787 »
410 747 486 806 qui
507 761 595 790 non
607 746 773 801 vident,
792 756 834 791 et
856 748 1039 791 credunt
1056 751 1086 790 ².
1105 766 1125 787 »
1141 750 1248 802 Nos,
1276 745 1427 791 fratres
1448 747 1549 801 mei,
1567 747 1622 790 ad
1643 762 1733 791 coe-

352 831 452 860 nam
478 817 641 871 vocati,
663 817 720 860 ab
741 817 829 860 istis
849 817 1047 878 quinque
1071 817 1187 876 jugis
1221 832 1310 861 non
1337 832 1484 861 sumus
1516 815 1728 876 impediti.

352 889 448 933 Non
471 888 586 931 enim
623 886 779 932 faciem
809 889 949 932 carnis
982 888 1154 933 Domini
1175 888 1320 932 videre
1342 889 1388 931 in
1419 889 1503 932 hoc
1539 897 1735 946 tempore

352 958 681 1017 concupivimus
702 993 712 1013 ,
753 968 829 1003 aut
849 974 1001 1003 vocem
1024 975 1073 1002 ex
1097 974 1170 1003 ore
1192 959 1331 1003 carnis
1347 957 1461 1002 illius
1489 957 1732 1018 proceden-

352 1038 439 1074 tem
456 1029 631 1073 auribus
645 1029 873 1074 admittere
892 1029 1225 1074 desideravimus
1247 1049 1255 1075 z
1277 1029 1448 1074 nullum
1467 1030 1510 1073 in
1526 1029 1601 1073 illo
1622 1038 1735 1073 tem-

352 1099 542 1160 poralem
581 1100 758 1144 odorem
791 1101 1083 1161 quaesivimus.
1116 1121 1134 1142 «
1167 1100 1366 1145 Perfudit
1401 1116 1502 1144 eum
1534 1099 1735 1160 quaedam

355 1189 375 1211 n
412 1169 567 1213 mulier
583 1171 891 1229 pretiosissimo
902 1180 1142 1228 unguento,
1157 1170 1395 1214 domusilla
1411 1170 1543 1214 odore
1556 1170 1733 1229 impleta

355 1258 375 1282 »
411 1243 503 1284 est3
530 1260 539 1285 :
564 1259 583 1281 »
609 1241 684 1284 sed
718 1256 795 1285 nos
817 1241 878 1284 ibi
897 1256 985 1285 non
1007 1239 1168 1285 fuimus
1190 1261 1200 1297 3
1233 1256 1335 1285 ecce
1367 1256 1457 1285 non
1480 1238 1706 1284 olfecimus
1723 1275 1734 1294 ,

351 1321 395 1355 et
416 1312 647 1355 credimus.
673 1313 857 1356 Coenam
876 1311 1076 1355 manibus
1098 1311 1184 1355 suis
1201 1320 1494 1355 consecratam
1512 1309 1737 1368 Discipulis

352 1380 472 1426 dedit
493 1401 502 1426 ε
525 1381 599 1425 sed
614 1397 691 1426 nos
708 1382 754 1425 in
775 1381 850 1426 illo
866 1382 1065 1426 convivio
1084 1397 1172 1426 non
1191 1381 1512 1437 discubuimus,
1533 1389 1575 1423 et
1589 1389 1735 1424 tamen

349 1453 487 1512 ipsam
510 1468 682 1496 coenam
714 1453 800 1495 fide
830 1451 1026 1511 quotidie
1051 1452 1378 1495 manducamus.
1414 1453 1502 1495 Nec
1527 1465 1735 1509 magnum

351 1523 512 1582 putetis
529 1523 573 1565 in
587 1522 659 1566 illa
677 1537 819 1576 coena,
841 1538 973 1582 quam
985 1523 1071 1566 suis
1083 1522 1284 1565 manibus
1302 1521 1444 1574 dedit,
1460 1521 1550 1564 sine
1568 1520 1654 1564 fide
1669 1521 1737 1564 in-

352 1591 549 1637 terfuisse
575 1611 584 1636 2
606 1591 757 1635 melior
779 1593 916 1635 extitit
938 1592 1044 1635 fides
1068 1601 1211 1651 postea
1225 1627 1235 1645 ,
1261 1607 1391 1651 quam
1410 1601 1515 1635 tunc
1533 1590 1731 1650 perfidia.

349 1666 446 1709 Non
468 1663 528 1706 ibi
553 1661 637 1706 fuit
669 1662 827 1707 Paulus
850 1663 925 1723 qui
946 1662 1129 1707 credidit
1154 1681 1164 1706 ι
1189 1663 1250 1705 ibi
1272 1661 1355 1705 fuit
1376 1662 1510 1705 ,Iudas
1538 1662 1615 1721 qui
1640 1671 1735 1706 tra-

350 1734 476 1778 didit.
497 1735 638 1786 Quam
657 1732 782 1777 multi
804 1742 846 1777 et
869 1732 1000 1777 modo
1027 1733 1071 1776 in
1094 1733 1185 1792 ipsa
1217 1748 1342 1776 coena
1358 1767 1368 1785 ,
1396 1733 1594 1792 quamvis
1616 1731 1735 1775 illam

352 1813 457 1848 tunc
479 1819 673 1848 mensam
694 1819 784 1848 non
808 1803 1017 1857 viderint,
1056 1818 1135 1847 nec
1163 1818 1318 1862 panem
1356 1817 1489 1862 quem
1527 1802 1734 1846 Dominus

353 1874 534 1934 gestavit
567 1875 613 1918 in
633 1874 832 1918 manibus
848 1909 858 1929 ,
882 1874 1018 1918 oculis
1040 1875 1126 1917 suis
1156 1873 1400 1932 aspexerint
1416 1908 1427 1927 ,
1453 1872 1522 1917 vel
1533 1872 1734 1917 faucibus

351 1945 641 2004 gustaverint,
670 1955 814 1989 tamen
841 1946 942 2005 quia
964 1945 1055 2004 ipsa
1076 1954 1140 1988 est
1166 1959 1266 2003 quae
1296 1959 1414 1987 nunc
1442 1952 1731 2003 praeparatur,

353 2031 485 2076 quam
506 2016 634 2059 multi
651 2016 782 2059 etiam
799 2030 917 2059 nunc
935 2015 980 2058 in
996 2015 1088 2074 ipsa
1116 2029 1240 2058 coena
1257 2012 1472 2073 judicium
1504 2013 1583 2057 sibi
1605 2028 1732 2057 man-

356 2087 519 2130 ducant
538 2095 581 2131 et
600 2085 814 2129 bibunt⁴?
1500 2097 1503 2098 ⁷

413 2160 466 2200 V.
494 2156 619 2201 Unde
641 2165 785 2200 autem
809 2165 1016 2216 tanquam
1038 2155 1202 2199 occasio
1226 2163 1326 2199 nata
1354 2164 1418 2199 est
1446 2155 1651 2209 Domino,
1687 2165 1737 2199 ut

356 2229 410 2273 de
430 2229 509 2273 ista
529 2243 654 2272 coena
688 2227 970 2287 loqueretur?
999 2228 1169 2271 Dixerat
1197 2242 1310 2270 unus
1338 2226 1393 2270 de
1421 2226 1736 2270 discumbenti-

356 2300 437 2343 bus
456 2301 494 2347 z(
501 2299 546 2342 in
560 2298 760 2343 convivio
774 2298 889 2342 enim
907 2306 1011 2351 erat,
1029 2312 1118 2356 quo
1141 2295 1281 2340 fuerat
1296 2297 1502 2340 invitatus
1517 2313 1528 2339 .·
1544 2298 1560 2353 )
1576 2315 1596 2338 «
1617 2297 1735 2340 Beati

358 2388 377 2411 »
413 2371 487 2429 qui
514 2369 780 2413 manducant
802 2383 957 2427 panem
988 2368 1033 2410 in
1054 2382 1188 2425 regno
1212 2368 1327 2411 Dei5.
1357 2367 1536 2421 »Quasi
1562 2367 1606 2409 in
1636 2366 1736 2410 lon-

355 2441 515 2499 ginqua
531 2440 611 2484 iste
627 2440 892 2499 suspirabat,
918 2448 960 2482 et
981 2439 1070 2498 ipse
1088 2439 1209 2497 panis
1226 2446 1326 2481 ante
1342 2436 1467 2481 illum
1484 2436 1733 2481 discumbe-

405 2540 414 2556 ¹
435 2537 525 2566 Joan.
550 2546 603 2569 xx.
619 2535 673 2566 25.
700 2552 740 2557 —
755 2540 766 2556 ²
785 2534 864 2566 Ibid.
886 2543 938 2576 29.
957 2550 997 2556 --
1014 2532 1026 2555 3
1042 2533 1088 2563 ld.
1109 2544 1165 2573 xu,
1187 2533 1262 2564 3.-
1281 2531 1296 2561 4
1315 2544 1325 2564 1
1347 2535 1420 2565 Cor.
1444 2544 1488 2573 xi,
1504 2543 1603 2574 ας).-
1618 2530 1633 2554 5
1651 2534 1728 2564 Luc.

359 2599 426 2630 xiv,
449 2590 498 2620 ιζ),
