1898 3178
402 253 486 293 246
825 261 859 290 s.
897 262 1128 291 Auens-nm
1159 254 1342 291 Enscom

399 330 524 375 vobis
544 338 595 373 ut
609 317 811 372 adv-ersus
831 336 1064 387 potestates
1085 326 1303 372 ordinatas
1328 336 1650 387 contemptores
1667 329 1792 373 sitis?

399 404 497 448 Non
513 401 597 445 hoc
627 398 825 442 dicimus,
845 398 932 451 Qui
952 407 995 442 et
1025 398 1126 443 hinc
1146 399 1364 458 aegrotatis
1379 433 1390 453 ,
1424 399 1593 457 tangite
1620 407 1665 443 et
1684 399 1791 444 hinc

399 471 616 516 fimbriam
636 468 756 512 illam
776 469 1038 515 vestimenti.
1059 472 1155 528 Ipse
1175 469 1281 513 dicit
1303 468 1539 528 Apostolus
1566 489 1574 514 :
1601 487 1621 512 «
1639 470 1791 514 Omnis

403 561 425 585 »
461 542 604 586 anima
626 539 912 599 potestatibus
937 539 1265 585 sublimioribus
1297 539 1472 584 subdita
1499 540 1581 597 sit;
1615 555 1708 585 non
1729 549 1794 584 est

405 631 425 655 >›
463 611 578 656 enim
596 619 784 671 potestas
804 611 883 655 nisi
906 627 929 655 a
950 613 1055 655 Deo.
1082 613 1190 664 Quae
1209 619 1354 654 autem
1368 619 1485 665 sunt,
1511 626 1534 654 a
1557 613 1647 654 Deo
1669 609 1792 654 ordi-

403 701 425 724 »
449 691 564 726 natae
582 681 789 735 sunt.Qui
806 690 949 726 autem
962 682 1117 725 resistit
1130 680 1349 740 potestati,
1365 680 1443 724 Dei
1457 679 1719 725 ordinationi
1731 695 1793 724 re-

403 772 425 795 »
451 752 630 797 sistit¹.»
645 753 729 797 Sed
744 751 867 812 quid,
884 752 919 795 si
932 751 1042 796 illud
1051 752 1221 812 jubeat,
1238 750 1357 811 quod
1371 766 1459 795 non
1475 750 1606 795 debes
1619 751 1793 795 facere?
1846 752 1850 780 ¹‘

400 825 481 868 Hic
499 838 601 867 sane
617 831 848 867 contemne
863 831 1143 882 potestatem,
1170 821 1365 865 timendo
1380 829 1654 880 potestatem.
1673 823 1794 880 Ipsos

399 895 691 938 humanarum
727 907 872 936 rerum
897 893 1053 950 gradus
1088 890 1312 935 advertite.
1349 893 1392 936 Si
1425 891 1592 951 aliquid
1618 891 1794 952 jusserit

400 973 595 1019 curator,
621 978 767 1007 nonne
787 962 1039 1007 faciendum
1060 964 1155 1006 est?
1182 965 1345 1006 Tamen
1368 963 1402 1006 si
1424 973 1576 1006 eontra
1597 970 1791 1021 procon-
1846 986 1851 996 =·

401 1034 538 1080 sulem
551 1034 703 1093 jubeat
723 1069 734 1088 ,
760 1049 849 1077 non
871 1034 1024 1093 utique
1045 1033 1286 1077 contemnis
1302 1042 1561 1092 potestatem
1580 1068 1591 1088 ,
1617 1034 1693 1076 sed
1710 1032 1793 1076 eli-
1837 998 1851 1075 i

402 1107 465 1165 gis
486 1106 638 1165 majori
657 1105 829 1148 servire.
850 1106 939 1148 Nec
964 1104 1067 1148 hinc
1090 1103 1222 1148 debet
1241 1103 1384 1147 minor
1411 1104 1537 1147 irasci
1556 1138 1567 1157 ,
1602 1103 1637 1146 si
1658 1104 1793 1163 major

399 1175 604 1235 prrelatus
621 1183 699 1218 est.
724 1177 916 1217 Rursum
944 1174 979 1217 si
1002 1173 1166 1233 aliquid
1184 1174 1274 1232 ipse
1291 1172 1524 1232 proconsul
1547 1173 1723 1232 jubeat,
1750 1181 1794 1216 et
1832 1166 1842 1226 J

402 1244 522 1290 aliud
533 1245 686 1304 jubeat
699 1245 949 1303 imperator,
965 1243 1183 1303 numquid
1195 1244 1423 1287 dubitatur
1437 1244 1521 1286 isto
1539 1250 1793 1301 contempto

401 1315 466 1359 illi
497 1329 588 1359 esse
622 1314 927 1358 serviendum?
949 1317 1065 1372 Ergo
1098 1314 1132 1357 si
1154 1313 1275 1357 aliud
1305 1314 1563 1372 imperator,
1599 1321 1642 1356 et
1673 1311 1792 1356 aliud
1832 1325 1849 1380 4·

404 1390 541 1441 Deus,
567 1386 675 1445 quid
691 1384 928 1445 judicatis?
951 1384 1078 1430 Solve
1092 1385 1308 1429 tributum
1322 1420 1332 1439 ,
1358 1394 1449 1428 esto
1465 1385 1572 1428 mihi
1594 1385 1639 1428 in
1661 1385 1790 1429 obse·
1834 1381 1850 1444 ᾖ

1836 1491 1847 1555 i

1833 1566 1846 1608 ¹i

1836 1605 1847 1662 ἒ

1839 496 1852 543 -h'fl
1839 486 1843 490 “
1839 271 1853 471 &hau—*m
1851 244 1853 251 a

1847 699 1851 742 ,u
1839 601 1852 689 -21221
1839 571 1852 593 ὲ
1835 547 1851 563 *4

1830 1295 1843 1310 Ι

403 1457 572 1517 quium.
591 1459 746 1510 Recte,
769 1454 844 1499 sed
865 1471 955 1499 non
973 1457 1018 1499 in
1040 1455 1191 1499 idolio.
1219 1458 1270 1498 In
1292 1455 1665 1514 idolio-prohibet.
1687 1455 1792 1507 Quis

402 1526 637 1587 prohibet?
657 1527 795 1585 Major
816 1534 1020 1585 potestas.
1048 1528 1110 1569 Da
1138 1525 1311 1568 veniam
1336 1545 1343 1569 :
1370 1534 1419 1568 tu
1446 1539 1663 1569 carcerem
1681 1560 1693 1579 ,
1717 1523 1792 1568 ille
1827 1560 1832 1564 ,

404 1597 649 1656 gehennam
666 1595 874 1640 minatur.
898 1596 1011 1639 Hinc
1027 1597 1118 1654 jam
1137 1595 1217 1639 tibi
1232 1595 1491 1639 assumenda
1506 1605 1569 1639 est
1591 1596 1696 1639 fides
1717 1603 1791 1639 tua
1824 1630 1827 1637 ,

402 1675 612 1726 tanquam
629 1673 819 1719 scutum,
840 1666 885 1709 in
900 1681 989 1725 quo
1003 1666 1136 1724 possis
1149 1665 1294 1709 omnia
1310 1666 1445 1724 ignita
1464 1665 1608 1726 jacula
1624 1661 1791 1709 inimici
1823 1652 1847 1702 ἦ

404 1739 654 1794 extinguere
666 1739 698 1780 ⁶³.
1820 1707 1847 1798 gl

1827 1772 1845 1818 λ

462 1809 581 1850 XIV.
610 1807 693 1851 Sed
716 1805 946 1851 insidiatur
968 1814 1120 1851 eontra
1142 1816 1185 1852 te
1206 1816 1380 1866 potens,
1413 1816 1456 1851 et
1477 1807 1655 1852 molitur
1682 1820 1790 1852 con*
1818 1820 1846 1866 ᾖ

404 1885 471 1921 tra
492 1886 535 1920 te
556 1885 710 1935 potens
731 1895 739 1919 :
762 1876 878 1919 acuit
899 1875 1157 1920 novaculam
1178 1876 1299 1920 unde
1326 1876 1505 1935 capillos
1526 1877 1649 1920 radat
1665 1912 1675 1931 ,
1700 1893 1790 1922 non
1816 1894 1839 1926 'a
1862 1914 1863 1919 ,

403 1948 522 1991 unde
537 1954 668 2006 caput
683 1945 863 1989 incidat.
887 1945 1017 1998 Quod
1039 1945 1141 2000 dixi,
1166 1946 1300 1991 modo
1323 1937 1501 1990 audistis
1523 1947 1569 1990 in
1586 1947 1758 1993 Psalmo
1777 1966 1787 1992 ε
1826 1950 1836 2003 ,”
1862 1939 1863 1987 ff

408 2039 429 2062 «
466 2019 586 2064 Sicut
607 2017 820 2062 novacula
856 2027 983 2062 aeuta
1024 2017 1163 2061 fecisti
1184 2017 1381 2062 dolumss.
1413 2037 1432 2058 »
1464 2023 1606 2071 Quare
1639 2019 1791 2065 dolum
1831 2015 1834 2017 ’
1861 2022 1863 2061 i

403 2089 592 2149 potentis
614 2087 715 2131 mali
731 2086 955 2132 novaculae
973 2089 1271 2147 comparavit?
1289 2089 1399 2142 Quia
1417 2104 1507 2133 non
1525 2090 1786 2146 admittitur,

404 2160 484 2204 nisi
511 2159 566 2203 ad
589 2159 811 2218 superflua
834 2167 994 2203 nostra.
1025 2158 1145 2202 Sicut
1175 2157 1321 2218 capilli
1353 2160 1400 2202 in
1428 2175 1609 2219 corpore
1641 2170 1789 2206 nostro
1830 2176 1833 2178 ·
1860 2180 1898 2198 -π

405 2239 614 2289 tanquam
649 2228 857 2288 superflui
889 2227 1116 2281 videntur,
1153 2237 1196 2272 et
1230 2229 1321 2272 sine
1353 2229 1614 2274 detrimento
1647 2231 1788 2275 carnis
1858 2237 1864 2267 ὲ

402 2300 614 2344 raduntur
635 2319 645 2344 ι
671 2300 730 2343 sic
758 2297 975 2359 quidquid
997 2306 1138 2356 potest
1161 2299 1242 2342 tibi
1272 2299 1413 2343 facere
1434 2301 1569 2344 iratus
1597 2311 1792 2360 potens,
1819 2337 1835 2354 ,.
1859 2303 1865 2314 ”

404 2370 516 2413 inter
548 2370 767 2429 superflua
795 2376 870 2414 tua
901 2376 1099 2413 numera.
1129 2369 1259 2413 Tollit
1294 2379 1596 2430 paupertatem
1626 2380 1749 2416 tuam
1775 2391 1785 2418 :

405 2439 622 2496 numquid
642 2438 757 2482 tollit
779 2438 1097 2482 divitiastuas‘?
1120 2441 1355 2498 Paupertas
1375 2447 1452 2484 tua
1468 2476 1478 2495 ,
1504 2440 1669 2485 divitiae
1698 2448 1806 2499 tua}¹

404 2507 449 2550 in
470 2505 600 2550 corde
622 2516 712 2551 tuo.
743 2507 969 2566 Superflua
990 2516 1066 2551 tua
1086 2509 1228 2567 potuit
1248 2509 1400 2553 tollere
1418 2546 1428 2564 ,
1454 2511 1616 2556 damno
1637 2511 1783 2570 potuit

457 2598 463 2612 ¹
482 2593 569 2622 Rom.
590 2602 654 2629 xm,
675 2603 703 2631 1,
724 2603 753 2623 2.
771 2610 804 2614 -
832 2600 843 2614 ²
869 2592 1175 2633 E1‘›lies.x*1,1G.-—
1196 2591 1208 2614 3
1228 2593 1294 2624 psal
1329 2605 1370 2630 ιι,
1393 2594 1423 2635 4.
