1898 3178
391 265 528 294 semo
560 264 703 302 nvn,
739 265 792 292 nn
823 264 974 294 ovnms
1004 266 1050 293 m
1082 265 1230 292 EzECH.
1452 252 1506 292 63

124 330 280 373 excitat
299 336 514 388 pastorem
531 343 671 372 unum
691 326 767 372 ille
787 329 863 388 qui
885 330 1034 387 pascit.
1059 332 1129 374 An
1149 327 1264 374 sorte
1280 329 1394 373 intra
1415 337 1505 373 tam

125 412 306 457 par-vum
323 397 600 443 intervallum
619 397 819 442 lectionis
841 398 972 443 taedio
992 400 1174 444 affectus
1189 407 1252 444 est
1263 397 1482 458 pascendo
1494 432 1506 454 ‚

127 476 170 512 et
190 467 391 512 excitavit
412 476 630 526 pastorem
646 502 659 522 ,
690 467 761 512 cui
797 469 1123 514 commendaret
1149 483 1298 514 curam
1331 468 1479 514 ovium
1497 502 1509 524 ,

127 547 177 582 ut
197 547 308 582 esset
325 538 417 597 ipse
439 540 642 583 securus?
658 539 898 583 Audiamus
919 554 1053 599 quem
1074 550 1289 599 pastorem
1312 539 1447 598 dicit;
1471 548 1515 583 et

128 607 188 652 ibi
210 607 516 666 intelligimus,
549 624 686 669 quare
707 619 752 653 et
772 610 863 669 ipse
892 619 1038 669 pastor
1066 610 1195 654 etiam
1226 612 1411 656 excitato
1431 607 1514 655 isto

131 687 298 736 pastore
318 678 410 737 ipse
431 688 578 737 pascat
592 713 604 734 ,
635 691 680 723 et
700 679 817 724 solus
840 689 1002 739 pascat.
1022 698 1042 722 «
1066 682 1276 726 Excitabo
1298 696 1428 742 super
1445 694 1515 725 eas

131 765 151 789 n
186 756 404 806 pastorem
424 764 582 804 unum,
604 758 647 793 et
673 744 822 808 pascet
839 764 908 794 eas
929 765 1077 795 servus
1096 765 1218 795 meus
1240 751 1377 796 David
1392 786 1403 807 ‚
1426 753 1516 810 ipse

133 835 155 858 »
187 827 333 876 pascet
362 833 448 863 eas.
473 837 493 861 »
515 820 795 879 Prophetiam.
827 834 916 864 esse
953 819 1007 864 de
1028 821 1203 865 Christo
1237 821 1439 865 veniente
1461 819 1518 864 ad

129 887 326 932 homines
346 903 398 932 ex
413 889 577 933 semine
599 889 754 944 David,
771 890 857 934 cito
879 889 1136 948 intelligitis,
1154 889 1324 946 fratres,
1349 891 1384 935 si
1405 899 1518 934 tem-

129 971 235 1016 pora
254 959 538 1016 cognoscatis.
562 961 647 1003 Iste
669 960 882 1018 propheta
900 960 1103 1005 Ezechiel
1119 970 1318 1021 tempore
1334 960 1516 1020 captivi—

131 1027 227 1071 tatis
249 1026 355 1083 fuit,
385 1044 485 1089 quae
506 1029 622 1074 facta
645 1039 709 1074 est
725 1045 776 1074 ex
797 1031 1177 1089 transmigratione
1193 1031 1346 1091 populi
1368 1031 1416 1075 in
1432 1033 1520 1075 Ba·

130 1096 371 1155 byloniam.
414 1103 452 1143 A
489 1109 685 1159 tempore
723 1101 861 1145 David
899 1116 1040 1160 usque
1080 1101 1136 1145 ad
1174 1110 1346 1160 tempus
1386 1102 1518 1160 hujus

131 1168 516 1225 transmigrationis
554 1170 852 1227 generationes
882 1178 984 1214 sunt
1018 1170 1368 1230 quatuordecim.
1405 1173 1519 1215 Ecce

129 1247 296 1297 quanto
316 1246 413 1296 post
433 1238 538 1282 dicit
561 1257 571 1283 ε
595 1257 617 1280 «
637 1241 694 1282 Et
715 1239 853 1283 David
891 1248 1038 1297 pascet
1058 1254 1144 1286 eas,
1175 1258 1195 1281 »
1223 1241 1267 1285 Si
1291 1241 1373 1285 hoc
1399 1240 1520 1284 dice-

131 1317 252 1352 retur
275 1318 469 1368 tempore
489 1311 581 1354 Noe
598 1343 610 1363 ‚
644 1318 722 1354 aut
743 1318 939 1368 tempore
968 1310 1210 1366 Abraham,
1232 1321 1307 1355 aut
1324 1320 1522 1370 tempore

131 1377 299 1435 Moysi,
325 1386 403 1423 aut
424 1387 620 1437 tempore
636 1378 791 1423 saltem
811 1379 946 1437 ipsius
967 1379 1107 1425 Saulis
1124 1414 1135 1436 ‚
1160 1381 1232 1425 cui
1252 1381 1459 1426 successit
1475 1382 1521 1425 in

133 1463 268 1507 regno
285 1447 423 1493 David
437 1469 449 1506 3
464 1458 579 1493 recte
600 1449 942 1507 intelligeremus
958 1451 1014 1494 de
1029 1451 1122 1510 ipso
1136 1450 1271 1496 David
1294 1451 1384 1497 filio
1404 1454 1522 1496 Jesse

133 1519 300 1564 dictum
337 1534 426 1564 esse
459 1520 564 1574 hoe,
601 1520 723 1580 quod
743 1520 836 1580 ipse
857 1520 1033 1566 futurus
1065 1531 1174 1566 esset
1208 1532 1352 1582 pastor
1384 1524 1523 1582 gregis

134 1590 240 1645 Dei,
265 1590 336 1634 cui
353 1590 552 1648 regnanti
573 1588 762 1649 populus
783 1590 858 1634 ille
881 1592 1133 1636 commissus
1156 1601 1221 1636 est
1247 1611 1256 1637 ι
1276 1608 1396 1638 nunc
1421 1608 1524 1637 vero

130 1660 221 1719 jam
242 1669 498 1718 regnaverat
528 1659 689 1715 David,
709 1661 800 1720 jamv
825 1660 880 1704 de
911 1661 998 1705 vita
1019 1661 1099 1706 ista
1121 1662 1280 1706 exierat
1299 1689 1310 1718 3
1330 1664 1420 1722 jam
1443 1678 1523 1722 pa-

139 1729 276 1774 tribus
304 1729 525 1788 appositus
552 1738 671 1784 erat,
699 1732 790 1788 jam
824 1745 903 1789 pro
934 1731 1088 1775 merito
1125 1747 1204 1776 suo
1236 1733 1521 1792 quiescebat:

135 1799 243 1859 quid
260 1808 324 1843 est
344 1798 466 1859 quod
487 1798 594 1843 dicit
616 1818 625 1843 :
655 1817 675 1840 «
695 1799 907 1844 Excitabo
929 1801 1085 1856 David,
1110 1811 1155 1846 et
1176 1801 1331 1847 faciam
1347 1804 1406 1847 eis
1421 1817 1525 1848 eum

139 1887 159 1911 η
194 1879 412 1929 pastorem
429 1884 570 1913 unum
584 1903 595 1923 ‚
619 1887 639 1910 »
660 1870 741 1913 nisi
760 1870 862 1929 quia
884 1871 1022 1915 David
1040 1870 1114 1915 ille
1137 1880 1216 1927 est,
1241 1874 1318 1932 qui
1340 1875 1460 1918 venit
1473 1889 1525 1918 ex

70 1978 79 1981 ,
136 1939 298 1983 semine
310 1940 474 1984 David?
489 1939 717 1992 Quomodo
730 1955 834 1998 ergo
854 1941 979 1999 erigit
1000 1942 1125 1986 nobis
1144 1952 1361 2001 pastorem
1383 1946 1525 1988 Deus?

139 2011 280 2062 Quem
298 2017 515 2068 pastorem
543 2011 713 2052 unum?
733 2027 755 2050 α
779 2012 836 2053 Et
863 2020 1009 2069 pascet
1035 2026 1105 2055 eas
1127 2025 1274 2057 servus
1296 2028 1419 2058 meus
1441 2017 1527 2058 Da·-

143 2097 164 2120 »
197 2078 317 2124 vid.»
330 2078 601 2124 Jamdudum
617 2079 709 2138 ipse
730 2080 934 2139 pascebat
955 2097 1033 2126 nos
1047 2103 1058 2140 3
1071 2083 1402 2142 Deuspaseebat
1418 2099 1521 2129 nos:

138 2149 271 2195 modo
289 2150 426 2210 pascit
445 2165 526 2194 nos
545 2164 693 2194 servus
714 2151 804 2210 ejus
827 2152 980 2197 David.
993 2155 1137 2206 Quare
1155 2163 1366 2214 tanquam
1388 2154 1525 2199 alter?
1552 2182 1554 2186 ·

139 2223 248 2267 Nam
271 2222 423 2281 utique
452 2236 554 2265 cum
583 2219 658 2267 illle
692 2222 918 2281 pascebat,
943 2227 1058 2268 Deus
1092 2225 1298 2284 pascebat
1324 2244 1333 2270 :
1359 2235 1403 2270 et
1424 2239 1526 2270 cum

140 2294 254 2335 Deus
270 2291 501 2350 pascebat,
523 2294 653 2336 Pater
682 2301 725 2336 et
748 2291 884 2337 Filius
910 2303 954 2338 et
978 2295 1162 2354 Spiritus
1179 2304 1353 2340 sanctus
1371 2311 1525 2356 pasce-

140 2361 230 2406 bat.
255 2360 389 2406 Modo
410 2360 638 2416 excitatur,
663 2370 708 2406 et
722 2363 773 2406 fit
794 2371 1004 2423 tanquam
1022 2363 1130 2408 alter
1146 2373 1319 2425 pastor3
1343 2366 1420 2410 sed
1436 2381 1527 2411 non

143 2431 266 2476 alter.
287 2434 386 2478 Non
404 2430 514 2476 alter
529 2431 770 2476 secundum
787 2432 973 2478 formam
989 2434 1065 2478 Dei
1079 2455 1090 2492 3
1106 2435 1209 2494 quia
1230 2435 1276 2480 i'u
1293 2434 1435 2481 forma
1450 2436 1526 2482 Dei

143 2501 235 2561 ipse
256 2511 300 2546 et
321 2505 448 2546 Pater
469 2517 583 2546 unus
605 2505 718 2546 Deus
743 2521 753 2548 ε
777 2503 823 2547 in
851 2503 992 2548 forma
1020 2514 1168 2549 autem·
1186 2507 1297 2553 servi
1317 2516 1527 2567 tanquam

144 2571 252 2618 alter
279 2573 491 2619 excitatur
509 2606 521 2629 ‚
561 2582 611 2618 ut
639 2582 811 2633 pascat3
846 2575 951 2634 quia
984 2575 1120 2636 maj0r
1153 2586 1217 2623 est
1244 2581 1384 2624 Pater.
1409 2575 1527 2622 Audi
