1898 3178
416 257 567 295 ‚sEnMo
598 259 677 297 ev,
711 259 765 285 DE
797 257 943 287 vERms
975 259 1068 285 LUC.
1103 259 1161 285 XI.
1382 247 1464 286 575

88 332 198 378 tem,
224 337 311 382 qua
343 321 492 366 audita
524 331 567 367 et
587 331 796 382 percepta
818 323 972 367 beatus
992 323 1089 377 fiat,
1127 321 1203 366 sed
1223 321 1401 366 lassatus
1422 323 1468 366 in

17 438 21 455 3
89 393 209 437 omni
228 391 466 452 cupiditate
487 402 530 436 et
547 402 732 450 egestate
753 392 898 437 saeculi
913 428 924 448 ‚
949 393 1069 437 venit
1091 392 1147 436 ad
1168 402 1210 436 te
1224 427 1234 447 ‚
1260 401 1469 452 tanquam

22 487 23 490 =
90 461 145 506 ad
166 462 463 507 Christianum
480 496 491 518 ‚
518 470 562 506 et
582 462 687 506 dicit
707 481 717 507 2
743 462 894 507 Redde
914 463 1021 506 mihi
1048 463 1260 507 rationem
1279 497 1290 517 ,
1310 462 1379 507 fac
1402 477 1471 506 me

21 552 23 557 ·
90 532 401 579 Christianum.
426 535 483 577 Et
504 533 744 592 interrogat
772 533 892 594 quod
913 532 1025 578 forte
1046 543 1096 578 tu
1117 548 1194 593 per
1221 533 1473 592 simplicita-

23 607 25 612 ’
90 611 180 647 tem
196 601 296 647 fidei
319 602 539 647 nesciebas
562 621 572 648 2
596 612 639 648 et
659 619 748 648 non
771 613 835 648 est
857 603 975 648 unde
996 604 1161 648 reficias
1183 604 1442 648 esurientem
1459 638 1470 659 ‚

91 682 135 717 et
155 682 199 717 te
219 672 467 717 admonitus
485 673 651 718 invenis
672 672 969 731 indigentem3
993 683 1036 718 et
1061 689 1160 718 cum
1194 674 1256 718 vis
1288 673 1443 718 docere
1460 708 1472 728 ‚

25 761 29 767 ·
90 743 253 800 cogeris
275 741 439 786 discere
462 757 472 783 :
494 751 538 786 et
560 743 668 786 dum
690 743 906 787 erubescis
928 758 1029 787 eum
1058 744 1135 804 qui
1166 744 1474 802 interrogavit,

27 832 32 863 2
93 811 214 873 quod
233 812 459 873 quaerebat
479 828 571 857 non
591 813 638 857 in
658 822 700 858 te
718 813 957 870 inveniens,
977 813 1246 874 compelleris
1263 829 1474 875 quaerere,

31 930 33 943 Ι
93 891 144 927 ut
159 897 361 927 merearis
381 884 592 927 invenire.

31 947 33 950 ⁴
153 955 235 997 ΙΙΙ.
248 955 306 997 Et
314 953 393 997 ubi
406 955 600 1013 quaeras?
613 953 715 1008 Ubi,
726 954 807 998 nisi
818 954 865 997 in
872 954 1106 998 Dominicis
1122 953 1479 999 librisi'Fortassis

34 1042 37 1084 ’,ὖ
95 1022 217 1083 quod
232 1023 307 1067 ille
319 1023 619 1083 interrogavit,
636 1024 682 1068 in
702 1023 815 1069 libro
835 1025 1026 1083 positum
1044 1033 1123 1079 est,
1145 1023 1220 1068 sed
1246 1025 1479 1069 obscurum

35 1110 37 1113 ·
95 1102 174 1138 est.
193 1096 324 1138 Forte
337 1093 446 1138 dixit
458 1095 542 1139 hoc
559 1094 792 1154 Apostolus
813 1095 860 1138 in
874 1094 1068 1154 Epistola
1090 1110 1183 1140 sua.
1205 1095 1274 1139 Sic
1291 1094 1414 1149 dixit,
1432 1103 1482 1138 ut

95 1163 240 1223 legere
262 1165 411 1224 possis,
431 1163 672 1223 intelligere
683 1180 773 1210 non
794 1166 949 1225 possis3
966 1165 1145 1209 transire
1156 1180 1245 1209 non
1258 1165 1483 1225 permitte-

37 1253 41 1291 ξ
96 1234 168 1279 ris.
189 1236 324 1293 Urget
339 1236 457 1279 enim
475 1235 789 1294 interrogator3
812 1236 955 1295 ipsum
975 1234 1178 1290 Paulum,
1197 1244 1271 1279 aut
1287 1238 1480 1288 Petrum,

98 1313 174 1348 aut
191 1303 383 1363 aliquem
402 1305 665 1364 Prophetam
678 1305 945 1364 interrogare
966 1320 1056 1349 non
1068 1304 1232 1350 sineris.
1257 1307 1282 1348 J
1285 1320 1353 1348 am
1369 1304 1485 1348 enim

40 1411 42 1414 .
98 1375 331 1434 requiescit
353 1375 518 1419 familia
538 1375 619 1420 ista
640 1390 742 1419 cum
771 1376 958 1420 Domino
979 1391 1078 1429 suo,
1099 1384 1143 1419 et
1178 1374 1325 1419 saeculi
1356 1375 1485 1434 hujus

40 1468 46 1506 1ι
98 1444 341 1503 ignorantia
367 1444 510 1489 valida
532 1454 595 1488 est
612 1479 623 1500 ‚
648 1446 732 1489 hoc
754 1455 840 1501 est,
864 1461 950 1490 nox
971 1445 1114 1489 media
1129 1480 1139 1497 ,
1164 1455 1208 1489 et
1228 1454 1355 1504 urget
1376 1444 1486 1488 ami-

42 1511 47 1539 ³
99 1530 176 1560 cus
197 1514 403 1558 esuriens.
426 1514 523 1557 Tibi
545 1514 659 1559 forte
675 1515 920 1559 sufficiebat
940 1514 1121 1574 simplex
1145 1515 1253 1558 fides
1268 1549 1279 1569 ‚
1303 1514 1367 1557 illi
1398 1529 1488 1559 non

45 1638 48 1648 1
99 1585 274 1630 sufficit.
299 1583 526 1644 Numquid
547 1584 810 1628 deserendus
832 1587 925 1629 est?
941 1584 1158 1644 numquid
1172 1584 1227 1628 de
1244 1584 1376 1629 domo
1393 1600 1487 1644 pro-

96 1655 312 1715 jiciendus
344 1656 437 1698 est?
458 1656 576 1713 Ergo
602 1653 659 1701 ad
683 1654 825 1714 ipsum
849 1654 1084 1698 Dominum
1100 1688 1110 1708 ‚
1144 1653 1199 1698 ad
1220 1655 1360 1713 ipsum
1388 1669 1488 1698 cum

46 1727 51 1783 ’ᾗ
101 1741 191 1786 quo
228 1724 392 1769 familia
422 1725 682 1785 requiescit,
715 1724 840 1783 pulsa
871 1724 1058 1779 orando,
1092 1732 1214 1782 pete,
1240 1724 1365 1768 insta.
1391 1726 1489 1769 Non

0 1823 5 1828 -
51 1851 53 1856 ,
102 1794 326 1855 quomodo
344 1794 507 1838 amicus
524 1793 598 1838 ille
614 1795 660 1837 in
686 1793 970 1838 similitudine
991 1794 1179 1852 positus,
1199 1793 1329 1837 taedio
1351 1793 1490 1837 victus

104 1873 250 1922 surget
269 1873 313 1908 et
333 1863 468 1907 dabit,
490 1866 601 1908 Dare
621 1863 718 1908 vult
744 1882 753 1908 z
779 1873 828 1907 tu
849 1863 1025 1922 pulsans
1045 1862 1244 1907 nondum
1268 1863 1487 1922 accepisti3

103 1933 228 1994 pulsa
245 1968 256 1988 ,
281 1933 383 1977 dare
403 1932 514 1977 vult.
540 1935 597 1976 Et
627 1932 748 1992 quod
770 1931 874 1976 dare
900 1932 1010 1987 vult,
1032 1931 1179 1976 differt
1186 1967 1201 1988 ,
1236 1941 1286 1976 ut
1307 1932 1491 1991 amplius

57 2044 59 2048 ,
107 2002 323 2048 desideres
339 2001 524 2046 dilatum
536 2036 548 2057 ,
568 2016 625 2045 ne
639 2000 818 2046 vilescat
834 2001 919 2045 cito
939 2002 1106 2045 datum.

7 2126 11 2137 1
59 2073 60 2077 ’
79 2078 81 2080 ’
168 2075 245 2116 IV.
265 2074 379 2117 Cum
400 2080 546 2115 autem
578 2070 822 2130 perveneris
845 2070 899 2114 ad
916 2079 1002 2115 tres
1032 2085 1164 2130 panes
1183 2105 1194 2126 ‚
1214 2071 1298 2115 hoc
1320 2079 1383 2114 est
1397 2105 1409 2125 ,
1435 2070 1493 2115 ad

50 2139 63 2166 '⁵
109 2142 258 2188 cibum
282 2151 326 2186 et
359 2139 693 2199 intelligentiam
719 2132 938 2185 Trinitatis
953 2175 963 2195 ,
988 2140 1121 2185 habes
1143 2149 1185 2184 et
1204 2140 1322 2184 unde
1349 2141 1489 2196 vivas,

40 2243 42 2246 .
63 2256 64 2260 ,
110 2222 154 2257 et
173 2211 294 2257 unde
311 2227 474 2272 pascas.
494 2213 582 2257 Nec
598 2211 879 2270 peregrinum
899 2210 1146 2254 venientem
1175 2209 1229 2254 de
1254 2213 1324 2254 via
1356 2209 1493 2255 refor-

12 2303 16 2309 .
42 2298 44 2300 ·
111 2281 272 2338 mides,
297 2282 373 2326 sed
401 2281 656 2341 excipiendo
683 2281 822 2326 civem
843 2271 1130 2324 domesticum
1147 2279 1277 2324 facias
1303 2299 1312 2325 :
1336 2295 1417 2324 nec
1438 2281 1494 2324 ti-

11 2399 20 2408 ,
44 2340 68 2391 A
112 2368 230 2397 meas
251 2367 306 2397 ne
326 2353 464 2397 finias.
501 2354 599 2398 Non
624 2351 746 2411 panis
779 2350 851 2395 ille
880 2350 1083 2405 finietur,
1108 2350 1184 2395 sed
1210 2350 1494 2410 indigentiam

114 2432 237 2468 tuam
265 2423 403 2467 finiet.
428 2423 555 2467 Panis
576 2431 665 2478 est,
700 2430 744 2466 et
765 2421 887 2480 panis
917 2430 1002 2476 est,
1037 2430 1081 2465 et
1101 2421 1223 2479 panis
1254 2430 1350 2465 est:
1381 2425 1495 2466 Deus

16 2481 20 2488 ⁵
50 2503 53 2513 '
116 2496 263 2549 Pater,
288 2496 403 2538 Deus
423 2492 601 2569 Filius-v,
611 2495 725 2536 Deus
759 2491 942 2550 Spiritus
971 2499 1159 2535 sanctus.
1190 2494 1395 2536 AEternus
1419 2495 1497 2536 Pa-
