1898 3178
0 0 6 98 l

2 99 8 195 ἵ

6 222 11 305 ¹:

357 286 495 316 snumo
526 289 634 327 cvn,
670 290 722 318 DE
755 289 899 318 vERms
931 291 1023 318 LUC.
1060 290 1134 317 xit.
1359 282 1440 320 593

11 374 13 407 3
63 359 234 395 sanctus
256 351 468 410 propheta
500 351 787 411 loquebatur,
813 353 1184 414 quemadmodum
1207 362 1441 414 antequam

2 414 16 493 ’Ξ
60 420 250 466 mitteret
271 424 384 467 Deus
401 422 775 468 exterminatorem
796 424 948 484 populi
970 424 1133 485 iniqui,
1155 425 1270 469 misit
1291 425 1440 484 primi-

14 503 18 538 1
60 499 130 535 tus
151 491 432 549 signatorem,
452 502 495 537 et
517 494 575 537 ait
593 493 655 537 illi
683 513 692 538 2
719 512 737 535 «
765 494 880 538 Vade
897 529 908 548 ,
926 504 968 539 et
985 494 1039 539 da
1062 495 1235 554 signum
1255 495 1300 538 in
1318 495 1440 540 fron-

9 543 21 660 K
62 580 83 603 »
118 562 234 607 tibus
255 578 406 607 eorum
428 564 504 624 qui
526 576 705 622 gemunt
737 573 779 608 et
803 574 992 609 moerent
1012 565 1066 610 de
1086 566 1270 624 peccatis
1287 566 1441 626 populi

19 661 22 682 ι
62 650 82 673 »
118 632 227 687 mei,
264 649 363 693 quae
393 634 506 678 fiunt
537 633 582 677 in
609 633 753 678 medio
788 637 984 679 eorum1.
1015 654 1034 676 »
1065 638 1162 681 Non
1184 635 1312 691 dixit,
1339 652 1440 697 quae

59 703 172 747 fiunt
188 713 305 748 extra
326 704 440 763 ipsos
458 724 468 761 3
490 704 582 759 sed,
602 705 645 748 in
669 704 812 748 medio
834 720 1000 749 eorum.
1020 707 1211 750 Gemunt
1230 716 1375 751 tamen
1397 716 1440 751 et

59 784 271 832 moerent,
296 783 338 819 et
359 775 458 819 ideo
479 775 636 834 signati
660 784 762 819 sunt
779 776 824 818 in
844 774 986 820 fronte
1004 797 1014 833 3
1034 777 1078 820 in
1094 777 1238 822 fr0nte
1259 779 1440 823 interio-

59 844 116 888 ris
138 845 347 901 hominis,
369 861 458 891 non
485 846 720 890 exterioris.
748 849 823 890 Est
859 847 973 890 enim
1008 846 1126 892 frons
1148 848 1192 891 in
1220 847 1351 901 facie,
1378 858 1441 893 est

26 905 31 971 i
58 914 178 960 frons
198 917 243 960 in
266 917 542 961 conscientia.
568 916 765 976 Denique
794 916 1028 977 aliquando
1063 919 1240 977 quando
1263 920 1440 963 interior

28 974 33 1062 ι
60 985 177 1031 frons
194 986 413 1046 pulsatur,
434 987 617 1032 exterior
640 987 891 1032 obrubescit
917 1007 924 1031 ;
950 997 1024 1032 aut
1047 988 1214 1047 pudore
1236 989 1440 1034 obrubes-

31 1064 35 1131 ξ
57 1058 131 1112 cit,
152 1067 227 1102 aut
245 1058 398 1104 timore
418 1058 626 1118 pallescit.
648 1061 723 1102 Est
740 1074 842 1117 ergo
862 1057 980 1103 frons
1004 1059 1191 1103 hominis
1208 1060 1436 1105 interioris.

33 1134 36 1178 Ι
59 1128 126 1171 Ibi
143 1129 298 1187 signati
319 1138 422 1174 sunt
437 1128 515 1184 illi,
540 1144 596 1172 ne
613 1138 885 1172 vastarentur
903 1129 1029 1188 :quia
1049 1130 1126 1173 etsi
1150 1139 1323 1189 peccata
1340 1146 1439 1190 quae

33 1187 219 1250 ifiebant
257 1200 301 1242 in
322 1199 466 1243 medio
495 1213 673 1252 eorum,
700 1213 790 1242 non
812 1199 1116 1258 corrigebant,
1147 1208 1292 1244 tamen
1315 1200 1439 1244 dole-

37 1258 165 1334 'Qbant
182 1304 192 1323 ,
216 1279 259 1314 et
277 1271 367 1329 ipso
391 1286 434 1314 se
457 1269 607 1314 dolore
628 1271 914 1329 separabant3
936 1280 977 1314 et
995 1271 1179 1329 separati
1201 1274 1290 1315 Deo
1308 1306 1318 1326 ,
1342 1287 1440 1315 ocu-

39 1335 107 1386 ilis
129 1341 356 1385 hominum
377 1341 499 1385 mixti
521 1350 658 1385 erant.
689 1341 924 1398 Signantur
945 1341 1139 1395 occulte,
1159 1357 1249 1386 non
1270 1341 1439 1386 laedun-

41 1417 129 1459 itur
151 1420 314 1471 aperte.
340 1411 529 1456 Mittitur
544 1421 694 1470 postea
715 1421 921 1467 vastator,
939 1421 981 1456 et
1003 1411 1161 1456 dicitur
1178 1412 1215 1455 ei
1235 1431 1244 1456 ;
1265 1412 1436 1467 «Vade,

43 1472 80 1541 {»
116 1491 233 1527 vasta
251 1517 261 1537 ,
287 1497 376 1527 non
398 1497 546 1541 parcas
563 1481 820 1537 minoribus,
847 1482 1097 1542 majoribus,
1118 1482 1334 1537 masculis,
1352 1482 1440 1526 foe-

45 1547 80 1609 {n
115 1555 267 1598 minis:
295 1554 369 1598 sed
387 1554 441 1597 ad
459 1568 530 1598 eos
547 1553 625 1612 qui
646 1554 810 1597 habent
827 1554 870 1596 in
888 1552 1032 1597 fronte
1054 1554 1240 1611 signum,
1257 1569 1346 1598 nou
1364 1569 1441 1613 ap-

47 1615 81 1682 l»
115 1625 423 1685 propinques2.
453 1642 472 1664 »
499 1626 670 1676 Quanta
693 1623 897 1666 securitas
919 1623 1044 1667 vobis
1066 1623 1166 1666 data
1189 1632 1267 1677 est,
1288 1623 1440 1668 fratres

43 1687 143 1756 imei
159 1731 170 1750 ,
190 1696 268 1756 qui
290 1695 388 1739 estis
411 1695 455 1738 in
476 1695 560 1738 hoc
580 1692 744 1753 populo
767 1702 985 1751 gementes
1001 1728 1011 1747 ‚
1037 1702 1080 1737 et
1102 1703 1334 1738 moerentes
1355 1694 1439 1738 ini-

51 1766 244 1835 iquitates
265 1782 364 1826 quae
382 1765 493 1809 fiunt
515 1765 560 1808 iu
584 1763 728 1808 medio
745 1773 936 1808 vestrum
952 1798 963 1818 ,
989 1773 1032 1807 et
1045 1779 1132 1808 non
1157 1763 1361 1809 facientes
1378 1767 1394 1806 ‘2

54 1842 57 1903 'g
136 1840 260 1881 VIII.
288 1840 345 1880 Ut
366 1845 512 1880 autem
539 1835 789 1894 iniquitates
821 1850 909 1878 non
938 1834 1130 1888 faciatis,
1159 1853 1178 1876 «
1205 1836 1364 1879 Cavete
1386 1836 1440 1879 ab

56 1905 81 1956 ῗο)
117 1907 237 1952 omni
260 1906 450 1950 avaritia.
482 1923 502 1945 »
528 1904 632 1948 Dico
649 1904 770 1947 vobis
792 1904 941 1957 latius,
967 1904 1076 1962 quid
1098 1913 1175 1958 est,
1196 1924 1216 1946 «
1229 1905 1297 1948 Ab
1320 1906 1440 1949 omni

58 1961 82 2029 i»
117 1977 309 2022 avaritia.
338 1994 358 2016 »
385 1978 435 2019 In
457 1972 638 2017 libidine
661 1988 813 2017 avarus
835 1982 921 2027 est,
943 1974 1012 2016 cui
1036 1988 1146 2017 uxor
1167 1989 1257 2017 non
1279 1975 1439 2019 sufficit

60 2037 149 2094 sua.
175 2050 230 2091 Et
252 2048 342 2105 ipsa
365 2042 608 2089 idololatria
631 2042 744 2086 dicta
778 2051 841 2086 est
864 2042 1038 2086 avaritia
1061 2061 1069 2087 :
1095 2043 1195 2102 quia
1218 2053 1261 2087 et
1281 2045 1326 2087 in
1348 2045 1439 2104 ipsa

63 2119 286 2167 divinitate
304 2132 456 2162 avarus
478 2124 559 2170 est,
579 2114 649 2159 cui
672 2129 760 2158 non
779 2114 938 2158 sufficit
961 2117 1074 2158 Deus
1095 2129 1209 2158 unus
1231 2125 1274 2159 et
1294 2131 1434 2162 verus.

0 2180 6 2188 ⁸
64 2180 166 2245 Quae
187 2190 267 2234 sibi
303 2187 406 2233 facit
427 2186 588 2231 multos
609 2186 712 2230 deos
728 2220 738 2240 ,
764 2185 845 2229 nisi
867 2200 992 2228 avara
1018 2185 1193 2228 anima?
1227 2188 1334 2239 Quae
1357 2189 1437 2233 sibi

0 2253 8 2260 ’
67 2244 162 2314 ¹Facit
186 2269 396 2317 martyres
421 2256 549 2301 falsos
567 2290 578 2311 ,
599 2256 679 2300 nisi
702 2271 827 2299 avara
851 2255 989 2299 anima
1008 2256 1226 2299 ?«Cavete
1243 2257 1298 2300 ab
1321 2262 1438 2304 omni

3 2326 10 2342 ³
69 2325 82 2393 ᾧ
117 2330 308 2376 avaritia.
329 2348 348 2369 »
365 2331 477 2372 Ecce
497 2341 612 2370 amas
631 2335 703 2369 tua
716 2361 726 2380 ,
758 2334 801 2369 et
825 2327 958 2384 jactas
973 2334 1016 2369 te
1029 2359 1039 2379 ,
1058 2326 1159 2384 quia
1175 2341 1263 2371 non
1279 2331 1435 2388 quaeris

0 2396 11 2413 '¹
66 2400 194 2466 iliena
209 2423 220 2459 3
235 2399 333 2445 vide
346 2399 452 2459 quid
468 2396 568 2441 mali
580 2394 709 2440 facias
722 2411 810 2440 non
827 2395 1044 2440 audiendo
1058 2396 1276 2441 Christum
1292 2398 1436 2444 dicen-

0 2476 12 2493 '⁷
66 2472 166 2539 siem:
189 2491 208 2513 «
229 2474 388 2517 Cavete
402 2468 455 2512 ab
471 2467 588 2511 omni
602 2466 791 2509 avaritia.
811 2485 827 2505 »
847 2468 958 2509 Ecce
973 2480 1089 2509 amas
1102 2474 1192 2519 tua,
1210 2482 1297 2512 non
1322 2470 1434 2516 tollis

0 2510 16 2555 *l
69 2542 196 2598 sssliena
210 2561 219 2586 :
231 2542 285 2586 de
296 2540 445 2584 labore
458 2537 606 2590 habes,
622 2536 676 2579 de
686 2537 848 2595 justitia
867 2536 998 2579 habes
1013 2536 1169 2580 :haeres
1183 2536 1357 2584 relictus
1372 2557 1431 2597 es,

78 2605 81 2642 ἱ·
106 2636 115 2653 ¹
137 2626 362 2667 Ezech.1x,l‡.
384 2641 423 2647 --
441 2631 452 2646 ²
469 2623 550 2655 lbid.
570 2622 600 2653 6.

79 2644 85 2762 i
248 2691 382 2720 cxxv.
1196 2677 1245 2715 38

83 2772 86 2820 1

86 2860 89 2927 i

88 2954 94 3049 i

92 3050 95 3088 ι

83 3121 92 3178 i
