1898 3178
487 271 627 298 sumo
656 270 780 309 xerx,
814 271 869 298 DE
900 270 1046 299 viamus
1076 272 1169 300 Luc.
1205 273 1283 300 vu.
1487 262 1570 302 539

196 335 308 379 Dicit
345 334 461 378 enim
497 333 651 394 aliquis
676 353 684 379 z
713 336 755 379 Si
785 335 857 379 cui
889 335 1108 380 modicum
1135 335 1395 392 dimittitur,
1425 338 1571 382 modi-

194 421 297 450 cum
324 405 491 464 diligit3
513 423 532 447 «
553 406 636 450 Cui
664 415 809 450 autem
830 406 927 465 plus
951 405 1206 463 dimittitur,
1231 407 1328 467 plus
1350 407 1492 467 diligit
1515 428 1524 454 :
1546 428 1566 452 n

197 475 373 535 expedit
403 477 501 535 plus
529 474 733 533 diligere,
758 492 889 535 quam
911 478 1054 521 minus
1080 476 1287 536 diligere:
1313 487 1485 537 oportet
1522 489 1573 524 ut

194 546 384 590 multum
418 560 674 605 peccemus,
715 554 758 589 et
779 546 969 591 multum
1003 548 1264 604 debeamus,
1292 548 1413 609 quod
1447 549 1572 594 nobis

194 617 357 662 dimitti
393 617 618 676 cupiamus
635 651 646 672 ,
680 626 729 661 ut
751 616 1020 663 dimissorem
1043 634 1301 677 magnorum
1322 620 1572 664 debitorum

194 687 380 747 amplius
401 686 645 746 diligamus.
663 688 882 731 Peccatrix
899 689 1014 732 enim
1030 688 1102 732 illa
1119 688 1275 733 mulier
1295 699 1460 749 quanto
1475 690 1573 749 plus

194 756 405 812 debebat,
441 765 564 801 tanto
597 756 866 802 dimissorem
903 757 1152 803 debitorum
1188 774 1367 804 suorum
1388 760 1574 819 amplius

195 826 402 884 diligebat
418 861 430 882 ,
452 828 638 871 Domino
658 827 749 886 ipso
770 828 942 872 dicente
961 846 969 872 :
988 847 1009 870 «
1030 829 1318 874 Dimittuntur
1334 830 1373 873 ei
1397 839 1572 889 peccata

198 915 219 939 n
253 897 414 952 multa,
441 898 649 957 quoniam
666 897 815 941 dilexit
835 897 1069 943 multum.»
1097 901 1240 952 Quare
1262 909 1406 943 autem
1427 899 1574 944 dilexit

193 968 382 1012 multum
401 1003 412 1023 ,
445 969 527 1012 nisi
549 969 651 1028 quia
673 967 861 1013 debebat
881 968 1100 1013 multum?
1128 970 1323 1030 Denique
1346 969 1512 1014 addidit
1532 980 1574 1014 et

194 1039 392 1099 adjunxit
420 1057 428 1083 :
457 1057 478 1080 «
503 1040 585 1083 Cui
618 1047 764 1082 autem
798 1040 1020 1083 modicum
1059 1040 1292 1085 dimittitur
1310 1076 1321 1095 ,
1352 1039 1574 1084 modicum

196 1127 216 1150 n
253 1109 409 1167 diligit.
433 1127 453 1150 »
479 1112 632 1155 Nonne
654 1108 850 1168 expedit,
875 1109 1046 1169 inquit,
1084 1118 1134 1153 ut
1165 1109 1355 1154 multum
1376 1111 1482 1154 mihi
1504 1109 1572 1154 di-

193 1180 414 1234 mittatur,
448 1195 580 1239 quam
601 1179 744 1223 minus
761 1214 772 1233 ,
796 1180 915 1223 unde
939 1179 1122 1239 amplius
1144 1179 1319 1239 diligam
1339 1181 1574 1225 Dominum

192 1251 372 1292 meum?
411 1249 576 1293 Videtis
606 1258 722 1293 certe
754 1248 1102 1308 profunditatem
1134 1251 1384 1310 quaestionis
1416 1270 1426 1295 ε
1456 1252 1569 1306 scio,

192 1318 362 1363 videtis.
403 1318 569 1362 Videtis
612 1320 830 1377 angustias
869 1320 1075 1379 temporis
1093 1355 1104 1376 ‚
1140 1329 1184 1364 et
1222 1322 1306 1366 hoc
1343 1321 1496 1366 videtis
1531 1330 1573 1366 et

191 1388 369 1433 sentitis.

253 1461 307 1502 V.
338 1458 527 1517 Accipite
549 1473 652 1517 ergo
674 1473 826 1517 pauca.
854 1459 897 1503 Si
914 1459 1206 1517 magnitudini
1227 1460 1478 1519 quaestionis
1506 1476 1573 1506 sa-

194 1530 246 1574 tis
267 1545 357 1574 non
385 1528 553 1584 fecero,
579 1529 750 1572 interim
775 1538 1032 1588 praesentem
1055 1530 1278 1574 recondite
1303 1546 1569 1587 sermonem,

192 1600 237 1643 in
259 1599 411 1643 futuro
434 1607 577 1643 tenete
608 1598 868 1643 debitorem.
895 1602 955 1642 Da
990 1615 1108 1644 nunc
1129 1600 1238 1644 duos
1276 1600 1499 1656 homines,
1525 1611 1574 1645 ut

192 1670 273 1714 sub
290 1684 408 1713 exem
416 1668 494 1728 plis
516 1669 854 1713 evidentioribus
867 1669 988 1729 quod
1003 1671 1208 1728 proposui
1229 1671 1437 1728 cogitetis.
1452 1673 1573 1715 Unus

193 1755 343 1784 eorum
361 1739 546 1798 peccatis
567 1738 721 1798 plenus
743 1747 821 1793 est,
836 1738 912 1782 diu
933 1738 1116 1798 pessime
1137 1741 1244 1785 vixit
1261 1761 1272 1798 3
1292 1740 1400 1784 alter
1421 1756 1572 1785 eorum

191 1825 329 1870 pauca
350 1810 545 1869 peccavit
567 1829 575 1854 :
596 1809 809 1854 accedunt
837 1809 966 1854 ambo
988 1809 1043 1853 ad
1065 1811 1244 1868 gratiam
1259 1845 1271 1865 ,
1298 1811 1574 1870 baptizantur

193 1881 321 1926 ambo
339 1901 350 1938 3
373 1881 538 1924 intrant
555 1880 787 1935 debitores,
808 1889 965 1924 exeunt
981 1878 1107 1924 liberi
1128 1899 1136 1925 :
1158 1880 1256 1940 plus
1276 1881 1488 1926 donatum
1510 1892 1574 1927 est

190 1952 268 1997 uni
284 1987 295 2007 ,
316 1953 460 1996 minus
482 1951 620 1996 alteri.
648 1954 873 2009 Interrogo
900 1960 1115 2010 quantum
1131 1952 1315 2012 quisque
1336 1951 1502 2012 diligat.
1529 1954 1572 1999 Si

190 2025 398 2068 invenero
429 2023 526 2082 plus
560 2022 738 2081 diligere
772 2037 873 2066 eum
893 2057 904 2078 ,
935 2023 1007 2067 cui
1038 2023 1164 2083 plura
1200 2032 1378 2083 peccata
1401 2024 1571 2069 dimissa

190 2103 293 2138 sunt
319 2113 328 2138 :
348 2093 497 2138 utilius
517 2093 655 2138 multa
674 2094 867 2152 peccavit
881 2128 892 2149 ,
917 2094 1066 2138 utilior
1082 2103 1173 2139 erat
1190 2095 1327 2139 multa
1348 2095 1569 2155 iniquitas,

191 2180 246 2209 ne
267 2173 376 2208 esset
390 2163 534 2223 tepida
552 2165 752 2209 charitas.
772 2167 999 2223 Interrogo
1014 2163 1147 2208 alium
1165 2174 1378 2224 quantum
1400 2158 1567 2225 diligat,

190 2236 364 2280 invenio
386 2236 530 2279 minus
549 2254 561 2280 ι
585 2251 684 2279 nam
707 2236 741 2279 si
760 2234 934 2280 invenio
967 2244 1139 2280 tantum
1156 2245 1200 2280 et
1218 2235 1343 2280 illum
1360 2235 1538 2295 diligere
1555 2273 1567 2293 ,

190 2314 407 2366 quantum
424 2314 468 2349 et
493 2304 566 2348 ille
588 2304 726 2363 diligit
747 2306 818 2349 cui
845 2305 984 2349 multa
1013 2305 1173 2351 donata
1195 2316 1296 2351 sunt
1310 2341 1322 2362 ,
1347 2307 1571 2367 quomodo

190 2375 464 2435 respondebo
496 2375 639 2419 verbis
665 2375 865 2430 Domini,
900 2374 1123 2434 quomodo
1158 2390 1310 2420 verum
1332 2377 1414 2421 erit
1449 2378 1572 2438 quod

190 2446 356 2490 Veritas
379 2445 485 2489 dixit
505 2464 514 2490 ε
544 2464 563 2487 «
587 2446 669 2490 Cui
693 2446 916 2490 modicum
935 2445 1191 2501 dimittitur,
1226 2446 1448 2492 modicum
1470 2447 1568 2492 dili-

192 2535 212 2558 »
247 2516 340 2574 git?
362 2534 382 2558 »
406 2518 543 2570 Ecce,
570 2515 628 2558 ait
656 2515 811 2576 aliquis
827 2550 838 2570 ,
863 2516 969 2559 mihi
997 2515 1217 2560 modicum
1232 2515 1454 2562 dimissum
1477 2528 1566 2574 est,

190 2602 278 2632 non
301 2586 437 2631 multa
461 2587 633 2646 peccavi
654 2606 664 2643 3
688 2596 730 2631 et
748 2596 917 2631 tantum
941 2587 1097 2646 diligo,
1123 2597 1338 2647 quantum
1373 2590 1451 2634 iste
1466 2624 1477 2646 ,
1502 2590 1570 2634 cui
