1898 3178
367 220 390 255 8
800 221 834 250 S.
871 222 1101 251 AUGUSTINI
1135 223 1316 251 EPISCOPI

366 306 511 336 ramus
540 289 646 351 quid
668 290 721 333 sit
753 288 862 332 lanis
890 302 934 331 se
972 296 1130 346 tegere.
1162 288 1246 340 Qui
1269 287 1435 346 praebet
1465 286 1530 331 130
1548 321 1559 342 ,
1585 288 1748 331 victum

365 361 558 422 praebet,
592 361 668 420 qui
700 359 868 419 praebet
888 357 1060 414 lanam,
1085 359 1297 403 honorem
1318 357 1500 417 praebet.
1535 360 1622 401 Ista
1650 366 1751 402 sunt

369 432 458 477 duo
477 447 574 492 quae
598 447 621 474 3
641 429 813 490 populis
840 438 1045 489 quaerunt
1060 464 1071 484 ,
1091 429 1167 489 qui
1188 444 1232 472 30
1265 429 1379 487 ipsos
1410 436 1620 487 pascunt,
1661 443 1752 473 non

370 518 487 557 oves,
509 499 789 547 commodum
807 499 1061 559 supplendae
1084 499 1367 553 necessitatis,
1393 507 1436 542 et
1457 497 1649 542 favorem
1670 499 1752 543 ho-

366 573 482 617 noris
504 581 546 615 et
566 569 720 614 laudis.
746 571 920 614 Etenim
952 570 1258 614 vestimentum
1281 577 1509 628 propterea
1532 569 1644 611 bene
1680 569 1751 611 in-

366 643 576 701 telligitur
596 642 643 685 in
677 642 874 696 honore,
898 641 1000 700 quia
1022 640 1267 685 nuditatem
1300 639 1507 697 contegit.
1535 641 1612 682 Est
1634 639 1750 683 enim

367 712 668 772 unusquisque
700 711 832 755 homo
864 710 1078 754 infirmus.
1103 712 1160 754 Et
1190 708 1297 769 quid
1319 717 1384 752 est
1405 708 1599 768 quisquis
1627 708 1752 753 vobis

367 791 544 841 praeest,
569 781 649 825 nisi
669 780 790 841 quod
814 795 889 825 vos
911 780 1009 824 estis
1025 782 1043 824 Ξ)
1059 781 1242 824 Carnem
1267 788 1434 838 portat,
1456 778 1651 823 mortalis
1669 787 1749 833 est,

369 852 632 907 manducat,
656 851 838 906 dormit,
873 851 1029 908 surgit,
1054 859 1182 894 natus
1206 859 1293 905 est,
1320 850 1558 893 moriturus
1587 858 1665 893 est.
1709 849 1753 893 Si

370 939 472 981 ergo
494 924 656 982 cogitas
678 922 787 982 quid
818 922 871 966 sit
892 920 1133 966 secundum
1166 937 1210 966 se
1232 923 1373 980 ipsum
1390 956 1400 975 ,
1430 921 1564 964 homo
1586 928 1648 964 est
1670 939 1678 964 :
1704 929 1754 963 tu

369 1002 515 1036 13111011
537 992 795 1036 honorando
812 1006 912 1035 eum
935 990 1056 1035 velut
1077 991 1311 1049 Angelum,
1337 991 1530 1048 contegis
1554 989 1675 1049 quod
1689 989 1756 1033 in-

368 1063 543 1106 firmum
562 1071 639 1106 est.

445 1134 546 1173 VII.
587 1129 851 1188 Hujusmodi
888 1128 1198 1172 indumentum
1237 1137 1462 1187 acceperat
1493 1144 1516 1172 3
1539 1129 1655 1172 bona
1676 1127 1755 1171 Dei

369 1200 496 1260 plebe
517 1199 633 1242 idem
654 1198 830 1251 Paulus,
846 1213 946 1241 cum
964 1197 1150 1242 diceret:
1172 1217 1191 1239 «
1206 1198 1325 1242 Sicut
1338 1197 1552 1255 Angelum
1571 1201 1649 1241 Dei
1665 1213 1756 1241 sus-

372 1290 391 1312 »
427 1270 598 1330 cepistis
626 1283 696 1312 me
723 1287 731 1313 :
757 1268 1055 1312 testimonium
1077 1268 1198 1311 vobis
1224 1268 1456 1326 perhibeo,
1482 1268 1585 1328 quia
1606 1268 1640 1311 si
1661 1268 1754 1311 fieri

373 1360 393 1381 »
428 1349 587 1399 posset,
606 1338 754 1383 0011103
765 1347 928 1383 vestros
943 1338 1172 1391 eruissetis,
1185 1347 1226 1381 01
1241 1337 1463 1382 dedissetis
1478 1338 1584 1382 mihi
1597 1340 1655 1381 ¹.»
1671 1338 1755 1382 Sed

369 1424 470 1454 cum
492 1418 637 1452 tantus
658 1407 721 1451 illi
757 1409 899 1452 honor
922 1407 1138 1451 exhibitus
1173 1416 1304 1462 esset,
1339 1408 1557 1468 numquid
1578 1417 1755 1467 propter

369 1481 512 1539 ipsum
544 1480 755 1523 honorem
779 1479 860 1522 sibi
888 1478 1155 1532 exhibitum,
1181 1492 1235 1520 110
1260 1478 1373 1521 forte
1396 1494 1499 1522 cum
1528 1487 1752 1537 argueret,

368 1557 619 1607 negaretur,
645 1557 687 1591 et
709 1548 852 1591 111111113
876 1548 966 1605 ipse
999 1546 1232 1606 Apostolus
1255 1546 1534 1602 laudaretur,
1562 1549 1756 1607 pepercit

370 1618 644 1662 errantibus?
673 1619 781 1661 Nam
810 1617 844 1660 si
876 1617 959 1660 hoc
992 1616 1186 1670 fecisset,
1212 1626 1322 1660 esset
1351 1618 1464 1660 inter
1485 1616 1581 1661 illos
1613 1617 1690 1676 qui
1712 1632 1756 1661 se

370 1690 484 1748 ipsos
505 1697 706 1748 pascunt,
731 1702 820 1731 non
837 1702 963 1731 oves:
988 1686 1151 1731 diceret
1174 1686 1292 1746 apud
1308 1702 1352 1731 se
1373 1688 1514 1746 ipsum
1533 1706 1542 1732 ε
1562 1686 1679 1740 Quid
1701 1687 1756 1731 ad

370 1773 439 1801 me
464 1758 683 1817 pertinet?
704 1756 897 1816 Quisque
919 1757 1040 1816 quod
1068 1756 1172 1801 velit
1203 1765 1302 1815 agat
1328 1776 1336 1801 :
1361 1757 1500 1801 victus
1532 1771 1654 1800 meus
1676 1757 1755 1800 331-

370 1843 448 1872 vus
470 1837 554 1882 est,
579 1828 720 1871 honor
752 1842 872 1870 meus
893 1825 1035 1870 salvus
1068 1836 1160 1883 est,
1185 1835 1229 1870 et
1248 1826 1316 1870 130
1340 1835 1383 1869 01
1408 1825 1507 1869 13113
1523 1861 1534 1881 ,
1560 1826 1659 1870 33113
1692 1835 1755 1870 031

368 1897 476 1941 1111111
499 1917 507 1940 ;
530 1906 599 1940 031
620 1897 804 1956 quisque
824 1912 910 1955 qua
932 1904 1088 1955 potest.
1114 1898 1231 1953 Ergo
1248 1896 1416 1953 integra
1438 1895 1515 1938 tibi
1537 1904 1640 1939 sunt
1656 1911 1753 1939 omm

368 1968 463 2022 nia,
491 1967 523 2010 si
553 1975 621 2010 eat
651 1967 834 2026 quisque
860 1981 946 2025 qua
972 1967 1145 2024 potest?
1173 1964 1283 2010 Nolo
1310 1974 1352 2009 10
1375 1965 1656 2024 praepositum
1682 1965 1752 2009 fa-

369 2052 482 2092 cere,
506 2052 643 2080 unum
668 2046 711 2080 te
727 2037 942 2080 constituo
965 2034 1020 2079 de
1040 2036 1131 2094 ipsa
1153 2034 1280 2094 plebe
1301 2053 1309 2079 :
1329 2036 1408 2080 «Si
1431 2036 1595 2093 patitur
1610 2050 1750 2079 unum

371 2124 391 2146 n
428 2106 674 2149 membrum
690 2141 704 2158 ,
729 2105 1055 2162 compatiuntur
1082 2106 1229 2147 omnia
1246 2104 1439 2148 membra
1455 2106 1486 2147 ³.
1516 2123 1535 2146 n
1566 2104 1753 2149 Proinde

369 2175 460 2232 ipse
482 2173 713 2232 Apostolus
731 2208 742 2226 ,
768 2188 867 2216 cum
906 2188 977 2216 eos
1014 2184 1374 2218 commemoraret
1405 2175 1553 2233 quales
1591 2175 1754 2219 fuerint

369 2259 469 2301 erga
496 2242 622 2286 illum
639 2277 649 2297 ,
675 2258 729 2286 ne
752 2242 874 2302 quasi
897 2242 1060 2287 oblitus
1084 2259 1233 2288 eorum
1262 2246 1607 2290 honorificentiae
1629 2244 1753 2290 vide-

370 2321 511 2366 retur,
544 2313 840 2356 testimonium
873 2313 1101 2371 perhibet,
1139 2314 1258 2373 quod
1288 2316 1399 2358 310111
1425 2313 1642 2373 Angelum
1677 2315 1754 2359 Dei

370 2383 637 2441 susceperint
654 2398 753 2426 eum
773 2392 840 2440 ,et
862 2382 998 2442 quod,
1020 2383 1052 2426 si
1074 2384 1166 2426 fieri
1187 2394 1350 2442 posset,
1377 2384 1524 2429 oculos
1547 2400 1645 2428 suos
1667 2383 1751 2428 vel·
1812 2421 1816 2424 .

371 2453 464 2496 lent
484 2466 634 2495 eruere
654 2487 665 2506 ,
694 2462 736 2496 et
757 2451 820 2496 illi
843 2452 945 2496 dare
967 2471 975 2496 :
1001 2460 1045 2496 01
1077 2461 1223 2497 tamen
1246 2453 1411 2498 accedit
1433 2453 1488 2498 ad
1510 2468 1634 2498 ovem
1655 2452 1753 2498 lan-

430 2534 796 2575 'Gnl.1v.14‚15.-
819 2544 829 2557 ‘¹
857 2547 867 2566 1
889 2538 960 2569 Cor.
980 2546 1036 2573 111,
1056 2536 1108 2567 26.
