1898 3178
336 233 417 270 818
770 244 804 269 s.
839 241 864 268 Α
873 244 925 270 ue
933 244 1069 270 usum
1102 244 1281 271 misem-1

337 326 356 348 υ
395 317 491 351 tum
519 307 911 366 blasphemaverit,
947 322 1037 351 non
1070 308 1343 352 remittetur¹
1373 325 1382 351 ε
1407 325 1427 348 n
1453 307 1525 351 illa
1558 308 1722 353 scilicet

335 377 604 437 blasphemia
627 376 768 422 cordis
790 377 1121 437 impoenitentis,
1146 394 1232 438 qua
1251 378 1464 422 resistitur
1486 379 1723 423 remissioni

337 457 614 506 peccatorum
631 483 642 502 ,
667 463 771 508 quae
804 448 854 492 fit
876 447 922 491 in
944 447 1133 493 Ecclesia
1156 464 1233 508 per
1265 448 1475 507 Spiritum
1504 459 1718 494 sanctum.

339 520 481 570 Quam
509 517 823 576 blasphemiam
844 521 996 562 Petrus
1018 533 1107 563 non
1130 518 1311 574 habuit,
1337 534 1470 578 quem
1498 534 1598 563 mox
1623 535 1723 579 poe-

339 588 469 632 nituit
491 588 669 647 quando
699 603 842 632 amare
881 589 1054 644 flevit²‚
1078 589 1284 648 victoque
1322 589 1477 648 spiritu
1509 590 1584 649 qui
1610 590 1656 633 in
1679 605 1723 634 se

339 658 481 717 ipsum
519 658 682 703 divisus
716 667 808 713 est,
843 668 895 703 et-
914 660 989 719 qui
1012 675 1113 703 eum
1149 659 1396 703 vexandum
1433 669 1689 719 poposcerat
1707 695 1718 716 ‚

339 737 491 773 contra
516 744 648 788 quem
675 745 756 788 pro
777 729 852 774 illo
875 731 1086 775 Dominus
1120 731 1286 788 rogavit
1312 746 1366 774 ne
1389 729 1594 775 deficeret
1615 730 1721 775 fides

340 800 446 858 ejus,
467 800 634 859 accepit
650 800 780 845 etiam
801 800 943 859 ipsum
963 800 1033 844 cui
1054 816 1144 844 non
1167 801 1321 845 restitit
1335 835 1346 855 ‚
1376 801 1584 860 Spiritum
1603 817 1723 846 sanc·

342 878 434 913 tum
452 904 463 925 ‚
502 879 554 914 ut
590 885 680 914 non
700 869 841 915 solum
864 871 902 914 ei
934 871 1228 915 remitteretur
1254 880 1487 930 peccatum
1503 906 1514 927 ‚
1538 871 1614 916 sed
1649 887 1724 931 per

342 957 442 986 eum
461 941 769 1002 praedicaretur
787 951 830 986 et
852 942 1027 986 daretur
1049 941 1238 986 remissio
1264 951 1558 1002 peccatorum.

399 1015 583 1057 XXXV.
601 1013 733 1072 Apud
749 1013 858 1058 duos
877 1022 1023 1057 autem
1046 1012 1151 1057 alios
1173 1013 1470 1072 Evangelistas
1491 1012 1612 1073 quod
1628 1029 1727 1057 nar-

342 1084 504 1138 ratur&
521 1091 572 1126 ut
591 1082 645 1126 de
663 1082 932 1142 blasphemia
951 1083 1132 1142 Spiritus
1148 1083 1243 1127 haec
1265 1085 1477 1128 sententia
1492 1083 1725 1139 diceretur,

342 1169 467 1197 causa
489 1152 631 1196 extitit
652 1168 702 1196 ex
729 1154 1143 1199 commemoratione
1167 1154 1342 1213 spiritus
1368 1153 1616 1208 immundi,
1649 1153 1727 1213 qui

342 1225 386 1268 in
404 1239 447 1268 se
461 1224 604 1282 ipsum
623 1222 784 1268 divisus
801 1232 879 1267 est.
892 1223 1064 1268 Dictum
1080 1225 1194 1268 enim
1212 1233 1304 1268 erat
1321 1225 1376 1268 de
1388 1224 1588 1279 Domino,
1605 1223 1727 1284 quod

342 1295 388 1338 in
408 1295 604 1354 principe
625 1292 875 1338 daemonum
899 1294 1072 1353 ejiceret
1094 1295 1314 1340 daemones
1335 1314 1345 1340 ε
1369 1296 1428 1339 ibi
1450 1310 1494 1339 se
1516 1295 1727 1339 Dominus

342 1366 401 1409 ait
421 1365 468 1408 in
484 1365 646 1424 Spiritu
668 1373 818 1409 sancto
841 1364 994 1424 ejicere
1015 1364 1250 1419 daemones,
1267 1374 1318 1409 ut
1337 1365 1519 1424 Spiritus
1540 1365 1616 1425 qui
1637 1381 1728 1410 non

345 1444 409 1479 est
423 1435 470 1478 in
491 1450 535 1479 se
559 1435 721 1479 divisus
743 1470 753 1488 ,
789 1449 890 1478 eum
913 1435 990 1494 qui
1011 1435 1056 1478 in
1076 1450 1120 1479 se
1146 1435 1307 1480 divisus
1326 1445 1411 1490 est,
1435 1436 1581 1480 vincat
1597 1445 1728 1496 atque

342 1506 482 1565 ejiciat
500 1526 511 1563 ς
531 1504 605 1549 ille
624 1514 769 1549 autem
791 1505 924 1549 homo
944 1506 989 1548 in
1010 1506 1100 1564 ejus
1118 1504 1362 1564 perditione
1385 1514 1606 1550 remaneat
1621 1541 1632 1561 ,
1652 1506 1729 1566 qui

343 1577 387 1620 in
405 1577 535 1636 hujus
556 1611 566 1631 ‚
597 1576 673 1635 qui
701 1576 747 1620 in
764 1591 808 1620 se
830 1575 991 1619 divisus
1011 1591 1101 1620 non
1123 1585 1186 1620 est
1207 1611 1218 1630 ‚
1248 1591 1400 1635 pacem
1420 1591 1497 1636 per
1518 1577 1729 1636 impoeni-

345 1647 522 1691 tentiam
544 1646 725 1691 transire
743 1645 970 1690 detrectat.
996 1648 1090 1691 Hoc
1123 1647 1239 1690 enim
1260 1649 1434 1692 Marcus
1462 1648 1523 1691 ita
1544 1657 1690 1692 narrat
1715 1666 1726 1692 ε

346 1738 367 1761 «
401 1721 540 1762 Amen
569 1718 667 1762 dico
689 1717 813 1761 vobis
829 1752 840 1771 ,
879 1717 983 1777 quia
1003 1718 1148 1762 omnia
1178 1718 1453 1762 dimittentur
1476 1718 1728 1763 hominibus

346 1808 365 1831 »
401 1797 576 1848 peccata
592 1823 602 1842 ,
629 1796 672 1831 et
698 1785 980 1846 blasphemiae
1011 1787 1171 1848 quibus
1202 1787 1597 1848 blasphemaverint
1619 1807 1628 1834 ε
1653 1789 1728 1849 qui

345 1879 366 1902 »
401 1871 544 1905 autern
572 1858 939 1918 blasphemaverit
967 1859 1013 1903 in
1040 1860 1248 1919 Spiritum
1271 1869 1501 1917 sanctum3
1533 1876 1625 1904 non
1645 1861 1728 1905 ha-

345 1949 365 1972 »
401 1931 476 1974 bet
501 1929 797 1974 remissionem
824 1930 869 1972 in
897 1937 1132 1984 aeternum,
1158 1930 1234 1974 sed
1255 1945 1352 1973 reus
1375 1929 1456 1974 erit
1475 1931 1627 1974 aeterni
1648 1930 1728 1975 de—

348 2019 368 2042 »
401 2000 538 2045 licti4.
567 2019 587 2041 »
610 2002 715 2044 Haec
750 1999 883 2044 verba
904 1999 1078 2043 Domini
1101 2014 1202 2043 cum
1234 1998 1431 2051 dixisset,
1466 2015 1543 2044 sua
1569 1999 1728 2044 deinde

344 2071 568 2132 conjunxit
585 2070 733 2114 dicens
755 2088 800 2114 2«
817 2069 1031 2122 Quoniam
1051 2069 1254 2114 dicebant
1275 2089 1283 2114 :
1309 2070 1728 2129 Spiritum‘immun-

348 2160 368 2183 »
403 2142 508 2186 dum
530 2142 665 2185 habet
679 2142 694 2166 ⁵
713 2159 722 2184 ;
742 2158 762 2181 »
789 2148 838 2183 ut
860 2140 1105 2184 ostenderet
1130 2140 1232 2184 hinc
1256 2139 1386 2184 fuisse
1407 2149 1599 2185 exortam
1620 2157 1727 2186 cau-

345 2227 451 2267 sam,
471 2221 520 2256 ut
547 2212 630 2256 hoc
653 2210 816 2255 diceret
830 2245 840 2265 ‚
866 2225 917 2254 eo
939 2209 1058 2269 quod
1079 2208 1277 2254 dixerant
1295 2226 1396 2254 eum
1416 2211 1463 2255 in
1482 2211 1727 2256 Beelzebub

346 2283 540 2342 principe
577 2282 894 2326 daemoniorum
920 2280 1139 2325 daemones
1161 2281 1336 2340 pellere.
1362 2283 1459 2327 Non
1490 2283 1592 2342 quia
1619 2291 1728 2327 esset

347 2352 614 2411 blasphemia
635 2368 734 2412 quae
757 2367 847 2397 non
870 2351 1116 2395 remittetur
1134 2386 1144 2406 ‚
1167 2366 1266 2395 cum
1284 2360 1326 2396 et
1341 2352 1434 2397 haec
1450 2353 1695 2397 remittatur
1712 2387 1724 2407 ,

347 2422 380 2466 si
402 2431 517 2466 recta
533 2422 791 2481 poenitentia
809 2430 1100 2481 consequatur
1124 2440 1132 2465 :
1158 2421 1233 2465 sed
1255 2421 1375 2481 quod
1396 2423 1497 2467 hinc
1513 2457 1525 2478 ‚
1545 2432 1596 2467 ut
1613 2422 1723 2478 dixi,

407 2525 415 2540 ¹
437 2520 512 2550 Luc.
537 2529 592 2558 xn,
616 2529 664 2550 10.
684 2535 725 2541 —-
745 2525 758 2541 ²
778 2517 890 2551 Matth.
912 2527 1001 2558 xxvi,
1022 2516 1075 2558 75.
1096 2534 1137 2540 -—
1154 2516 1167 2540 3
1185 2519 1262 2550 Luc.
1290 2529 1367 2559 xxn,
1387 2518 1442 2551 31.
1468 2536 1508 2542 ·—
1525 2518 1542 2549 4
1561 2521 1657 2553 Marc.
1679 2520 1724 2561 in,

350 2574 404 2614 28,
424 2582 476 2615 29.
497 2590 537 2596 -
555 2572 570 2596 5
584 2573 668 2605 lbid.
688 2574 742 2607 30.
