1898 3178
458 288 540 327 546
885 295 918 324 s.
955 294 1184 324 Avensa-Im
1216 297 1396 324 EPISCOPI

456 371 625 417 mento,
658 376 711 405 ne
743 361 970 404 hominum
1000 369 1226 419 putaretur
1258 360 1425 405 donum
1457 360 1640 419 Spiritus
1662 361 1797 404 sancti
1816 394 1827 414 ‚

456 448 546 478 non
567 439 842 490 expectatum
863 440 942 485 est,
961 430 1072 474 sicut
1093 439 1214 485 tunc,
1239 440 1289 475 ut
1309 431 1506 475 venirent
1527 429 1739 489 Apostoli,
1756 429 1832 473 sed

456 502 666 547 continuo
687 501 806 545 venit
829 501 1012 559 Spiritus
1032 509 1218 545 sanctus.
1253 499 1402 545 Soluta
1423 509 1487 544 est
1506 500 1689 545 Simonis
1709 499 1832 558 cogi-

454 572 560 617 tatio
575 605 586 626 ‚
610 585 666 614 ne
686 570 732 614 in
748 570 822 614 tali
837 571 1095 629 cogitatione
1110 570 1290 614 haberet
1310 570 1563 614 imitatores.

513 643 617 685 XII.
643 640 809 685 Deinde
841 640 959 684 aliud
980 639 1218 684 mirabilius
1249 639 1510 699 exemplum.
1537 642 1688 684 Petrus
1714 637 1834 683 venit

455 709 510 755 ad
531 711 830 755 centurionem
852 710 1100 756 Cornelium
1119 745 1130 765 ,
1157 709 1211 754 ad
1239 710 1462 753 hominem
1482 709 1833 754 incircumcisum

454 781 659 839 gentilem
684 799 693 825 :
711 781 847 840 coepit
866 779 1101 840 praedicare
1122 779 1341 825 Christum
1359 782 1524 834 Jesum,
1544 788 1587 823 et
1602 778 1665 822 illi
1680 814 1690 834 ,
1711 787 1755 822 et
1775 778 1833 821 eis

453 851 529 910 qui
559 865 661 894 cum
687 849 764 894 illo
785 852 953 894 erant1.
989 849 1147 894 Adhuc
1185 848 1393 908 loquente
1417 852 1565 904 Petro,
1591 864 1681 893 non
1703 848 1800 892 dico
1817 881 1830 902 ,

453 920 653 965 nondum
672 921 925 980 imponente
957 935 1155 974 manum,
1190 920 1265 963 sed
1293 920 1492 963 nondum
1518 921 1648 964 etiam
1684 918 1849 978 bapti-1

452 999 577 1034 zante
594 1024 605 1044 ‚
633 998 675 1033 et
707 1005 805 1034 cum
839 989 1094 1033 dubitarent
1125 989 1202 1048 qui
1234 998 1357 1033 erant
1381 1004 1481 1033 cum
1504 993 1631 1033 Petro
1648 1024 1659 1044 ,
1682 997 1832 1032 utrum

450 1059 739 1103 incircumcisi
767 1059 1018 1118 baptizandi
1045 1067 1212 1115 essent3
1236 1063 1410 1113 (natum
1432 1060 1593 1118 quippe
1611 1067 1703 1102 erat
1720 1059 1833 1102 inter

451 1129 627 1174 Judaeos
660 1129 737 1189 qui
769 1128 1064 1184 crediderant,
1106 1138 1150 1173 et
1180 1144 1252 1173 eos
1284 1129 1360 1189 qui
1386 1128 1535 1173 fideles
1556 1145 1607 1173 ex
1630 1129 1833 1188 gentibus

449 1198 553 1244 facti
573 1208 697 1244 erant
714 1234 724 1254 ,
762 1198 1015 1244 scandalum
1032 1234 1043 1254 ,
1076 1198 1123 1243 id
1153 1207 1240 1254 est,
1263 1202 1288 1243 J
1293 1198 1438 1244 udaeos
1466 1209 1509 1244 et
1533 1200 1829 1255 Christianos,

447 1269 524 1329 qui
559 1269 895 1328 baptizabantur
927 1269 1213 1313 incircumcisi
1239 1290 1249 1313 2
1271 1272 1287 1326 )
1321 1279 1371 1313 ut
1392 1270 1503 1314 hanc
1527 1273 1638 1314 Deus
1662 1269 1832 1314 tolleret

445 1340 748 1398 quaestionem,
764 1354 865 1383 cum
887 1338 1082 1398 loquitur
1106 1342 1273 1394 Petrus,
1293 1340 1411 1383 venit
1434 1339 1617 1398 Spiritus
1638 1348 1827 1395 sanctus,

442 1477 534 1536 ipsa
556 1478 830 1522 attestatione
853 1477 914 1520 rei
938 1491 1129 1534 magnae,
1154 1477 1278 1536 quasi
1307 1477 1543 1520 clamatum
1579 1486 1643 1522 est
1666 1478 1721 1522 ad
1745 1480 1803 1522 Pe

443 1556 561 1591 trum
581 1563 592 1590 :
610 1546 725 1600 Quid
746 1546 801 1589 de
819 1561 932 1605 aqua
952 1546 1160 1590 dubitas?
1177 1547 1267 1604 jam
1289 1561 1370 1605 ego
1395 1547 1466 1590 hic
1487 1562 1599 1590 sum.

443 1685 707 1730 dominicam
730 1684 911 1743 gratiam
939 1683 1165 1728 liberanda
1183 1719 1194 1739 ,
1222 1693 1431 1744 tanquam
1453 1685 1680 1731 immunda
1703 1701 1822 1745 pros-

442 1755 648 1800 titutione
664 1752 916 1798 mundanda
933 1754 979 1797 in
1001 1754 1218 1809 Ecclesia,
1245 1755 1411 1810 credat,
1432 1756 1604 1800 accedat
1623 1760 1678 1800 ad
1697 1756 1783 1815 ped
1807 1791 1820 1801 2
1851 1761 1875 1818 ,ἵ

442 1826 646 1880 Domini,
680 1834 848 1884 quaerat
879 1824 1060 1883 vestigia
1091 1824 1291 1878 Domini,
1332 1827 1591 1870 confiteatur
1616 1826 1817 1885 lacryma.
1858 1830 1877 1860 “¹

441 1895 647 1950 fundens,
682 1904 821 1953 tergat
841 1894 1007 1953 capillis
1029 1895 1130 1940 suis.
1157 1894 1292 1940 Pedes
1315 1897 1502 1947 Domini,
1522 1897 1816 1956 praedicatorez

440 1965 679 2023 Evangelii.
714 1963 873 2024 Capilli
895 1964 1089 2009 mulieris
1104 1999 1115 2020 ,
1140 1965 1371 2023 superfluae
1395 1967 1693 2023 possessiones.
1722 1969 1813 2011 Ter·
1857 1973 1868 2000 1*

444 2044 516 2093 gat
542 2034 730 2094 capillis,
756 2043 896 2093 tergat
922 2049 1119 2093 prorsus,
1158 2043 1362 2093 operetur
1381 2035 1747 2083 misericordiam:
1781 2052 1811 2082 e·

442 2121 543 2150 cum
565 2107 758 2161 terserit,
793 2105 1013 2150 osculetur
1031 2125 1043 2163 3
1063 2105 1243 2164 accipiat
1267 2120 1443 2164 pacem,
1466 2115 1517 2150 ut
1536 2107 1697 2152 habeat
1716 2109 1808 2153 cha·

443 2177 630 2222 ritatem.
670 2176 859 2221 Accessit
886 2176 941 2220 ad
969 2176 1120 2231 talem,
1155 2175 1370 2235 baptizata
1396 2186 1459 2221 est
1490 2194 1512 2221 a
1539 2177 1615 2222 tali
1635 2213 1646 2233 ,
1685 2177 1805 2239 quali
1834 2215 1835 2218 ,

443 2257 533 2293 erat
554 2247 773 2307 apostolus
795 2246 957 2291 Paulus
980 2265 989 2291 ι
1015 2245 1164 2290 audiat
1200 2247 1254 2291 ab
1283 2245 1359 2291 illo
1378 2263 1392 2292 x
1420 2266 1441 2290 «
1465 2249 1706 2293 Imitatores
1738 2263 1804 2294 me-

446 2336 466 2359 »
502 2326 664 2372 estote,
692 2317 804 2361 sicut
825 2325 866 2361 et
888 2330 968 2374 ego
997 2316 1202 2361 Christi2.
1230 2334 1250 2357 »
1275 2317 1494 2375 Baptizata
1516 2327 1580 2361 est
1601 2327 1746 2362 autern

444 2387 527 2431 alio
549 2386 695 2446 aliquo
715 2401 791 2430 sua
817 2393 1040 2445 quaerente
1064 2400 1154 2430 non
1183 2401 1283 2445 quae
1304 2388 1406 2429 Jesu
1427 2386 1613 2431 Christi3
1640 2405 1650 2432 ε
1674 2387 1799 2432 audia
1824 2378 1898 2435 ¹lofin

444 2473 468 2501 a
489 2457 689 2502 Domino.
713 2474 735 2498 «
759 2458 867 2510 Quae
889 2455 1041 2500 dicunt
1056 2489 1067 2510 ,
1087 2454 1215 2499 facite
1231 2476 1242 2512 3
1259 2471 1358 2514 quae
1375 2465 1519 2500 autem
1540 2455 1705 2501 faciunt
1719 2492 1730 2512 ,
1754 2458 1796 2502 fa
1842 2471 1898 2515 -φκ-

445 2545 465 2567 »
490 2542 586 2571 cere
608 2526 742 2571 nolite
756 2528 817 2570 4.»
832 2528 990 2571 Secura
1007 2526 1060 2570 sit
1081 2525 1185 2570 etin
1204 2525 1295 2579 illo,
1311 2527 1398 2570 sive
1422 2526 1468 2570 in
1489 2527 1655 2571 bonum
1671 2530 1760 2572 Eva
1832 2535 1898 2594 essegf

494 2618 500 2634 ³
522 2614 593 2643 Act.
614 2623 646 2651 x,
663 2612 717 2643 25.
739 2628 775 2635 —
796 2618 809 2634 2
831 2622 844 2644 1
867 2612 938 2644 Cor.
963 2621 1012 2652 ιν,
1035 2610 1085 2643 16.
1109 2626 1151 2633 —-
1170 2608 1185 2633 3
1208 2610 1320 2653 Philip.
1344 2622 1382 2652 11,
1402 2619 1501 2643 2r.—-
1519 2611 1534 2641 4
1552 2611 1663 2644 matth.
1679 2611 1791 2654 xx11173
1816 2601 1895 2655 ‘huj
