1898 3178
277 270 415 297 senno
447 269 586 306 Lxxu,
612 269 665 294 DE
698 268 842 295 VERBIS
874 267 1039 295 Murri.
1075 267 1150 294 xii.
1335 256 1417 293 323

43 335 184 380 bonus
213 343 300 388 est,
325 333 371 378 id
391 342 476 387 est,
503 332 631 376 arbor
653 331 790 387 bona,
815 331 927 376 mala
953 333 1128 377 inventa
1160 339 1224 375 est
1241 339 1285 374 ct
1305 331 1423 375 bona

42 402 155 458 facta
176 413 254 448 est.
276 407 332 448 Et
347 404 380 448 si
400 401 576 463 quando
597 401 732 457 venit,
747 402 880 446 malas
902 403 1075 447 arbores
1091 401 1308 446 eradicare
1328 400 1422 444 vel-

44 475 133 532 let,
157 490 257 534 quae
279 483 521 518 remaneret
537 509 547 528 ,
568 489 668 533 quae
689 488 778 518 non
797 472 928 531 digna
950 483 1060 518 esset
1080 472 1314 518 eradicari?
1333 469 1420 516 Sed

43 547 160 592 venit
179 560 417 605 praerogare
439 543 776 589 misericordiam
792 578 802 598 ,
829 553 879 587 ut
898 553 1046 602 postea
1068 553 1281 588 exerceret
1299 543 1423 602 judi-

49 617 163 664 cium
181 650 192 671 ,
212 616 284 660 cui
311 615 470 660 dicitur
491 635 499 659 :
529 634 549 657 α
574 614 911 660 Misericordiam
939 625 981 659 et
996 615 1212 675 judicium
1235 614 1423 659 cantabo

52 705 73 731 »
106 686 208 741 tibi,
236 687 463 730 Domine1.
493 704 512 727 »
543 684 671 729 Dedit
701 700 803 744 ergo
831 685 1108 729 credentibus
1137 685 1430 729 remissionem

48 767 347 818 peccatorum,
375 756 517 801 noluit
543 772 643 801 cum
673 757 731 799 eis
761 765 804 799 et
833 755 888 800 de
911 756 1138 815 praeteritis
1168 756 1325 800 chartis
1348 756 1428 799 ha-

32 829 151 888 ⁴‘bere
179 828 406 872 rationem.
435 827 561 871 Dedit
584 826 876 871 remissionem
899 835 1176 886 peccatorum
1194 861 1204 881 ‚
1236 825 1337 870 fecit
1364 841 1433 869 ar-

51 899 175 953 bores
199 899 349 944 bonas.
375 898 549 942 Distulit
568 898 753 942 securim
768 933 779 953 ‚
804 897 926 942 dedit
942 898 1232 942 securitatem.

53 1015 61 1020 ,
110 973 190 1014 ΙΙΙ.
213 973 275 1014 De
296 971 378 1014 hac
399 969 538 1013 securi
558 972 745 1013 Joannes
761 968 976 1030 loquitur,
1001 969 1148 1014 dicens
1170 988 1179 1014 ι
1208 988 1228 1010 «
1252 971 1349 1013 Jam
1370 983 1433 1013 se-

54 1058 75 1089 »
108 1041 220 1085 curis
239 1040 295 1084 ad
317 1040 503 1083 radicem
526 1040 733 1084 arborum
756 1040 893 1099 posita
911 1049 988 1084 est.
1009 1040 1159 1084 Omnis
1181 1039 1311 1084 arhor
1332 1054 1433 1100 quae

52 1129 76 1172 3»
109 1125 198 1154 non
214 1109 316 1154 facit
339 1108 530 1154 fructum
550 1110 716 1153 bonum
734 1145 744 1165 ,
767 1111 1003 1165 excidetur,
1029 1119 1072 1154 et
1093 1112 1138 1154 in
1159 1110 1303 1167 ignem
1328 1109 1433 1154 mit-

53 1201 80 1243 ρ.
109 1191 225 1225 tetur
245 1183 276 1224 ².
306 1199 325 1221 »
357 1184 417 1224 De
453 1181 533 1225 hac
561 1181 700 1225 securi
727 1181 1016 1225 comminatur
1048 1179 1355 1240 paterfamilias
1387 1181 1435 1224 in

0 1286 2 1302 ,
51 1251 291 1309 Evangelio
309 1286 319 1305 ,
345 1250 491 1294 dicens
514 1269 522 1295 2
552 1270 572 1292 «
597 1254 711 1295 Ecce
740 1251 972 1295 triennium
994 1260 1058 1295 est
1085 1251 1204 1310 quod
1226 1251 1356 1296 venio
1377 1250 1435 1294 ad

0 1333 6 1363 ε
54 1341 75 1364 »
109 1323 220 1366 hanc
243 1322 464 1374 arborem,
491 1330 534 1365 et
554 1321 749 1366 fructum
771 1322 816 1365 in
847 1337 896 1365 ea
924 1337 1013 1366 non
1041 1322 1227 1367 invenio.
1261 1341 1280 1363 »
1313 1324 1441 1366 Nunc

0 1404 9 1433 t
52 1393 192 1443 debeo
207 1393 354 1437 locum
377 1407 584 1437 evacuare
607 1411 616 1437 z
644 1392 824 1449 proinde
841 1402 1106 1452 amputetur.
1133 1396 1189 1438 Et
1211 1392 1441 1437 intercedit

0 1475 12 1504 θ
55 1465 236 1525 polonus
252 1500 262 1519 ,
294 1464 443 1509 dicens
465 1484 474 1508 2
503 1483 522 1505 «
546 1464 750 1519 Domine,
775 1463 946 1508 dimitte
967 1463 1086 1508 illam
1118 1473 1160 1509 et
1188 1465 1271 1509 hoc
1292 1480 1408 1509 anno
1425 1496 1438 1519 ,

0 1547 15 1575 ι·
54 1551 88 1586 p*
111 1534 443 1579 circumfodiam
467 1533 602 1588 illam,
617 1543 660 1578 et
674 1533 895 1578 adhibebo
912 1535 1150 1593 cophinum
1168 1535 1385 1579 stercoris:
1403 1535 1438 1579 si

0 1597 31 1670 m}
56 1622 79 1656 ῃ
113 1603 264 1649 fecerit
278 1603 485 1659 fructum,
508 1605 646 1661 bene,
670 1604 736 1648 sin
759 1604 917 1658 minus,
937 1604 1083 1649 venies
1099 1640 1110 1659 ,
1130 1614 1173 1648 et
1194 1605 1438 1664 amputabis

0 1673 33 1727 at?
54 1676 242 1737 &eamq
255 1693 273 1716 u
293 1677 516 1734 Tanquam
532 1689 608 1733 per
621 1675 856 1718 triennium
870 1675 1079 1719 Dominus
1098 1675 1282 1720 visitavit
1298 1691 1434 1734 genus

2 1752 36 1811 NJ
55 1742 297 1807 kpmanum
312 1780 322 1800 ,
347 1746 431 1789 hoc
463 1753 552 1799 est,
583 1745 722 1788 tribus
743 1743 1004 1803 quibusdam
1029 1746 1313 1805 temporibus.
1337 1747 1434 1790 Pri-

0 1811 39 1862 τοὶς
57 1830 175 1877 mum
200 1824 368 1875 tempus
390 1823 489 1858 ante
527 1817 682 1872 Legem
704 1835 715 1872 3
739 1814 979 1858 secundum
1006 1814 1051 1859 in
1083 1818 1225 1874 Lege,
1259 1816 1439 1861 tertium

0 1888 40 1942 sest
59 1886 188 1950 modo
210 1894 301 1941 est,
326 1885 649 1946 quod'tempus
680 1895 743 1929 est
764 1885 928 1944 gratiae.
958 1887 1066 1930 Nam
1089 1885 1123 1929 si
1144 1901 1234 1930 non
1250 1887 1440 1932 visitavit

13 1954 43 2000 Si
58 1970 192 2019 &nus
214 1958 455 2000 humanum
473 1965 573 1999 ante
595 1959 754 2014 Legem
773 1990 784 2010 ,
810 1956 927 2000 unde
949 1955 1091 1999 Abel?
1113 1955 1229 2000 unde
1251 1959 1440 2004 Enoch?

0 2031 35 2074 ha·
60 2027 174 2088 mide
203 2029 326 2073 Noe'?
355 2027 472 2070 unde
506 2027 758 2071 Abraham?
788 2026 905 2070 unde
939 2027 1090 2070 Isaac?
1122 2027 1240 2071 unde
1269 2028 1444 2073 Jacob?

0 2097 246 2160 taltqnorum
272 2113 316 2142 se
338 2098 574 2142 Dominum
601 2096 687 2141 dici
719 2096 883 2148 voluit3
907 2106 952 2141 et
971 2098 1094 2158 cujus
1116 2113 1266 2142 omnes
1289 2108 1438 2157 gentes

46 2172 182 2231 {ffiant
197 2203 208 2224 ,
239 2168 361 2228 quasi
385 2167 516 2211 trium
540 2167 765 2212 hominum
789 2170 901 2211 Deus
922 2177 1032 2212 esset
1052 2187 1060 2212 :
1090 2171 1221 2226 «Ego
1241 2185 1354 2224 sum,
1371 2170 1440 2214 in-

0 2243 52 2288 cunt?
119 2240 235 2300 quit,
260 2242 374 2283 Deus
407 2237 654 2293 Abraham,
685 2247 726 2282 et
754 2241 894 2293 Isaac,
929 2247 972 2282 et
988 2239 1125 2283 Jacob
1143 2240 1173 2282 4.
1204 2259 1222 2280 »
1251 2243 1302 2284 In
1324 2244 1436 2299 Lege

0 2294 57 2430 ᾖ]
88 2331 89 2334 “
113 2318 207 2358 ,ῑεῐη
228 2310 262 2353 si
282 2325 372 2354 non
393 2309 604 2362 visitaret,
628 2308 763 2368 ipsam
787 2312 946 2367 Legem
967 2325 1056 2354 non
1076 2309 1211 2354 daret.
1237 2314 1339 2355 Post
1355 2315 1441 2356 Le-

40 2377 58 2450 '3
88 2401 91 2404 s
120 2428 126 2437 ..
179 2381 298 2425 venit
320 2389 362 2423 et
379 2379 469 2438 ipse
491 2378 823 2437 paterfamilias:
845 2395 992 2439 passus
1014 2389 1077 2424 est
1095 2415 1105 2434 ,
1127 2390 1323 2425 mortuus
1346 2391 1435 2438 est,

130 2451 295 2498 urrexi't
310 2486 322 2506 ,
349 2451 557 2509 Spiritum
579 2459 776 2494 sanctum
799 2449 920 2494 dedit
935 2486 945 2505 ,
973 2450 1257 2512 Evangelium
1279 2468 1354 2512 per
1373 2462 1443 2499 to-

0 2543 138 2598 36,‘3*›0‘¹
168 2547 250 2581 Psal.
280 2558 316 2587 c,
352 2557 380 2580 1.
407 2563 448 2570 --
479 2554 490 2570 ²
518 2547 640 2579 Manli.
672 2557 728 2585 m,
762 2557 812 2579 10.
834 2545 904 2570 -3
936 2549 1012 2579 Luc.
1040 2559 1106 2589 xm,
1133 2559 1207 2591 7—9.
1236 2566 1276 2572 —-
1295 2549 1310 2579 4
1341 2552 1442 2584 Exod,

1218 2660 1283 2699 21.
