1898 3178
413 179 467 218 40
859 186 892 214 s.
929 185 1158 214 Aneus'nm
1190 186 1370 215 Emscom

413 257 511 301 fuit.
528 258 578 299 In
601 253 802 301 Numidia
823 288 833 307 ,
855 252 972 296 unde
994 261 1173 297 ventum
1199 260 1262 296 est
1280 253 1367 296 huc
1386 267 1487 296 cum
1511 261 1632 297 tanto
1656 254 1786 309 malo,

409 327 669 371 muscarium
701 326 769 369 vix
793 324 1011 367 invenitur
1028 358 1038 378 ,
1064 324 1108 367 in
1138 324 1400 383 cupsonibus
1430 322 1643 367 habitant.
1669 327 1792 377 Quo-

407 398 539 443 modo
560 412 684 442 mons
702 396 931 440 umbrosus
949 394 1187 440 Numidia?
1209 395 1286 439 Dic
1304 394 1410 438 mihi
1432 409 1535 453 ergo
1557 413 1565 439 :
1591 393 1682 439 noli
1703 395 1789 440 huc

405 483 546 529 usque
562 468 756 520 recitare,
777 484 797 507 «
817 467 930 509 Deus
941 465 996 508 ab
1005 463 1152 509 Africo
1171 484 1180 509 ε
1200 484 1220 506 »
1239 466 1364 524 exigo
1377 474 1421 509 et
1431 466 1671 524 sequentia,
1701 468 1790 511 «Et

407 557 426 580 »
463 546 634 582 sanctus
657 536 711 580 de
733 544 882 580 monte
898 535 1120 579 umbroso.
1150 553 1169 576 »
1191 534 1274 579 Sed
1296 535 1476 579 ostende
1497 535 1604 578 mihi
1620 543 1788 593 partem

403 609 559 653 Donati
574 623 597 651 a
611 606 829 661 Numidia,
846 605 900 649 de
912 614 1061 650 monte
1072 605 1280 649 umbroso
1292 605 1454 649 venire.
1473 605 1646 649 Invenis
1668 604 1788 649 nuda

401 679 562 733 omnia,
578 678 730 737 pigues
747 675 928 736 quidem
941 691 1132 735 campos,
1152 675 1228 720 sed
1240 674 1547 720 frumentarios
1565 693 1574 720 ι
1595 689 1685 719 non
1706 673 1788 720 oli-

400 750 507 794 vetis
524 748 690 793 fertiles
705 783 716 804 ,
743 763 833 793 non
855 748 1021 792 caeteris
1036 747 1289 792 nemoribus
1306 761 1518 791 amoenos.
1544 746 1670 791 Unde
1684 760 1787 806 ergo

400 834 524 863 mons
544 818 773 863 umbrosus
804 819 849 862 in
871 817 1085 863 Numidiae
1103 817 1299 877 partibus
1318 852 1328 872 ,
1349 816 1469 861 unde
1489 817 1574 862 hoc
1599 815 1786 862 scanda-

399 890 493 933 lum
513 889 662 933 venit?

457 961 551 1002 XL.
581 962 644 1003 Tu
660 959 795 1013 mihi,
820 958 964 1018 inquit
978 992 989 1013 ,
1015 970 1118 1016 ergo
1140 971 1309 1016 expone
1330 955 1438 1017 quid
1460 964 1540 1012 est,
1564 959 1712 1000 «Deus
1728 957 1784 1001 ab

402 1047 421 1069 »
444 1027 592 1072 Africo
609 1029 768 1083 veniet,
781 1037 824 1072 et
840 1037 1013 1072 sanctus
1025 1027 1078 1071 de
1096 1036 1245 1072 monte
1257 1026 1480 1071 umbroso.
1496 1026 1634 1070 »Vide
1652 1042 1784 1086 quam

392 1099 517 1143 facile
556 1114 783 1157 exponam.
824 1099 969 1143 Primo
1002 1098 1114 1141 illud
1151 1097 1254 1142 audi
1295 1096 1415 1157 quod
1453 1098 1512 1141 ait
1536 1098 1746 1141 Dominus
1773 1117 1781 1142 :

399 1186 419 1209 «
454 1167 695 1225 Oportebat
722 1165 946 1209 Christum
983 1167 1101 1223 pati,
1134 1174 1177 1209 et
1206 1180 1428 1224 resurgere
1456 1167 1585 1210 tertio
1618 1166 1710 1222 die,
1742 1177 1785 1212 et

399 1255 419 1277 »
454 1235 680 1295 praedicari
704 1235 750 1278 in
776 1235 954 1278 nomine
976 1235 1066 1293 ejus
1088 1234 1393 1293 poenitentiam
1427 1244 1469 1278 et
1491 1235 1783 1281 remissionem

399 1326 416 1347 »
452 1315 731 1364 peccatorum
753 1319 830 1363 per
857 1317 1006 1347 omnes
1034 1312 1181 1361 gentes
1198 1338 1208 1358 ,
1235 1303 1544 1362 incipienti-bus
1566 1305 1621 1348 ab
1651 1308 1677 1349 J
1681 1321 1782 1350 eru-

396 1395 416 1417 »
452 1376 627 1419 salem1.
656 1394 675 1416 n
702 1377 814 1418 Ecce
846 1374 965 1418 unde
998 1375 1158 1418 veniet.
1182 1374 1496 1434 Incipientibus
1526 1391 1626 1419 curn
1649 1376 1778 1433 dixit,

392 1446 494 1491 inde
516 1447 668 1506 utique
686 1461 728 1489 se
747 1446 792 1488 in
810 1445 967 1489 sanctis
984 1445 1071 1488 suis
1087 1444 1142 1488 ad
1159 1445 1260 1489 alias
1275 1455 1423 1503 gentes
1439 1456 1677 1491 venturum
1691 1462 1782 1493 esse

392 1517 606 1576 praedixit.
634 1520 747 1574 Lege
769 1515 1025 1560 divisionem
1054 1524 1179 1558 terrae
1198 1514 1388 1559 filiorum
1408 1516 1539 1560 Israe'l
1560 1517 1606 1560 in
1634 1519 1778 1562 omni-

392 1588 472 1631 bus
495 1586 699 1630 tribubus
721 1586 766 1629 in
788 1584 902 1629 libro
926 1588 1030 1629 Jesu
1051 1587 1168 1631 Nave
1194 1604 1202 1629 :
1229 1595 1375 1645 aperte
1405 1586 1467 1630 ibi
1488 1585 1655 1631 dictum
1677 1597 1741 1633 est
1765 1608 1775 1634 :

395 1676 414 1698 «
450 1657 582 1700 Jebus
604 1657 658 1699 ab
683 1655 853 1709 Africo,
880 1670 979 1714 quae
1001 1664 1065 1698 est
1086 1654 1368 1699 Jerusalem.
1397 1674 1417 1697 »
1443 1659 1583 1715 Lege,
1611 1673 1774 1718 quaere,

390 1736 433 1770 et
454 1727 660 1770 invenies.
689 1725 864 1769 Utinam
881 1739 981 1769 eum
1006 1725 1222 1769 inveneris
1239 1761 1249 1781 ,
1277 1724 1452 1783 credas,
1483 1727 1653 1771 utinam
1681 1730 1776 1773 ani-

390 1796 633 1840 mositatem
654 1795 860 1854 deponas.
878 1814 897 1836 «
915 1797 940 1838 J
943 1796 1049 1839 ebus
1064 1796 1118 1839 ab
1136 1795 1300 1851 Africo,
1318 1812 1416 1855 quae
1434 1805 1497 1840 est
1515 1798 1771 1843 Jerusalem.

396 1887 413 1909 »
436 1869 493 1911 Et
505 1867 731 1921 Dominus,
748 1865 1056 1925 incipientibus
1071 1866 1126 1910 ab
1139 1866 1376 1910 Jerusalem
1392 1886 1400 1911 ε
1415 1868 1524 1912 »hoc
1539 1877 1648 1924 est,«
1660 1873 1774 1915 Deus

394 1955 412 1976 »
432 1937 487 1979 ab
498 1934 645 1980 Africo
655 1937 812 1980 veniet.
822 1936 1081 1989 »Quomodo
1095 1950 1195 1993 ergo
1204 1951 1226 1979 a
1235 1946 1382 1980 monte
1394 1937 1775 1984 umbroso?Evan-

391 2004 550 2064 gelium
567 2007 656 2065 jam
684 2006 793 2064 lege.
820 2009 881 2050 De
914 2015 1062 2049 monte
1093 2005 1251 2050 Oliveti
1273 2007 1469 2051 Christus
1502 2009 1695 2055 ascendit
1726 2011 1771 2055 in

389 2075 565 2120 coelum.
595 2078 798 2135 Sequere.
818 2077 874 2119 Et
897 2075 1005 2135 quid
1031 2075 1295 2120 dilucidius?
1321 2077 1451 2121 Audis
1468 2112 1478 2132 ,
1505 2079 1560 2122 ab
1593 2079 1765 2126 Africo:

388 2146 560 2202 audisti,
575 2145 630 2190 de
646 2155 793 2190 monte
805 2147 1026 2191 umbroso.
1045 2149 1205 2204 Legem
1221 2147 1464 2203 recitamuS‚
1481 2151 1766 2209 Evangelium

326 2280 329 2282 .
385 2218 628 2261 recitamus.
653 2217 838 2272 Audisti,
859 2236 879 2258 «
901 2216 1214 2276 Incipientibus
1236 2217 1290 2261 ab
1314 2219 1551 2263 Jerusalem
1572 2239 1579 2264 :
1602 2239 1621 2261 »
1646 2223 1764 2278 audi,

387 2306 406 2328 »
433 2291 513 2331 Per
537 2303 685 2332 omnes
708 2297 872 2347 gentes,
893 2305 913 2328 »
939 2287 985 2331 in
1007 2287 1160 2332 eodem
1177 2289 1407 2348 Propheta.
1431 2292 1620 2350 Sequere
1635 2293 1764 2338 verba

383 2356 454 2400 illa
470 2373 569 2416 quae
586 2357 896 2417 contempsisti,
909 2357 1040 2401 verba
1055 2357 1127 2401 illa
1144 2374 1242 2418 quae
1257 2361 1589 2418 praetermisisti:
1609 2380 1628 2403 «
1649 2365 1762 2408 Deus

385 2446 404 2468 »
439 2427 493 2471 ab
515 2426 661 2472 Africo
685 2428 852 2483 veniet,
877 2437 919 2472 et
941 2437 1114 2473 sanctus
1144 2428 1198 2472 de
1220 2440 1369 2475 monte
1390 2432 1597 2477 umbroso
1624 2451 1632 2477 ε
1658 2448 1761 2479 coo-

434 2518 441 2531 ¹
459 2513 533 2543 Luc.
555 2522 641 2553 xxiv,
661 2512 716 2554 46.
737 2530 778 2536 -
799 2520 811 2537 ²
831 2514 924 2546 Josuss
949 2524 1006 2555 xv,
1023 2514 1054 2547 8.
