1898 3178
353 137 408 176 94
786 145 819 175 s.
855 145 1087 176 mausum
1118 147 1300 176 EPISCOPI

349 228 451 258 cum
481 212 782 271 indigentibus
803 211 1124 256 communicare
1151 212 1271 272 quod
1292 213 1453 268 habet,
1484 228 1587 259 cum
1616 215 1740 260 audit

344 292 562 343 praecepta
578 281 790 327 faciendae
812 280 1116 325 misericordiae
1132 317 1143 337 ,
1163 281 1380 343 intelligat
1403 287 1543 328 Deum
1569 300 1659 329 non
1680 283 1737 328 de

346 369 393 398 re
408 354 525 398 illius
540 354 612 398 cui
629 354 773 413 jubet,
792 351 869 396 sed
890 351 946 396 de
966 367 1014 396 re
1034 368 1112 397 sua
1126 353 1285 413 jubere
1300 353 1456 398 donari
1472 376 1484 412 3
1503 363 1547 398 et
1562 354 1637 398 ille
1659 354 1738 415 qui

349 423 513 484 aliquid
536 424 717 483 porrigit
741 422 948 481 pauperi,
968 437 1059 466 non
1080 438 1125 467 se
1144 423 1379 468 arbitretur
1403 424 1457 468 de
1479 440 1557 469 suo
1576 423 1734 481 facere,

347 510 404 539 ne
427 495 540 539 forte
553 510 642 539 non
663 503 753 537 tam
774 494 1060 539 confirmetur
1071 495 1379 540 misericordiae
1393 497 1586 552 nomine,
1601 511 1735 557 quam

348 564 526 608 infletur
542 564 757 623 superbiae
779 565 1004 608 vanitate?
1030 583 1050 607 «
1074 568 1225 609 Meum
1247 575 1337 621 est,
1367 567 1534 626 inquit,
1557 581 1733 622 aurum,

352 653 373 676 »
409 645 452 678 et
470 650 617 678 meum
639 643 703 679 est
723 644 966 692 argentum,
989 653 1010 675 n
1029 651 1121 679 non
1142 645 1352 692 vestrum,
1372 651 1398 681 ο
1414 637 1572 681 divites
1587 646 1732 683 terrae.

349 704 467 758 Quid
487 720 590 764 ergo
606 703 814 750 dubitatis
835 705 1016 766 pauperi
1035 704 1139 750 dare
1156 706 1211 750 de
1232 721 1351 762 meo,
1373 715 1451 751 aut
1465 707 1576 768 quid
1592 706 1734 752 extol-

349 774 489 820 limini
510 792 611 820 cum
631 776 742 820 datis
760 775 815 819 de
835 791 934 820 meo
948 778 987 820 P·

411 849 492 890 III.
517 849 573 891 Et
602 847 665 891 vis
691 847 837 890 videre
852 881 862 901 ,
894 861 1026 906 quam
1050 846 1155 906 justi
1172 845 1332 906 judicis
1353 862 1419 890 res
1438 855 1501 891 est
1521 862 1678 891 aurum
1693 856 1738 892 et

353 919 613 974 argentum?
630 921 796 962 Avarus
816 917 919 960 inde
942 926 1194 977 torquetur,
1220 917 1336 961 unde
1356 918 1597 963 misericors
1612 919 1738 978 adju-

351 994 492 1030 vatur.
523 990 632 1031 Rem
662 1002 783 1031 suam
823 986 970 1030 divina
1003 986 1289 1031 distribuente
1309 988 1500 1048 justitia,
1541 997 1583 1032 et
1620 997 1739 1033 recte

351 1055 464 1101 facta
506 1057 608 1101 inde
641 1057 975 1101 manifestantur
994 1092 1004 1112 ,
1043 1067 1087 1101 et
1119 1067 1295 1117 peccata
1333 1057 1435 1101 inde
1471 1058 1734 1118 puniuntur.

351 1129 550 1187 Namque
566 1143 721 1170 aurum
734 1137 777 1171 et
791 1136 1021 1185 argentum
1039 1137 1169 1187 atque
1187 1128 1327 1171 omnis
1342 1138 1513 1172 terrena
1530 1130 1740 1188 possessio

347 1197 395 1240 'et
423 1197 670 1242 exercitatio
699 1197 982 1240 humanitatis
1005 1206 1069 1240 est
1085 1233 1095 1252 ,
1121 1206 1165 1241 et
1186 1198 1447 1257 supplicium
1470 1199 1735 1258 cupiditatis.

352 1270 466 1312 Cum
496 1267 599 1312 talia
623 1271 736 1311 Deus
758 1267 882 1311 bonis
910 1267 1162 1311 hominibus
1185 1268 1361 1323 tribuit,
1397 1269 1586 1313 ostendit
1611 1269 1659 1312 in
1680 1269 1741 1314 eis

353 1349 516 1399 quanta
543 1347 795 1382 contemnat
829 1337 1025 1393 animus,
1062 1339 1185 1398 cujus
1219 1337 1382 1381 divitiae
1410 1348 1513 1382 sunt
1542 1340 1633 1398 ipse
1665 1339 1743 1399 qui

353 1411 523 1454 tribuit.
549 1413 648 1454 Non
678 1408 795 1452 enini
816 1417 960 1468 potest
987 1409 1173 1469 quisque
1197 1409 1403 1469 apparere
1438 1419 1741 1470 contemptor,

354 1482 436 1526 nisi
464 1483 554 1541 ejus
572 1480 633 1525 rei
657 1482 779 1540 cujus
804 1495 1018 1538 possessor
1041 1480 1222 1524 effectus
1254 1490 1334 1525 est.
1359 1482 1465 1526 Nam
1491 1489 1534 1524 et
1555 1481 1632 1540 quj
1653 1495 1744 1525 non

354 1553 520 1597 habent
536 1586 547 1607 ,
572 1560 755 1611 possunt
769 1553 850 1594 ista
872 1559 1151 1594 contemnere
1169 1569 1179 1595 :
1200 1550 1274 1593 sed
1297 1559 1445 1594 utrum
1465 1551 1635 1610 fingant
1652 1585 1662 1605 ‚
1689 1565 1746 1595 an

354 1639 455 1668 vere
472 1631 770 1676 contemnant,
786 1624 899 1665 Deus
918 1620 1037 1664 videt
1053 1620 1130 1680 qui
1152 1620 1292 1665 cordis
1308 1621 1526 1680 inspector
1544 1631 1608 1666 est
1630 1640 1639 1666 ε
1659 1622 1745 1666 ho-

356 1694 546 1738 minibus
569 1702 743 1747 autem,
775 1700 825 1735 ut
842 1691 1000 1734 imitari
1020 1691 1209 1750 possint,
1235 1691 1442 1750 cogitatio
1465 1701 1745 1736 contemnen-

356 1765 409 1809 tis
431 1763 602 1808 nonnisi
624 1763 668 1806 in
703 1761 904 1806 manibus
940 1761 1156 1820 erogantis
1178 1761 1418 1821 inspicitur.
1457 1764 1570 1807 Cum
1597 1771 1746 1806 autem

356 1835 480 1879 malis
501 1834 752 1878 hominibus
775 1836 888 1877 Deus
917 1833 997 1876 ista
1018 1831 1220 1877 concedit
1234 1867 1245 1887 ,
1271 1832 1460 1876 ostendit
1480 1833 1527 1876 in
1547 1833 1607 1877 eis
1628 1848 1744 1893 quo—

357 1905 489 1950 modo
532 1914 573 1948 et
605 1905 650 1947 in
680 1904 781 1963 ipsis
820 1903 943 1947 bonis
981 1919 1080 1963 quae
1114 1905 1228 1945 Deus
1271 1901 1453 1960 largitur
1468 1937 1480 1958 ‚
1526 1903 1746 1947 crucietur

359 1977 542 2031 animus,
556 1975 627 2019 cui
641 1973 768 2018 viluit
789 1974 864 2033 qui
882 1981 1003 2017 tanta
1023 1972 1218 2030 largitur.
1231 1971 1360 2016 Bonis
1374 1972 1490 2016 enim
1513 1973 1742 2016 subminis-

357 2055 443 2091 trat
457 2045 702 2091 occasiones
719 2044 1031 2087 beneficiorum
1054 2060 1064 2086 :
1088 2041 1223 2086 malos
1241 2051 1417 2102 torquet
1438 2043 1592 2086 timore
1614 2041 1742 2087 dam-

359 2132 531 2162 norum.
564 2119 623 2160 Et
642 2115 741 2159 ideo
763 2115 796 2158 si
819 2114 1020 2157 amittant
1041 2117 1216 2172 utrique
1238 2127 1395 2156 aurum
1423 2122 1467 2157 et
1488 2121 1742 2172 argentum,

356 2188 426 2232 isti
447 2187 642 2232 coelestes
663 2185 832 2229 divitias
851 2183 952 2229 laeto
972 2182 1104 2228 corde
1125 2183 1405 2241 retinebunt,
1430 2182 1511 2227 illis
1532 2192 1681 2228 autem
1702 2191 1746 2226 et

360 2259 485 2304 bonis
500 2256 814 2318 temporalibus
830 2255 967 2300 inanis
980 2254 1135 2300 domus
1152 2289 1163 2311 ,
1182 2263 1225 2299 et
1241 2255 1366 2300 bonis
1380 2254 1551 2301 aeternis
1570 2255 1742 2300 inanior

362 2329 627 2374 conscientia
648 2326 906 2372 remanebit.

423 2402 502 2443 IV.
531 2399 654 2444 Illius
689 2407 754 2443 est
776 2412 880 2456 ergo
903 2410 1057 2439 aurum
1088 2403 1132 2438 et
1153 2403 1379 2452 argentum
1395 2429 1411 2449 ,
1430 2395 1505 2453 qui
1527 2393 1648 2438 novit
1682 2393 1748 2436 uti
1776 2415 1780 2421 ·

366 2485 472 2515 auro
488 2479 533 2516 et
548 2478 740 2529 argento.
752 2470 862 2516 Nam
883 2467 1013 2513 etiam
1027 2466 1140 2511 inter
1161 2465 1274 2525 ipsos
1296 2464 1492 2511 homines
1511 2473 1617 2509 tunc
1639 2463 1750 2524 quis-
