1898 3178
384 250 441 293 74
818 252 853 284 S.
888 253 1120 285 Ausus‘nm
1151 254 1334 285 Emscom

355 328 364 336 ‘
383 325 543 389 pagani
563 325 641 386 qui
662 330 978 378 remanserunt,
993 335 1083 367 non
1095 321 1307 367 habentes
1324 319 1434 382 quid
1452 318 1601 365 dicant
1614 327 1767 365 contra

384 412 548 444 nomen
583 395 768 449 Christi,
805 392 1114 438 dissensionem
1144 392 1489 438 Christianorum
1511 390 1767 437 Christianis

384 469 612 530 objiciunt.
643 469 760 525 Ergo
795 465 1065 525 quicumque
1100 463 1156 508 ab
1187 464 1401 509 haereticis
1427 463 1676 507 transierint
1713 461 1769 506 ad.

383 539 653 588 Catholicam
665 570 682 593 5
694 552 786 583 non
803 537 1033 582 habebunt
1041 536 1127 581 hoc
1142 535 1427 596 opprobrium
1445 534 1640 594 gentium
1655 553 1668 591 3
1688 547 1770 577 nec

383 611 624 672 portabunt
655 607 939 654 maledictum
972 606 1270 662 dissensionis,
1306 606 1409 665 quia
1442 611 1699 665 permanent
1723 603 1772 646 in

383 681 529 727 radice
558 680 758 735 unitatis,
785 679 832 722 in
852 677 1122 738 plantatione
1159 676 1386 722 charitatis
1413 693 1423 721 :
1451 692 1473 718 «
1493 676 1590 720 Non
1620 681 1770 733 porta—

388 771 410 795 »
445 753 560 796 bunt
577 749 877 795 maledictum.
905 767 926 790 »

443 823 610 867 XXIX.
633 840 655 864 «
678 823 737 866 Et
756 821 893 866 scient
909 855 921 874 ,
946 819 1155 880 quoniam
1178 832 1260 877 ego
1291 831 1389 862 sum
1419 815 1628 862 Dominus
1657 817 1773 859 Deus

389 911 410 935 >›
445 907 598 937 eorum
609 926 620 947 ,
641 900 685 936 et
706 891 786 951 ipsi
803 890 993 950 populus
1007 904 1130 934 meus
1146 889 1303 933 domus
1320 886 1454 933 Israel
1468 921 1480 942 ,
1499 885 1607 930 dicit
1623 884 1775 929 Domi-

389 981 411 1005 »
444 978 527 1007 nus
541 966 656 1007 Deus
667 964 699 1006 ¹.
719 979 740 1003 »
754 964 868 1006 Ecce
880 970 983 1005 sunt
999 975 1118 1016 oves,
1135 974 1234 1004 6666
1251 968 1315 1004 est
1328 967 1372 1003 et
1385 958 1528 1002 vinea.
1543 953 1776 1010 Quomodo

387 1049 489 1078 cum
511 1033 567 1078 de
599 1034 726 1078 vinea
755 1033 1010 1093 loqueretur
1042 1035 1196 1086 Isa'1'as,
1237 1045 1420 1089 arguens
1454 1027 1693 1090 quamdam
1708 1026 1776 1071 vi-
1839 1020 1842 1022 ⁵

388 1119 514 1147 neam
527 1102 687 1147 malam
700 1106 734 1156 ²,
754 1117 810 1159 ne
830 1101 995 1146 diceret
1014 1102 1135 1146 vitis:
1154 1103 1253 1146 Non
1267 1100 1487 1157 intellexi,
1512 1097 1713 1158 exposuit
1731 1098 1778 1141 in

388 1174 475 1218 fine
496 1174 668 1217 dicens:
684 1191 704 1213 «
720 1172 858 1216 Vinea
873 1181 1020 1216 autem
1037 1172 1211 1216 Domini
1237 1170 1446 1225 Sabaoth,
1471 1169 1629 1213 domus
1647 1165 1778 1212 Israel

392 1262 413 1284 »
432 1252 495 1287 est
512 1262 550 1288 ι»
565 1258 621 1286 116
629 1242 826 1286 dicerent
843 1261 853 1286 :
867 1244 967 1286 Non
980 1241 1107 1285 nobis
1118 1240 1285 1284 dictum
1302 1248 1383 1294 est,
1398 1239 1474 1284 sed
1484 1239 1622 1283 vineae
1635 1237 1779 1281 nescio

389 1314 475 1358 cui.
501 1314 570 1358 Sic
585 1313 714 1357 ethic
729 1347 741 1367 ,
757 1326 859 1356 cum
879 1311 1052 1355 locutus
1073 1319 1183 1354 esset
1200 1310 1256 1354 de
1273 1310 1427 1354 ovibus
1439 1344 1451 1363 ,
1466 1308 1521 1352 ad
1536 1317 1779 1352 extremum

390 1400 445 1428 ne
467 1383 563 1443 quis
600 1383 743 1437 dicat,
765 1385 895 1426 Forte
927 1390 1030 1426 sunt
1061 1381 1218 1441 aliquae
1250 1395 1350 1425 oves
1383 1380 1461 1424 Dei
1489 1379 1635 1424 nescio
1661 1378 1744 1422 'ubi
1763 1412 1775 1432 ,

390 1469 498 1515 quas
519 1462 644 1498 curat
660 1456 774 1497 Deus
791 1487 802 1507 ,
827 1461 871 1496 et
887 1466 967 1510 ego
983 1451 1077 1496 illas
1098 1466 1189 1495 non
1207 1452 1309 1495 novi
1331 1464 1613 1510 :quanquam
1626 1449 1779 1493 absur-

391 1525 473 1570 dus
495 1533 559 1569 est
581 1524 709 1568 nimis
728 1523 923 1567 humano
940 1523 1083 1566 sensui
1104 1522 1181 1581 qui
1201 1523 1281 1565 ista
1318 1521 1576 1580 cogitaverit
1601 1539 1610 1565 :
1632 1529 1779 1564 tamen

391 1605 538 1657 pastor
554 1595 628 1640 ille
646 1595 913 1654 compatiens
930 1594 1112 1637 infirmis
1133 1608 1273 1652 usque
1295 1592 1351 1637 ad
1372 1592 1477 1637 tales
1498 1591 1780 1650 cogitationes

393 1665 618 1711 descendit
634 1700 645 1720 ,
663 1673 707 1708 et
723 1680 824 1725 quae
845 1672 988 1708 essent
1008 1678 1108 1708 oves
1129 1665 1221 1722 ejus
1238 1697 1249 1718 ,
1271 1662 1536 1723 apertissime
1566 1660 1777 1720 exposuit.

396 1756 418 1780 «
451 1740 510 1781 Et
526 1751 601 1781 vos
617 1751 718 1781 oves
740 1750 871 1789 meae,
897 1744 940 1779 et
963 1749 1063 1779 oves
1081 1734 1217 1792 gregis
1233 1734 1349 1789 mei,
1373 1734 1572 1778 homines
1591 1732 1691 1776 estis
1705 1733 1737 1775 3.
1757 1749 1779 1773 »

397 1807 481 1852 Sed
500 1807 577 1866 qui
610 1806 841 1850 homines?
869 1819 1018 1850 omnes
1035 1805 1259 1849 homines?
1294 1806 1407 1849 Non.
1436 1822 1457 1845 «
1481 1805 1639 1847 Beatus
1665 1802 1781 1846 enim

397 1896 419 1919 ³)
453 1878 575 1936 cujus
590 1886 653 1920 est
667 1875 877 1920 Dominus
895 1878 1009 1919 Deus
1024 1890 1119 1934 spes
1134 1874 1270 1934 ejus4.
1294 1891 1314 1915 »
1337 1876 1409 1928 Et,
1435 1891 1455 1915 «
1472 1875 1616 1926 Quam
1640 1873 1781 1917 bonus

397 1966 418 1989 u
454 1951 568 1991 Deus
591 1946 723 1991 Israel
739 1946 865 1990 rectis
881 1945 1012 1990 corde
1028 1945 1066 1988 ⁵!
1088 1946 1245 1988 Beatus
1261 1944 1327 1988 vir
1344 1944 1470 2003 cujus
1487 1952 1550 1988 est
1570 1943 1781 1988 Dominus

398 2035 418 2058 »
454 2020 569 2062 Deus
589 2017 764 2076 ipsiusss.
795 2033 816 2057 »

455 2089 598 2132 XXX.
626 2089 764 2147 Super
796 2100 945 2131 omnes
971 2094 1034 2130 est
1053 2087 1197 2129 Deus:
1222 2093 1370 2129 tamen
1389 2084 1535 2129 nescio
1556 2084 1781 2144 quomodo

397 2175 486 2204 non
502 2158 628 2203 facile
643 2159 875 2219 quisquam
899 2156 1031 2201 audet
1052 2155 1216 2210 dicere,
1234 2159 1349 2200 Deus
1370 2171 1516 2211 meus,
1540 2156 1621 2200 nisi
1637 2155 1714 2216 qui
1734 2156 1781 2199 in

399 2245 499 2273 eum
520 2228 659 2274 credit
675 2263 686 2284 ,
711 2237 754 2273 et
774 2228 851 2288 qui
874 2242 976 2271 eum
997 2225 1139 2286 diligit
1164 2246 1173 2271 ι
1197 2226 1289 2285 ipse
1309 2225 1415 2270 dicit
1429 2261 1440 2281 ,
1466 2228 1582 2270 Deus
1612 2228 1776 2270 meus7.

399 2302 542 2343 Tuum
563 2299 645 2343 tibi
666 2297 805 2343 fecisti
830 2317 840 2343 ι
859 2298 981 2357 cujus
998 2312 1041 2341 es
1056 2331 1068 2352 ,
1092 2297 1176 2341 hoc
1213 2305 1328 2340 amat
1350 2296 1454 2355 ipse.
1481 2299 1660 2340 Prorsus
1681 2294 1783 2340 dul-

399 2369 551 2414 cedine
572 2371 752 2415 affectus
764 2372 846 2425 tui,
871 2377 915 2413 et
931 2383 1081 2413 secura
1099 2376 1142 2412 et
1163 2368 1408 2427 praefidenti
1430 2367 1663 2412 dilectione
1687 2367 1781 2421 dic,

398 2443 512 2484 Deus
529 2455 666 2484 meus.
690 2443 874 2485 Securus
895 2438 1023 2494 dicis,
1047 2454 1200 2483 verum
1217 2438 1324 2482 dicis
1351 2458 1360 2482 2
1385 2438 1487 2498 quia
1512 2447 1613 2482 tuus
1634 2446 1720 2492 est,
1739 2446 1784 2481 et

462 2541 471 2557 ¹
493 2534 608 2568 Ezech.
630 2546 737 2577 xxxiv,
758 2536 811 2568 30.
830 2552 871 2560 —
896 2542 909 2558 ²
935 2536 1006 2569 lsai.
1028 2547 1063 2577 v,
1081 2545 1113 2577 7.
1134 2551 1174 2558 —-
1195 2533 1208 2557 3
1233 2535 1350 2567 Ezech.
1370 2545 1480 2574 xxnv,
1509 2535 1562 2566 31.
1590 2551 1632 2557 —
1649 2534 1666 2564 4
1698 2534 1780 2567 psal.

397 2599 505 2631 xxxiii,
523 2589 554 2622 5.
576 2605 616 2613 -
630 2588 645 2612 5
658 2591 704 2622 Id.
727 2601 823 2632 Lxxu,
843 2602 872 2623 1.
892 2607 933 2614 -
952 2589 967 2614 6
987 2591 1034 2623 Id.
1059 2601 1151 2628 cuv,
1167 2589 1199 2623 5.
1220 2606 1261 2614 —
1280 2598 1293 2623 7
1314 2589 1427 2622 Florus
1449 2590 1489 2623 ad
1506 2592 1598 2622 Rom.
1621 2602 1651 2622 1.
