1898 3178
426 245 509 286 418
850 252 885 282 5.
921 251 1151 281 AUGUSTINJ
1184 253 1367 282 muscum

423 329 591 365 rentem
612 318 842 364 consilium
864 316 1150 377 adipiscendae
1166 317 1267 362 vitae
1286 325 1474 361 aeternae.
1486 318 1697 374 Magnum
1713 324 1804 360 erat

422 389 543 451 quod
564 388 759 443 amabat,
781 396 825 432 et
845 386 929 433 vile
949 396 1041 432 erat
1058 386 1179 446 quod
1201 396 1479 431 contemnere
1495 384 1687 430 nolebat.
1713 389 1805 430 Ita-

421 475 508 521 que
531 473 731 518 perverso
748 458 875 502 corde
897 456 1076 502 audiens
1093 472 1226 517 quem
1249 458 1339 516 jam
1361 457 1528 500 dixerat
1549 456 1805 514 Magistrum

420 529 586 574 bonum
603 563 614 583 ,
650 529 815 588 majore
855 542 1001 572 amore
1036 526 1235 582 vilitatis,
1275 527 1585 586 possessionem
1618 525 1807 585 perdidit

421 597 654 643 charitatis.
675 597 765 644 Nisi
785 598 919 643 vitam
940 605 1148 642 aeternam
1171 597 1378 656 consequi
1396 596 1551 652 vellet,
1577 595 1807 642 consilium

419 669 475 713 de
495 667 698 712 habenda
733 669 822 713 vita
855 678 1018 713 aeterna
1044 683 1134 713 non
1156 668 1409 727 requireret.
1435 666 1553 720 Quid
1580 682 1681 724 ergo
1715 675 1805 722 est,

419 736 574 782 fratres
591 773 602 793 ,
626 747 677 782 ut
698 739 831 783 verba
855 739 947 798 ejus
981 753 1113 798 quem
1144 736 1402 796 Magistrum
1436 737 1604 781 bonum
1632 737 1722 795 ipse
1742 735 1811 779 di-

418 817 538 852 xerat
551 843 562 864 ,
587 807 642 852 de
659 807 780 852 fideli
800 809 997 853 doctrina
1016 808 1098 852 sibi
1115 807 1373 866 deprompta
1391 807 1638 866 respueret?
1658 806 1810 864 Magis-

418 885 484 922 ter
504 877 576 921 ille
611 878 753 923 bonus
783 887 846 923 est
872 887 1106 937 antequam
1128 876 1309 932 doceat,
1349 892 1448 921 cum
1486 875 1684 920 docuerit
1717 891 1811 920 ma-

422 948 523 993 lus?
544 951 795 1009 Antequam
829 943 1029 1003 doceret,
1063 947 1206 991 dictus
1231 957 1295 992 est
1331 948 1487 992 bonus.
1513 950 1611 992 Non
1645 945 1811 992 audivit

420 1018 541 1080 quod
561 1019 702 1064 voluit
717 1055 727 1075 ,
752 1022 829 1065 sed
856 1019 1022 1065 audivit
1043 1019 1165 1078 quod
1187 1018 1339 1063 debuit
1366 1038 1374 1063 t
1401 1017 1648 1062 desiderans
1679 1033 1811 1063 vene-

420 1099 502 1145 rat,
526 1089 602 1133 sed
622 1090 754 1135 tristis
769 1090 988 1135 abscessit.
1015 1088 1129 1143 Quid
1146 1088 1180 1132 si
1202 1089 1240 1133 ei
1262 1089 1479 1133 diceretur
1499 1108 1508 1133 :
1533 1087 1671 1133 Perde
1692 1087 1813 1148 quod

420 1160 583 1204 habes?
619 1161 798 1219 quando
821 1161 953 1204 tristis
990 1159 1216 1215 abscessit,
1248 1160 1350 1219 quia
1384 1159 1549 1204 dictum
1579 1168 1667 1214 est,
1697 1161 1814 1203 Bene

420 1244 541 1274 serva
561 1230 683 1289 quod
704 1229 860 1285 habes,
889 1248 910 1271 «
930 1228 1074 1284 Vade,
1099 1229 1268 1288 inquit,
1288 1229 1430 1274 vende
1448 1229 1594 1274 omnia
1614 1245 1714 1289 quae
1735 1229 1815 1272 ha-

423 1317 444 1341 »
479 1300 556 1344 bes
571 1335 582 1355 ,
608 1299 720 1344 etda
743 1299 1008 1360 pauperibus
1028 1301 1059 1342 1.
1084 1317 1104 1340 »
1124 1302 1255 1343 Forte
1272 1300 1396 1343 times
1418 1315 1473 1343 ne
1490 1299 1645 1358 perdas
1663 1301 1682 1344 Ξ)
1703 1298 1814 1343 Vide
1884 1331 1888 1339 ,

422 1370 531 1429 quid
547 1370 744 1429 sequitur
763 1389 771 1415 :
793 1390 814 1412 «
839 1373 896 1414 Et
915 1369 1096 1413 habebis
1120 1370 1372 1413 thesaurum
1393 1370 1437 1412 in
1452 1370 1581 1414 coelo.
1608 1388 1629 1410 »
1655 1371 1815 1415 Custo-
1877 1401 1882 1411 -,

421 1438 522 1483 dem
543 1439 623 1483 tibi
641 1440 945 1484 thesaurorum
963 1447 1140 1482 tuorum
1154 1437 1266 1482 forte
1283 1438 1504 1483 servulum
1523 1439 1714 1499 aliquem
1731 1455 1812 1499 po-

422 1508 575 1552 suisses
600 1527 609 1553 2
636 1517 780 1553 custos
800 1509 891 1552 auri
915 1508 976 1552 tui
989 1508 1070 1552 erit
1087 1511 1199 1553 Deus
1220 1517 1336 1552 tuus.
1363 1509 1448 1562 Qui
1470 1508 1591 1553 dedit
1613 1510 1657 1553 in
1680 1518 1810 1565 terra,

423 1579 513 1637 ipse
536 1588 677 1623 servat
707 1579 753 1622 in
779 1578 909 1622 coelo.
937 1577 1145 1621 Fortassis
1165 1593 1256 1622 non
1284 1578 1524 1624 dubitasset
1545 1578 1618 1623 ille
1640 1580 1835 1625 Christo·
1869 1596 1898 1632 ’Ν

424 1647 731 1693 commendare
753 1648 873 1707 quod
892 1647 1101 1701 habebat,
1122 1657 1165 1692 et
1187 1648 1287 1692 ideo
1309 1649 1588 1694 contristatus
1611 1659 1690 1705 est,
1711 1651 1813 1710 quia

424 1717 593 1763 dictum
615 1727 680 1763 est
701 1719 739 1761 ei
767 1737 775 1763 :
805 1737 825 1759 «
849 1722 912 1763 Da
935 1718 1199 1777 pauperibus
1218 1737 1227 1762 ε
1251 1736 1271 1760 »
1293 1728 1503 1779 tanquam
1526 1720 1572 1764 in
1589 1720 1719 1766 corde
1735 1735 1813 1766 suo
1871 1761 1873 1764 .
1892 1775 1898 1783 ι

425 1788 572 1833 dicens
599 1808 609 1834 z
640 1789 682 1834 Si
703 1788 892 1844 diceres,
917 1791 981 1832 Da
1018 1789 1125 1832 mihi
1143 1823 1154 1843 ,
1177 1804 1258 1847 ego
1280 1790 1360 1833 tibi
1378 1790 1423 1833 in
1456 1790 1570 1835 coelo
1597 1791 1809 1850 servab03

424 1874 515 1903 non
537 1857 783 1903 dubitarem
806 1859 909 1902 dare
931 1858 1118 1902 Domino
1135 1872 1232 1902 meo
1250 1893 1261 1914 ,
1285 1860 1491 1918 magistro
1514 1861 1633 1906 bono
1660 1880 1669 1906 ;
1694 1875 1811 1906 nune

427 1939 573 1974 autem
594 1929 741 1974 dixisti
762 1948 771 1974 z
803 1948 823 1971 «
849 1932 911 1973 Da
930 1929 1213 1988 pauperibus.
1241 1948 1262 1971 »

485 2003 567 2044 III.
587 2002 727 2046 Nemo
747 2000 900 2044 timeat
916 2014 1094 2057 erogare
1113 1999 1394 2058 pauperibus,
1416 2015 1546 2045 nemo
1564 2010 1689 2061 putet
1711 2015 1810 2046 eum
1838 2038 1839 2042 ,
1890 2025 1895 2067 i

428 2072 620 2130 accipere
641 2072 764 2131 cujus
786 2085 965 2114 manum
987 2068 1120 2114 videt.
1150 2068 1230 2112 Ille
1252 2070 1408 2129 accipit
1429 2071 1504 2130 qui
1522 2072 1648 2131 jussit
1668 2081 1719 2116 ut
1735 2071 1811 2116 da-

428 2157 510 2187 res.
546 2144 698 2201 Neque
718 2141 802 2185 hoc
824 2155 875 2184 ex
897 2148 1044 2184 nostro
1077 2137 1208 2184 corde
1236 2149 1311 2184 ant
1343 2140 1534 2185 humana
1563 2136 1810 2203 conjectura
1846 2136 1847 2140 ¹

429 2211 611 2256 dicimus
633 2231 641 2257 :
665 2212 808 2270 ipsum
831 2209 933 2254 audi
954 2219 998 2254 et
1019 2218 1062 2253 te
1083 2219 1350 2265 monentem,
1372 2220 1415 2255 et
1435 2211 1516 2255 tibi
1538 2212 1809 2256 securitatem
1833 2229 1845 2251 ⁴.

428 2280 928 2336 scribentem.«Esurivi,
947 2280 1104 2340 inquit,
1127 2289 1170 2324 et
1190 2279 1365 2325 dedistis
1385 2281 1490 2325 mihi
1503 2283 1806 2326 manducare.»

432 2356 488 2397 Et
502 2368 602 2397 cum
621 2351 880 2397 enumeratis
895 2350 1046 2396 officiis
1060 2366 1212 2395 eorum
1229 2352 1549 2410 respondissent
1567 2371 1575 2396 ε
1592 2370 1612 2394 «
1629 2351 1808 2405 Quand6

434 2441 454 2463 »
493 2433 531 2467 te
551 2423 738 2469 vidimus
760 2422 1046 2467 esurientem?
1072 2439 1092 2462 »
1122 2421 1200 2465 Ille
1221 2422 1443 2480 respondit
1461 2441 1471 2466 2
1493 2440 1513 2463 «
1533 2424 1646 2467 Cum
1667 2423 1745 2466 uni
1760 2433 1807 2467 ex

435 2510 456 2534 »
490 2494 678 2538 minimis
715 2493 822 2538 meis
842 2490 1026 2547 fecistiS,
1051 2492 1157 2535 mihi
1190 2492 1387 2538 fecistis2.
1416 2510 1436 2535 »
1464 2492 1684 2539 Mendicat
1699 2507 1806 2552 pau·
1860 2538 1863 2555 ‚

481 2580 491 2598 1
508 2575 711 2617 Matth.x1x,
730 2584 785 2610 21.
811 2591 853 2600 -
872 2582 885 2600 ²
905 2575 954 2609 Id.
973 2585 1049 2617 xxv,
1068 2574 1124 2617 35,
1146 2575 1199 2608 36.
