1898 3178
271 215 408 242 emmo
441 212 611 250 Lxxxu,
645 212 700 239 DE
734 209 880 240 vERms
911 207 1076 239 MATTH.
1111 210 1234 238 xvm.
1361 199 1443 238 393

65 280 268 333 rectioni,
293 293 472 339 parcens
497 277 669 337 pudori.
695 280 824 322 Forte
845 278 960 321 enim
982 292 1071 336 prae
1094 275 1354 321 verecundia
1375 276 1445 320 in-

63 349 168 408 cipit
188 348 423 393 defendere
442 356 670 407 peccatum
691 362 818 391 suum
836 382 846 402 ,
878 356 921 391 et
953 361 1084 407 quem
1108 346 1171 391 vis
1194 344 1336 390 facere
1368 361 1445 390 co-

62 420 314 474 rectiorem,
335 418 438 463 facis
459 419 666 478 pejorem.
696 436 716 460 «
740 418 918 477 Corripe
943 432 1046 477 ergo
1071 432 1172 461 eum
1202 417 1314 461 inter
1337 425 1380 460 te
1403 425 1445 461 et

64 507 85 531 »
110 490 251 549 ipsum
264 489 420 534 solum.
441 490 484 534 Si
498 497 541 533 te
556 487 754 543 audierit,
773 488 964 533 lucratus
981 503 1024 532 es
1040 487 1219 532 fratrem
1231 488 1380 531 tuum¹
1397 505 1441 532 :»

60 560 163 620 quia
193 560 401 619 perierat,
439 559 521 603 nisi
548 559 726 603 faceres.
758 577 777 600 «
809 559 851 604 Si
872 567 1017 603 autem
1040 573 1129 603 non
1159 568 1202 603 te
1231 557 1442 612 audierit,

62 648 82 672 »
108 630 155 675 id
172 639 258 686 est,
282 638 512 689 peccatum
530 644 657 674 suum
686 629 810 689 quasi
835 629 1048 689 justitiam
1069 627 1339 684 defenderit,
1366 627 1446 672 ad-

61 719 82 743 »
107 701 211 745 hibe
232 711 377 746 tecum
395 701 505 746 duos
520 700 590 745 vel
608 709 719 758 tres,
738 701 840 760 quia
859 700 901 743 in
924 715 997 744 ore
1016 698 1206 744 duorum
1221 699 1292 743 vel
1314 700 1446 743 trium

60 789 82 813 η
108 772 283 816 testium
301 780 383 816 stat
405 786 534 816 omne
551 771 749 816 verbum.
787 771 830 815 Si
851 784 933 815 nec
956 771 1068 830 ipsos
1091 769 1301 825 audierit,
1334 768 1447 813 refer

62 859 82 882 »
108 840 164 886 ad
184 841 420 886 Ecclesiam
444 860 451 886 :
482 841 514 884 si
541 856 622 886 nec
650 840 886 886 Ecclesiam
909 839 1094 885 audierit
1110 875 1121 897 ,
1151 840 1206 884 sit
1231 840 1309 884 tibi
1338 840 1447 883 sicut

0 935 1 969 i
59 929 82 953 »
106 911 320 956 Ethnicus
346 920 389 956 et
410 910 715 970 publicanus2.
740 930 760 953 »
786 911 885 958 Noli
907 910 1033 955 illum
1063 911 1274 970 deputare
1293 911 1382 970 jam
1402 910 1447 953 in

57 996 241 1026 numero
258 980 445 1026 fratrum
463 990 654 1026 tuorum.
679 984 767 1027 Nec
785 981 883 1026 ideo
899 991 1047 1026 tamen
1064 980 1178 1026 salus
1201 982 1292 1040 ejus
1314 979 1448 1037 negli-

59 1051 200 1111 genda
230 1061 308 1097 est.
347 1054 455 1097 Nam
481 1061 524 1096 et
553 1053 666 1111 ipsos
688 1052 924 1107 Ethnicos,
954 1052 1000 1096 id
1030 1061 1120 1106 est,
1152 1050 1344 1095 Gentiles
1364 1084 1374 1104 ,
1404 1057 1447 1093 et

57 1124 253 1180 Paganos
270 1122 315 1166 in
332 1137 516 1167 numero
534 1123 714 1182 quidem
736 1122 919 1166 fratrum
944 1137 1034 1166 non
1059 1120 1346 1178 deputamus3
1371 1118 1446 1162 sed

55 1199 202 1235 tamen
224 1207 375 1237 eorum
397 1193 582 1238 salutem
605 1208 776 1249 semper
796 1189 1073 1249 inquirimus.
1094 1192 1188 1234 Hoc
1205 1204 1309 1248 ergo
1331 1188 1447 1233 audi-

54 1261 196 1304 vimus
213 1263 450 1305 Dominum
469 1264 528 1304 ita
551 1269 803 1304 monentem
817 1295 827 1315 ,
853 1269 896 1304 et
917 1269 1038 1305 tanta
1061 1276 1164 1305 cura
1186 1261 1446 1320 praecipien-

0 1370 3 1373 .
56 1339 163 1386 tem,
187 1339 236 1374 ut
259 1331 388 1374 etiam
411 1331 495 1374 hoc
517 1329 698 1374 adderet
720 1330 930 1374 continuo
950 1345 958 1371 :
980 1349 999 1371 «
1017 1333 1158 1374 Amen
1178 1330 1276 1374 dico
1297 1330 1442 1385 vobis,

59 1419 80 1443 »
105 1416 396 1462 quaecumque
416 1400 647 1459 ligaveritis
664 1416 798 1460 >super
819 1410 978 1445 terram
992 1435 1003 1455 ,
1034 1399 1165 1459 ligata
1188 1409 1317 1445 erunt
1337 1410 1379 1444 et
1400 1401 1445 1444 in

58 1491 78 1514 »
104 1472 217 1518 coelo
233 1494 244 1531 3
264 1482 307 1517 et
323 1487 616 1532 quaecumque
633 1471 846 1516 solveritis
864 1472 910 1516 in
928 1481 1042 1516 terra
1060 1506 1071 1527 ,
1094 1471 1236 1517 soluta
1257 1481 1386 1516 erunt
1402 1481 1445 1515 et

56 1560 77 1583 »
103 1543 149 1586 in
164 1542 279 1587 coelo
293 1544 355 1587 3.»
369 1542 552 1601 Coepisti
569 1541 730 1585 habere
742 1540 923 1586 fratrem
938 1551 1065 1586 tuum
1079 1551 1288 1602 tanquam
1303 1541 1447 1601 publi-

53 1628 242 1668 canum,
277 1611 382 1672 ligas
403 1611 529 1657 illum
552 1613 598 1656 in
621 1621 734 1656 terra
761 1631 770 1657 z
799 1612 874 1656 sed
902 1621 952 1656 ut
973 1613 1090 1672 juste
1122 1612 1295 1671 alliges,
1325 1611 1439 1657 vide.

53 1685 163 1729 Nam
185 1683 346 1742 injusta
368 1676 795 1742 vincula'disrumpit
819 1682 1002 1742 justitia.
1033 1683 1147 1727 Cum
1176 1691 1321 1726 autem
1343 1697 1443 1726 cor-

54 1752 237 1807 rexeris,
264 1761 308 1795 et
337 1751 667 1796 concordaveris
701 1766 802 1795 cum
830 1750 964 1796 fratre
994 1751 1096 1806 tuo,
1128 1751 1290 1796 solvisti
1318 1751 1441 1795 illum

55 1823 102 1866 in
126 1831 254 1867 terra.
288 1823 401 1868 Cum
421 1821 604 1877 ⁴solveris
628 1823 673 1865 in
696 1830 831 1876 terra,
861 1821 1027 1866 solutus
1055 1822 1136 1866 erit
1163 1831 1206 1866 et
1237 1822 1281 1866 in
1309 1823 1436 1867 coelo.

50 1892 244 1937 Multum
265 1901 465 1951 praestas,
491 1907 580 1937 non
600 1891 702 1948 tibi,
730 1891 805 1936 sed
826 1891 887 1936 illi
909 1910 918 1938 ε
944 1892 1045 1951 quia
1062 1891 1253 1936 multum
1269 1893 1438 1948 nocuit,

51 1977 141 2007 non
162 1962 244 2006 tibi
258 1997 269 2017 ,
296 1963 371 2006 sed
393 1962 490 2006 sibi.

110 2033 233 2076 VIII.
261 2032 365 2075 Haec
389 2046 490 2075 cum
518 2031 577 2075 ita
612 2032 718 2087 sint,
750 2032 859 2092 quid
887 2041 950 2076 est
976 2032 1097 2092 quod
1126 2033 1184 2076 ait
1209 2032 1435 2089 Salomon,

0 2133 1 2139 η
51 2102 172 2162 quod
199 2102 331 2146 hodie
358 2117 409 2145 ex
439 2101 520 2146 alia
549 2101 736 2147 lectione
762 2103 960 2163 primitus
993 2104 1239 2148 audivimus
1263 2123 1272 2148 :
1302 2123 1322 2146 «
1347 2107 1439 2148 An-

26 2204 33 2208 .
54 2191 76 2215 n
101 2187 240 2217 nuens
262 2171 398 2217 oculis
415 2187 514 2216 cum
530 2171 649 2228 dolo,
677 2173 873 2232 congerit
887 2174 1138 2218 hominibus
1158 2174 1406 2218 moestitiam
1427 2194 1435 2219 :

0 2267 1 2270 =
55 2259 75 2284 »
101 2243 177 2302 qui
200 2251 347 2286 autem
370 2243 511 2300 arguit
533 2242 698 2301 palam,
718 2258 869 2303 pacem
887 2242 1041 2287 facit4?
1065 2261 1085 2285 »
1109 2244 1150 2289 Si
1168 2258 1269 2302 ergo
1284 2279 1295 2299 ,
1320 2245 1438 2297 «Qui

54 2330 74 2354 »
101 2312 243 2371 arguit
259 2311 425 2371 palam,
444 2327 594 2371 pacem
610 2312 740 2370 facit,
762 2332 781 2355 »
802 2314 1048 2374 quomodo,
1075 2332 1094 2355 «
1117 2315 1297 2373 Corripe
1311 2313 1436 2358 illum

54 2399 75 2424 »
100 2382 213 2426 inter
229 2391 272 2427 te
286 2391 330 2427 et
342 2383 484 2441 ipsum
508 2381 674 2427 solum?
699 2401 718 2424 n
741 2384 1028 2428 Metuendum
1046 2392 1132 2437 est,
1154 2398 1209 2428 ne
1231 2383 1313 2428 sibi
1330 2399 1437 2428 con-

115 2482 125 2500 ¹
149 2477 269 2511 Matth.
295 2488 404 2519 xvm,
435 2477 485 2510 16.
512 2494 552 2500 —
583 2483 595 2500 ²
620 2476 702 2512 lbid.
724 2489 774 2519 17.
798 2495 838 2501 —
863 2476 875 2500 3
895 2477 976 2510 Ibid.
1002 2477 1050 2511 18.
1086 2494 1128 2502 ·—
1149 2478 1164 2509 4
1186 2480 1278 2512 Prov.
1312 2489 1344 2520 x,
1382 2490 1434 2519 10,

49 2533 143 2573 juxta
161 2543 232 2567 Lxx.
