1898 3178
413 244 553 273 SERMO
584 244 681 272 Lxxx
701 261 712 283 ‚
747 246 801 271 DE
833 246 978 273 vssnssis
1010 246 1173 273 MATTu.
1211 248 1288 273 x11.
1445 237 1526 273 317

145 320 189 356 ct
205 310 433 371 expellitur
451 325 654 368 regnum,
673 309 771 353 ideo
793 311 972 355 societas
995 311 1174 356 unitatis
1193 310 1396 355 Ecclesiae
1420 312 1493 356 Dei
1515 347 1525 367 ,

145 392 263 427 extra
302 396 433 441 quam
464 396 554 425 non
583 382 632 424 fit
654 381 744 440 ipsa
770 382 961 427 remissio
989 393 1265 442 peccatorum
1283 418 1293 438 ,
1319 392 1526 443 tanquam

143 452 366 512 proprium
379 461 443 496 est
460 467 568 511 opus
587 451 772 511 Spiritus
794 453 945 507 sancti,
970 456 1095 497 Patre
1117 470 1219 498 sane
1236 462 1279 497 et
1301 453 1412 498 Filio
1425 469 1527 498 coo-

143 523 397 581 perantibus
411 557 421 577 ,
445 522 545 582 quia
564 521 742 566 societas
764 531 827 565 est
849 522 1040 581 quodam
1058 525 1190 568 modo
1213 524 1350 569 Patris
1368 533 1410 568 et
1429 523 1528 567 Filii

140 593 231 652 ipse
253 593 435 653 Spiritus
452 602 639 637 sanctus.
655 595 764 637 Nam
789 596 916 637 Pater
930 609 1017 638 non
1031 596 1318 639 communiter
1341 595 1528 639 habetur

142 666 268 708 Pater
290 679 313 707 a
330 662 440 707 Filio
457 672 501 707 et
519 663 682 722 Spiritu
696 671 847 707 sancto
879 682 888 707 z
914 664 1014 723 quia
1036 680 1126 709 non
1148 674 1210 709 est
1229 669 1356 710 Pater
1373 665 1527 710 ambo-

141 748 254 777 rum.
276 736 332 777 Et
348 732 483 777 Filius
506 749 593 778 non
609 733 898 778 communiter
919 734 1109 779 habetur
1126 734 1260 780 Filius
1288 753 1310 780 a
1335 740 1460 780 Patre
1485 745 1528 780 et

142 803 306 863 Spiritu
334 813 484 848 sancto
510 823 518 848 :
545 803 646 862 quia
668 819 756 847 non
786 813 850 847 est
882 803 1017 849 Filius
1052 805 1296 850 amborum.
1347 807 1528 866 Spiritus

141 883 286 918 autem
304 883 478 918 sanctus
496 874 786 918 communiter
807 874 995 918 habetur
1016 890 1040 918 a
1062 878 1188 919 Patre
1211 885 1253 919 et
1271 876 1404 920 Filio:
1426 876 1527 936 quia

141 945 323 1005 Spiritus
344 954 410 989 est
431 960 544 988 unus
567 944 813 989 amborum.

197 1018 403 1060 XXXIV.
426 1016 629 1076 Quisquis
652 1016 784 1074 igitur
807 1031 905 1059 reus
928 1014 1061 1060 fuerit
1077 1016 1409 1075 impoenitentiae
1427 1033 1528 1062 con·

139 1095 203 1130 tra
224 1087 448 1146 Spiritum,
474 1087 520 1130 in
543 1102 632 1146 quo
650 1086 794 1130 unitas
815 1096 858 1130 et
879 1086 1058 1131 societas
1081 1088 1398 1132 communionis
1420 1104 1527 1132 con-

139 1166 340 1215 gregatur
374 1156 607 1211 Ecclesiae,
646 1172 874 1216 nunquam
908 1156 970 1200 illi
1005 1157 1252 1201 remittetur
1277 1176 1286 1202 ε
1315 1158 1415 1218 quia
1444 1159 1526 1203 hoc

139 1228 221 1271 sibi
244 1227 426 1282 clausit,
453 1227 527 1271 ubi
562 1227 798 1271 remittitur
822 1247 830 1271 ε
864 1236 906 1270 et
927 1228 1083 1272 merito
1119 1228 1399 1273 damnabitur
1426 1245 1525 1273 cum

139 1298 294 1358 spiritu
316 1299 390 1359 qui
423 1299 467 1342 in
495 1314 538 1342 se
563 1299 707 1357 ipsum
731 1299 894 1342 divisus
915 1308 1000 1353 est,
1024 1300 1184 1344 divisus
1207 1309 1248 1343 et
1270 1301 1358 1359 ipse
1378 1310 1526 1345 contra

141 1370 351 1428 Spiritum
374 1378 569 1413 sanctum
595 1370 670 1428 qui
692 1369 737 1412 in
759 1385 803 1413 se
825 1370 967 1429 ipsum
985 1369 1144 1414 divisus
1161 1386 1250 1415 non
1268 1380 1345 1414 est.
1374 1374 1466 1415 Hoc
1484 1381 1526 1415 et

138 1440 229 1499 ipsa
250 1439 496 1499 evangelica
514 1440 758 1484 testimonia
777 1455 854 1485 nos
873 1441 1109 1485 admonent
1128 1477 1138 1496 ‚
1159 1442 1192 1485 si
1211 1457 1259 1485 ea
1282 1451 1526 1501 perscrute-

139 1526 238 1554 mur
256 1511 477 1555 attentius.
492 1513 601 1556 Nam
624 1511 861 1555 secundum
878 1514 1038 1555 Lucam
1057 1512 1236 1571 quidem
1251 1528 1340 1557 non
1362 1513 1424 1556 ibi
1441 1514 1524 1558 hoc

139 1581 246 1625 dicit
266 1582 499 1635 Dominus,
524 1580 600 1624 ubi
638 1581 871 1640 respondet
908 1582 966 1625 eis
989 1582 1064 1640 qui
1100 1582 1304 1626 dixerunt
1325 1583 1446 1642 quod
1479 1585 1524 1627 in

139 1652 335 1712 principe
358 1652 678 1696 daemoniorum
702 1653 818 1711 ejicit
839 1651 1081 1706 daemones,
1097 1668 1186 1696 non
1207 1654 1245 1696 ei
1267 1655 1426 1697 remitti
1448 1655 1524 1714 qui

141 1723 503 1782 blasphemaverit
527 1723 569 1766 in
597 1723 802 1782 Spiritum
821 1733 1035 1767 sanctum.
1062 1723 1187 1767 Unde
1209 1734 1409 1784 apparet,
1435 1741 1524 1770 non

140 1792 273 1838 semel
296 1794 379 1838 hoc
408 1809 430 1836 a
454 1792 640 1837 Domino
662 1791 827 1836 dictum
850 1812 858 1837 :
879 1792 952 1837 sed
975 1793 1036 1836 ibi
1065 1809 1242 1854 quoque
1264 1810 1353 1839 non
1386 1796 1523 1853 negli-

142 1872 292 1922 genter
324 1861 677 1922 praetereundum
703 1879 791 1923 quo
818 1862 915 1907 loco
943 1862 1108 1907 dictum
1147 1864 1214 1909 sit.
1241 1866 1524 1924 Loquebatur

141 1934 256 1978 enim
278 1935 333 1978 de
355 1935 421 1978 his
437 1969 447 1989 ,
474 1935 549 1994 qui
580 1949 678 1978 eum
702 1934 886 1979 confessi
915 1943 1081 1988 essent,
1108 1934 1176 1979 vel
1200 1946 1426 1993 negassent
1445 1953 1522 1982 00-

141 2020 234 2050 ram
267 2005 544 2061 hominibus,
570 2005 649 2049 ubi
671 2006 730 2050 ait
754 2025 762 2050 ε
795 2024 814 2047 «
839 2006 944 2050 Dico
966 2015 1110 2049 autem
1142 2005 1265 2050 vobis
1284 2041 1295 2062 ,
1320 2008 1522 2066 quicum-

146 2095 166 2117 »
202 2091 287 2135 que
315 2075 535 2120 confessus
560 2076 691 2120 fuerit
726 2092 796 2120 me
829 2092 973 2121 coram
1007 2076 1280 2131 hominibus,
1318 2087 1361 2122 et
1390 2079 1526 2123 Filius

147 2165 168 2188 »
202 2147 389 2191 hominis
411 2147 694 2191 confitebitur
711 2148 756 2191 in
778 2147 855 2192 illo
875 2163 1017 2192 coram
1037 2148 1210 2206 Angelis
1228 2149 1318 2192 Dei.
1345 2149 1431 2202 Qui
1451 2166 1528 2194 au-

148 2236 169 2259 »
203 2227 291 2262 tem
309 2218 529 2276 negaverit
545 2233 615 2262 me
630 2234 774 2263 coram
791 2219 1058 2273 hominibus,
1075 2219 1363 2278 denegabitur
1382 2236 1528 2265 coram

149 2307 168 2330 »
205 2288 380 2347 Angelis
400 2288 476 2332 Dei
494 2290 523 2333 ¹.
548 2306 567 2329 n
596 2293 652 2334 Et
673 2305 728 2333 ne
750 2305 801 2332 ex
824 2291 907 2334 hoc
931 2289 1113 2348 apostoli
1142 2291 1256 2333 Petri
1279 2289 1528 2349 desperare-

148 2368 218 2402 tur
239 2358 375 2413 salus,
401 2359 477 2418 qui
504 2373 604 2402 eum
627 2375 769 2403 coram
794 2359 1044 2404 hominibus
1069 2369 1133 2402 ter
1154 2361 1352 2418 negavit,
1385 2363 1528 2405 conti-

149 2445 237 2473 nuo
262 2430 443 2488 subjecit
469 2448 477 2473 ε
507 2449 526 2470 «
552 2432 609 2474 Et
627 2431 765 2474 omnis
784 2431 857 2491 qui
872 2430 977 2474 dicit
998 2431 1180 2474 verbum
1197 2431 1246 2474 in'
1264 2430 1422 2475 Filium
1444 2433 1528 2477 ho-

153 2519 173 2542 »
207 2501 356 2555 minis,
381 2501 624 2546 remittetur
646 2501 706 2546 illi
728 2522 739 2559 3
769 2503 808 2546 ei
831 2511 975 2547 autem
999 2502 1075 2562 qui
1106 2502 1152 2545 in
1175 2502 1381 2562 Spiritum
1400 2519 1528 2549 sanc--

198 2593 208 2608 ¹
230 2588 307 2620 Luc.
328 2597 382 2628 xn,
397 2586 431 2627 S,
450 2598 482 2629 9.
