1898 3178
361 241 443 278 380
797 249 830 278 s.
867 248 1097 279 Ausus‘nm
1131 252 1311 280 EPISCOPI

358 317 613 377 impleamus
634 318 767 361 illam.
805 317 920 370 Quid
946 318 1060 363 enim
1086 319 1289 378 prodest,
1314 320 1416 379 quia
1435 320 1681 379 plantamus
1698 331 1741 366 et

357 390 546 448 rigamus
564 425 574 441 ‚
599 390 679 432 nisi
708 392 819 432 Deus
855 390 1173 434 incrementum
1208 391 1411 435 dederit?
1442 394 1633 452 «Neque
1665 393 1741 453 qui

361 478 379 500 »
414 460 581 519 plantat
599 458 857 519 estaliquid,
878 475 1022 520 neque
1046 462 1122 520 qui
1145 462 1280 520 rigat3
1305 462 1379 506 sed
1397 462 1473 522 qui
1496 463 1742 507 incremen-

358 548 378 570 »
415 539 509 574 tum
531 529 606 573 dat
627 532 781 575 Deus¹.
806 549 826 572 »
855 531 968 576 Audi
985 532 1060 593 qui
1083 533 1143 576 vis
1162 532 1278 576 mitis
1305 547 1393 576 esse
1413 568 1424 587 ,
1452 533 1528 593 qui
1545 533 1607 577 vis
1624 533 1742 578 miti-

355 601 443 658 gari
464 615 488 644 a
517 599 671 646 diebus
699 601 897 661 malignis
915 637 925 657 ,
951 602 1027 663 qui
1049 602 1189 661 diligis
1217 602 1357 661 legem
1382 603 1485 660 Dei3
1509 612 1560 647 ut
1575 619 1665 648 non
1686 605 1740 648 sit

354 670 399 714 in
421 679 463 714 te
486 670 739 716 scandalum
758 707 768 727 ‚
794 681 837 716 et
859 673 912 716 sit
930 672 1009 716 tibi
1037 689 1120 732 pax
1145 672 1284 716 multa
1301 708 1312 726 ,
1343 682 1393 716 ut
1415 672 1632 732 possideas
1654 683 1741 717 ter-

354 756 444 784 ram
463 776 474 796 ‚
495 751 539 785 et
560 741 784 786 delecteris
807 743 851 786 in
871 742 1152 787 multitudine
1170 743 1286 802 pacis
1314 762 1322 787 :
1349 742 1450 786 audi
1474 743 1550 803 qui
1571 743 1634 788 vis
1655 744 1740 787 mi-

355 813 405 856 tis
423 828 527 857 esse.
555 813 776 874 Quidquid
798 813 897 859 boni
912 813 1032 869 facis,
1053 830 1141 858 non
1163 813 1241 857 tibi
1263 813 1478 873 placeas«
1489 818 1603 858 Deus
1625 815 1740 859 enim

356 901 376 924 »
411 884 607 942 superbis
630 884 801 939 resistit,
823 884 1064 929 humilibus
1087 894 1233 928 autem
1257 884 1331 929 dat
1353 885 1535 944 gratiam
1547 888 1609 929 2.»
1625 888 1740 944 Ergo

353 954 569 1014 quidquid
596 955 698 999 boni
720 954 839 1010 facis,
856 970 945 1000 non
967 955 1048 999 tibi
1070 955 1240 1014 placeat
1261 956 1341 999 nisi
1360 959 1475 1000 Deus
1493 975 1502 1000 ε
1523 955 1741 1016 quidquid

353 1024 457 1068 mali
479 1026 636 1084 pateris
655 1061 666 1081 ‚
691 1041 781 1070 non
810 1026 890 1070 tibi
920 1025 1145 1085 displiceat
1168 1030 1298 1070 Deus.
1331 1026 1446 1079 Quid
1467 1025 1625 1086 plura?
1648 1029 1741 1071 Hoc

353 1095 419 1139 fac
438 1131 448 1150 ‚
473 1105 516 1140 et
536 1097 668 1140 vives.
701 1100 797 1142 Non
832 1107 874 1141 te
898 1098 1197 1142 absorbebunt
1233 1097 1324 1142 dies
1352 1097 1556 1156 maligni3
1587 1099 1740 1142 evades

352 1165 472 1224 quod
490 1166 657 1210 dictum
678 1176 741 1211 est
763 1186 772 1212 ε
797 1186 817 1209 «
841 1170 919 1211 Vae
937 1169 1104 1212 mundo
1122 1169 1177 1213 ab
1200 1167 1426 1212 scandalis.
1442 1187 1462 1208 »
1478 1169 1560 1212 Cui
1574 1167 1740 1212 mundo

354 1237 468 1279 enim
495 1257 514 1279 «
543 1239 620 1281 Vae
642 1238 697 1282 ab
719 1239 957 1295 scandalis,
982 1258 1001 1280 »
1029 1240 1110 1283 nisi
1141 1238 1195 1283 de
1219 1254 1307 1299 quo
1327 1237 1494 1283 dictum
1515 1247 1578 1282 est
1599 1258 1608 1284 2
1640 1257 1660 1280 «
1685 1240 1741 1282 Et

356 1325 375 1348 »
412 1308 603 1352 mundus
622 1324 722 1353 eum
744 1326 833 1354 non
850 1311 1056 1369 cognovit
1073 1311 1086 1336 3
1103 1311 1151 1352 Ῡ»
1168 1313 1265 1355 Non
1287 1309 1349 1353 illi
1367 1309 1550 1363 mundo⁷
1575 1308 1630 1352 de
1652 1324 1741 1368 quo

354 1376 520 1421 dictum
543 1389 608 1423 est
629 1399 638 1424 :
668 1399 688 1422 «
714 1383 826 1424 Deus
845 1390 936 1424 erat
956 1382 1001 1424 in
1023 1381 1196 1426 Christo
1219 1379 1436 1423 mundum
1459 1379 1742 1422 reconcilians

356 1465 375 1487 n
412 1447 493 1490 sibi
509 1449 570 1491 4.»
587 1449 779 1493 Mundus
802 1450 956 1504 malus,
977 1449 1169 1493 mundus
1186 1449 1353 1507 bonus3
1372 1448 1564 1492 mundus
1583 1449 1737 1504 malus,

354 1532 503 1563 omnes
516 1520 562 1563 in
578 1520 746 1564 mundo
757 1521 882 1578 mali3
899 1531 942 1565 et
962 1520 1152 1565 mundus
1167 1520 1325 1575 bonus,
1342 1536 1492 1565 omnes
1511 1520 1556 1564 in
1574 1520 1741 1565 mundo

355 1588 474 1632 boni.
498 1589 619 1633 Sicut
636 1590 901 1634 attendimus
919 1591 1180 1651 plerumque
1197 1606 1365 1650 agrum.
1379 1591 1538 1635 Plenus
1556 1601 1620 1635 est
1641 1606 1742 1650 ager

354 1659 432 1702 iste
450 1678 458 1704 :
479 1675 567 1719 quo
588 1659 764 1706 fructu?
782 1663 955 1707 Tritico.
984 1666 1185 1723 Itemque
1208 1662 1414 1718 dicimus,
1440 1672 1483 1707 et
1500 1678 1650 1707 verum
1676 1661 1743 1706 di-

353 1730 490 1774 cimus
516 1749 525 1775 :
552 1731 711 1776 Plenus
733 1741 796 1776 est
825 1748 924 1791 ager
950 1733 1029 1777 iste
1056 1733 1194 1792 palea.
1226 1733 1370 1777 Arbor
1401 1742 1492 1788 est,
1528 1732 1657 1792 plena
1679 1741 1743 1776 est

354 1800 515 1845 fructu.
541 1802 663 1846 Alter
689 1802 810 1859 dicit,
830 1803 959 1863 plena
979 1814 1043 1848 est
1058 1804 1186 1848 soliis.
1210 1807 1267 1848 Et
1284 1805 1359 1859 qni
1383 1805 1501 1855 dicit,
1527 1804 1656 1859 plena
1679 1813 1741 1846 est

355 1870 523 1919 fructu,
546 1881 699 1910 verum
722 1873 826 1911 dicit
852 1887 860 1912 ε
888 1877 930 1911 et
951 1870 1025 1927 qui
1049 1868 1171 1923 (licit,
1198 1869 1325 1927 plena
1348 1880 1411 1915 est
1434 1870 1561 1925 foliis,
1588 1886 1739 1916 verum

353 1934 472 1978 dicit.
498 1938 585 1980 Nec
607 1936 835 1995 plenitudo
859 1937 1063 1983 foliorum
1083 1940 1262 1984 abstulit
1282 1939 1443 1984 fructui
1465 1940 1611 1986 locum
1628 1978 1639 1998 ‚
1660 1958 1740 1988 nec

351 2006 581 2064 plenitudo
610 2007 834 2053 fructuum
874 2009 1044 2055 turbam
1085 2010 1250 2070 expulit
1283 2010 1505 2056 foliorum.
1545 2016 1740 2074 Utroque

355 2077 482 2136 plena
498 2088 561 2123 est
584 2098 592 2124 :
617 2079 693 2123 sed
714 2079 831 2124 aliud
855 2082 1011 2140 quaerit
1044 2091 1200 2126 ventus
1219 2118 1228 2136 ‚
1255 2082 1374 2128 aliud
1395 2083 1537 2130 cultor
1558 2085 1735 2144 colligit.

357 2148 425 2192 Sic
451 2164 552 2208 ergo
569 2185 579 2205 ‚
612 2165 711 2194 cum
735 2151 855 2195 audis
877 2171 885 2195 :
911 2171 930 2194 «
952 2154 1028 2195 Vae
1060 2153 1228 2197 mundo
1252 2153 1306 2197 ab
1341 2154 1574 2210 scandalis,
1603 2174 1622 2198 »
1648 2156 1738 2199 noli

357 2221 524 2275 terreri,
551 2221 683 2280 dilige
704 2221 842 2279 legem
865 2223 970 2278 Dei,
993 2238 1082 2267 non
1107 2223 1185 2267 tibi
1205 2225 1284 2269 erit
1306 2225 1574 2269 scandalum.

425 2293 499 2334 IV.
530 2293 614 2336 Sed
648 2293 835 2336 occurrit
859 2308 992 2348 uxor,
1019 2295 1162 2338 nescio
1185 2295 1291 2353 quid
1324 2294 1427 2338 mali
1454 2294 1732 2354 persuadens.

355 2359 502 2417 Diligis
524 2376 633 2417 eam,
650 2363 760 2406 sicut
778 2372 949 2422 oportet
970 2363 1089 2421 diligi
1113 2380 1293 2408 uxorem
1315 2383 1323 2408 :
1341 2366 1588 2408 membrum
1611 2374 1734 2409 tuum

355 2439 431 2473 est.
473 2432 579 2486 Sed,
605 2452 625 2474 «
652 2434 693 2478 Si
722 2433 874 2478 oculus
903 2443 1002 2478 tuus
1025 2435 1286 2479 scandalizat
1326 2444 1369 2480 te
1386 2471 1396 2491 ,
1431 2437 1464 2479 si
1487 2452 1639 2480 manus
1660 2446 1732 2481 tua

357 2518 377 2541 η
413 2501 670 2548 scandalizat
694 2513 761 2560 te,
786 2506 820 2550 si
841 2521 915 2564 pes
940 2515 1041 2549 tuus
1062 2506 1322 2551 scandalizat
1345 2516 1386 2551 te
1405 2543 1415 2561 ‚
1447 2526 1466 2548 »
1492 2508 1622 2552 modo
1650 2524 1732 2552 au-

402 2593 410 2608 ¹
443 2598 453 2617 1
480 2590 552 2619 Cor.
572 2599 614 2624 ιιι,
633 2601 663 2630 7.
687 2606 729 2613 —-
750 2597 761 2613 ²
781 2590 894 2623 Jacob.
915 2601 957 2631 iv,
977 2592 1007 2622 (ἶ.
1047 2609 1074 2614 -
1097 2591 1108 2613 3
1126 2594 1262 2633 Joan.1‚
1286 2603 1334 2624 10.
1367 2606 1401 2614 -θ
1425 2591 1441 2621 4
1462 2602 1480 2624 2
1497 2593 1571 2626 Cor.
1586 2604 1619 2632 v,
1647 2604 1697 2633 ις.
