1898 3178
420 224 505 262 25-56
839 232 872 260 5.
909 232 1137 261 ‚mensum
1171 233 1350 261 muscom

413 299 536 358 quasi
559 297 801 351 nescientis,
818 295 863 340 id
880 306 959 351 est,
975 307 1153 342 sanatur
1170 306 1379 357 tanquam
1398 295 1451 339 ab
1469 296 1661 340 absente.
1687 296 1797 340 Dicit
1856 304 1859 313 '

416 369 488 413 1116
510 388 519 414 ;
549 388 568 411 «
593 368 698 421 Quis
718 382 786 410 me
808 367 980 426 tetigit?
1006 386 1025 408 »
1052 368 1174 428 quasi
1195 367 1358 412 diceret
1387 385 1395 411 z
1420 368 1517 412 Non
1547 367 1648 411 novi
1680 366 1797 410 hunc
1855 381 1858 402 τ

415 438 643 498 populum.
669 457 690 479 «
714 436 905 496 Populus
939 453 1071 498 quem
1105 454 1194 484 non
1219 438 1429 498 cognovi,
1467 437 1641 481 servivit
1671 436 1793 480 mihi.

419 528 439 551 »
468 509 623 567 Tetigit
658 522 726 551 me
761 506 930 567 aliquis.
974 511 1066 566 Ego
1101 510 1216 553 enim
1254 509 1366 553 sensi
1394 509 1600 552 virtutem
1642 506 1696 551 de
1728 522 1798 550 me
1854 504 1855 512 ¹

418 598 439 621 »
467 579 619 633 exisse,
634 595 654 618 »
672 576 717 621 id
739 586 826 633 est,
851 577 1137 637 Evangelium
1159 579 1361 623 emissum
1384 587 1525 622 totum
1542 578 1692 622 orbem
1713 576 1798 620 im-

416 649 565 708 plesse.
601 648 810 707 Tangitur
833 657 977 692 autem
1005 649 1174 693 fimbria
1193 649 1346 707 exigua
1373 664 1470 708 pars
1491 648 1735 692 vestimenti
1756 656 1800 691 et
1850 664 1851 710 5

415 729 618 764 extrema.
643 722 727 762 Fac
743 728 905 762 vestem
927 719 1088 763 Christi
1109 720 1228 779 quasi
1252 718 1497 778 Apostolos.
1533 718 1601 762 Ibi
1628 718 1798 762 fimbria
1849 741 1851 746 ·
1894 710 1898 750 ἓ

416 791 576 836 Paulus
590 800 681 834 erat
698 810 706 835 :
722 790 806 834 hoc
823 799 902 846 est,
921 802 1132 834 extremus
1145 800 1188 835 et
1205 791 1423 834 minimus.
1439 793 1547 835 Nam
1561 799 1798 849 utrumque

416 861 470 906 de
483 877 527 906 56
545 861 678 906 dixit:
699 863 827 919 «Ego
844 876 939 905 sum
957 861 1162 904 minimus
1176 861 1524 920 Apostolorum1.
1539 880 1559 902 »
1578 863 1685 905 Nam
1704 869 1801 920 post

418 947 567 977 omnes
601 940 778 976 vocatus
809 940 899 986 est,
939 941 1036 990 post
1058 946 1206 975 omnes
1234 930 1438 986 credidit,
1469 930 1567 991 plus
1599 931 1800 975 omnibus

416 1003 593 1048 sanavit.
621 1006 717 1048 Non
745 1011 836 1046 erat
857 1002 1009 1046 missus
1035 1005 1265 1058 Dominus,
1299 1003 1379 1046 nisi
1403 1002 1457 1046 ad
1478 1017 1577 1047 oves
1600 1018 1699 1062 quae
1721 1017 1799 1061 pe-

417 1074 578 1117 rierant
595 1073 750 1117 domus
769 1071 914 1116 Isra'e'l.
943 1072 1026 1117 Sed
1048 1073 1150 1132 quia
1172 1082 1215 1116 et
1232 1072 1419 1132 populus
1444 1088 1574 1132 quem
1590 1088 1679 1117 non
1695 1088 1800 1131 cog-

415 1153 616 1198 noverat,
649 1144 884 1187 serviturus
906 1153 997 1186 erat
1014 1178 1024 1198 ,
1057 1143 1103 1186 in
1125 1144 1338 1187 obauditu
1371 1143 1485 1187 auris
1507 1143 1799 1188 obauditurus
1865 1178 1868 1185 .

417 1223 508 1258 erat
523 1249 533 1269 ,
559 1230 638 1258 nec
664 1214 718 1257 de
736 1212 811 1257 illo
841 1213 975 1257 tacuit
997 1213 1057 1257 ibi
1081 1214 1354 1258 constitutus.
1382 1213 1454 1258 Ait
1476 1214 1591 1257 enim
1609 1213 1798 1273 quodam

415 1286 512 1330 loco
531 1284 643 1329 idern
671 1284 879 1328 Dominus
901 1301 908 1325 ·.
939 1304 959 1325 «ι
985 1285 1135 1329 Habeo
1154 1285 1255 1329 alias
1277 1300 1376 1329 oves
1392 1301 1490 1344 quae
1513 1300 1602 1328 non
1624 1294 1725 1329 sunt
1746 1285 1800 1328 de

420 1374 440 1397 »
467 1356 550 1400 hoc
573 1354 697 1413 ovili3
727 1363 898 1413 oportet
914 1370 984 1398 me
1009 1364 1051 1398 et
1068 1355 1144 1399 has
1166 1354 1398 1410 adducere,
1425 1364 1474 1399 ut
1490 1355 1545 1399 sit
1565 1370 1679 1399 unus
1699 1369 1801 1413 grex

419 1444 440 1466 »
465 1434 509 1469 et
532 1440 644 1468 unus
667 1426 851 1484 pastor2.
882 1443 900 1465 η

1835 1470 1837 1485 1

476 1497 553 1539 IX,
581 1495 687 1539 Inde
713 1495 869 1539 mulier
896 1495 974 1539 ista
999 1504 1091 1539 erat
1115 1511 1125 1538 :
1162 1496 1260 1539 ideo
1294 1511 1382 1540 non
1416 1496 1795 1552 contemnebatur,
1834 1491 1837 1531 ἶ
1874 1504 1887 1532 3

415 1564 490 1610 sed
513 1564 813 1609 differebatur.
845 1568 978 1610 «Non
1003 1581 1122 1619 sum,
1143 1566 1300 1626 inquit,
1326 1566 1501 1621 missus,
1527 1567 1608 1611 nisi
1626 1566 1681 1611 ad
1699 1583 1799 1612 oves
1859 1599 1862 1607 .

421 1656 441 1677 »
466 1652 565 1695 quae
589 1636 811 1696 perierunt
833 1637 987 1680 domus
1019 1636 1162 1680 Israel.
1196 1655 1214 1677 »
1238 1642 1288 1680 Et
1317 1636 1388 1681 illa
1411 1637 1640 1682 clamando
1663 1639 1798 1682 insta·
1831 1691 1833 1705 5

417 1708 514 1762 bat,
534 1706 850 1766 perseverabat,
866 1706 1083 1766 pulsabat,
1103 1716 1311 1767 tanquam
1325 1709 1415 1768 jam
1439 1707 1650 1752 audisset:
1677 1712 1795 1765 Pete,

418 1787 460 1821 et
479 1778 646 1836 accipe,
671 1792 816 1837 quaere
833 1811 844 1831 ,
874 1786 918 1820 et
940 1777 1159 1835 invenies,
1190 1777 1311 1837 pulsa
1329 1813 1339 1832 ,
1365 1788 1407 1822 ct
1438 1779 1654 1838 aperietur
1675 1780 1794 1824 tibi3.

419 1848 604 1900 Institit,
624 1847 824 1906 pulsavit.
845 1849 952 1891 Nam
976 1857 1018 1890 et
1036 1848 1245 1890 Dominus
1263 1848 1440 1906 quando
1461 1848 1568 1891 dixit
1588 1849 1680 1892 haec
1698 1864 1798 1893 ver·
1826 1886 1828 1906 ,

1867 1844 1895 1889 111

418 1920 473 1962 ba
499 1937 506 1962 :
537 1937 556 1958 «
579 1917 715 1960 Petite
733 1951 743 1971 ,
768 1926 810 1960 et
841 1916 1086 1975 accipietis,
1119 1918 1321 1975 quaerite,
1348 1926 1390 1960 et
1412 1918 1665 1976 invenietis,
1699 1920 1798 1978 pul-
1824 1924 1828 2001 5
1875 1931 1898 1960 11

421 2008 439 2029 »
465 1997 578 2041 sato,
601 1997 643 2030 et
666 1986 880 2046 apelietui
901 1987 1234 2045 vobis3:sup1a
1257 1986 1450 2031 dixerat:
1473 2007 1492 2029 «
1518 1988 1659 2033 Nolite
1681 2005 1797 2034 sanc·

420 2078 439 2100 »
468 2068 561 2103 tum
584 2057 686 2101 dare
708 2057 904 2110 canibus,
926 2071 1067 2116 neque
1085 2058 1346 2116 projeceritis
1368 2059 1616 2116 margaritas
1637 2051 1826 2109 vestras}

1824 2004 1897 2046 :ap

1862 2060 1898 2103 ³:55

419 2150 440 2172 ³>
472 2139 572 2174 ante
594 2143 768 2189 por-cos
799 2143 853 2171 ne
881 2126 992 2172 sorte
1018 2127 1278 2172 conculcent
1304 2143 1373 2172 eas
1401 2127 1584 2187 pedibus
1608 2130 1717 2184 suis,
1754 2139 1796 2175 et
1820 2134 1824 2196 5
1861 2147 1898 2187 :351

419 2221 439 2243 »
465 2200 658 2246 conversi
687 2200 959 2258 disrumpant
991 2198 1097 2242 vos⁴
1119 2217 1128 2242 ε
1158 2197 1242 2241 »id
1265 2213 1351 2253 est,
1378 2209 1475 2258 post
1496 2209 1823 2260 contemptum

416 2271 751 2349 malgalitarurn
766 2278 1004 2312 vestiarum
1029 2268 1159 2311 etiam
1189 2234 1355 2313 molesti
1381 2270 1466 2312 sint
1486 2270 1624 2313 vobis.
1652 2271 1792 2316 Nolite
1817 2273 1873 2340 5'
1858 2292 1882 2315 6

417 2358 518 2401 ergo
540 2341 624 2385 illis
645 2341 853 2401 projicere
876 2355 974 2399 quae
996 2349 1300 2384 contemnunt.

472 2415 527 2456 X
555 2415 612 2456 Et
633 2411 751 2455 unde
768 2410 1049 2455 discernimus
1072 2414 1089 2467 <
1098 2420 1305 2470 tanquam
1328 2410 1688 2469 responderent),
1718 2411 1818 2472 qui
1815 2455 1817 2458 ,

1866 2366 1896 2407 ·’1

1856 2417 1898 2462 flii,

413 2484 497 2527 sint
513 2483 652 2542 porci,
678 2482 754 2542 qui
768 2482 854 2526 sint
870 2482 1026 2524 canes?
1046 2482 1138 2525 Hoc
1157 2481 1203 2524 in
1219 2482 1298 2526 ista
1319 2480 1499 2526 muliere
1520 2481 1790 2528 demonstra·
1813 2486 1816 2529 Ι
1856 2498 1894 2533 aas

462 2575 472 2590 ¹
505 2579 514 2599 ι
551 2570 624 2601 Cor.
644 2579 697 2608 xv,
716 2579 748 2611 9.
769 2584 808 2591 -
829 2573 842 2590 ²
857 2569 946 2599 Joan.
967 2577 997 2603 x,
1020 2568 1072 2599 16.
1094 2582 1134 2589 -
1155 2564 1168 2590 3
1187 2565 1307 2599 Matth.
1324 2577 1381 2607 vn,
1400 2577 1430 2609 7.
1454 2583 1490 2590 -
1511 2565 1625 2600 41bid.
1647 2567 1680 2599 6.
