1898 3178
363 215 443 253 268
796 227 827 251 s.
869 222 1098 250 Ancus'rmr
1131 224 1309 251 Errscori

363 301 545 350 utraque
573 289 810 343 confessio,
836 288 924 332 sive
947 304 1046 332 cum
1078 298 1118 332 te
1145 289 1423 348 reprehendis
1442 324 1452 343 ,
1479 289 1554 349 qui
1592 305 1680 333 non
1701 305 1745 333 es

361 364 452 405 sine
476 370 653 421 peccato
674 381 684 417 3
709 361 795 404 sive
816 375 916 404 cum
948 358 1072 404 illum
1090 359 1240 404 laudas
1257 395 1267 415 ,
1291 360 1364 420 qui
1392 375 1478 404 non
1499 369 1641 420 potest
1666 362 1745 405 ha-

365 434 463 476 bere
484 440 726 492 peccatum.

440 506 496 545 II.
532 502 574 546 Si
597 509 743 545 autem
775 499 885 544 bene
918 501 1182 559 cogitemus,
1214 501 1491 560 reprehensio
1528 510 1626 557 tua,
1650 501 1745 546 laus

360 573 493 632 ipsius
515 581 592 615 est.
624 573 766 623 Quare
790 571 905 614 enim
925 572 1015 631 jam
1043 571 1260 615 confiteris
1281 571 1327 613 in
1349 571 1624 615 accusatione
1644 587 1746 630 pec-
1768 599 1771 601 >

358 643 440 686 cati
467 642 565 685 tui?
588 641 632 684 in
665 640 938 685 accusatione
980 642 1042 685 tui
1064 642 1196 700 ipsius
1224 656 1358 700 quare
1388 641 1607 685 confiteris
1624 676 1635 696 ,
1665 642 1746 686 nisi

357 714 457 772 quia
480 728 531 756 ex
553 722 726 756 mortuo
748 712 872 756 vivus
894 711 1033 757 factus
1051 715 1126 756 cs?
1146 713 1365 771 Scriptura
1388 712 1551 772 quippe
1569 713 1629 756 ait
1647 731 1656 757 z
1671 730 1691 754 «
1707 715 1746 756 A

362 803 380 826 »
416 794 589 829 mortuo
609 819 619 838 ,
645 784 767 844 quasi
790 784 867 844 qui
890 800 979 828 non
1002 785 1076 839 sit,
1102 784 1212 842 perit
1235 783 1450 828 confessio
1467 786 1495 827 ¹.
1518 802 1537 824 »
1567 784 1610 828 Si
1632 784 1746 843 perit

357 871 379 899 a
404 865 577 899 mortuo
601 853 835 909 confessio,
858 856 934 914 qui
957 855 1191 899 confitetur
1217 854 1325 898 vivit
1347 873 1355 898 :
1387 863 1430 897 et
1452 854 1485 897 si
1515 862 1744 913 peccatum

356 927 614 980 confitetur,
652 926 804 985 utique
841 942 864 970 a
887 935 1026 970 morte
1064 926 1233 970 revixit.
1263 927 1303 971 Si
1331 926 1497 985 peccati
1521 925 1745 970 confessor

356 998 507 1041 revixit
531 1013 552 1041 a
574 1006 714 1041 morte
732 1032 742 1051 ,
763 997 858 1057 quis
879 1013 980 1040 eum
1009 997 1262 1042 suscitavit?
1286 997 1442 1043 Nullus
1463 1006 1662 1042 mortuus
1682 1006 1746 1041 est

355 1070 419 1111 sui
442 1068 573 1127 ipsius
596 1068 837 1112 suscitator,
864 1066 942 1111 Ille
965 1083 1009 1111 se
1030 1069 1174 1127 potuit
1211 1069 1439 1124 suscitare,
1461 1069 1538 1128 qui
1571 1077 1745 1112 mortua

355 1154 483 1183 carne
506 1154 595 1183 non
618 1148 815 1182 mortuus
838 1147 915 1182 est.
943 1128 1117 1182 Etenim
1140 1140 1223 1183 hoc
1247 1139 1469 1184 suscitavit
1490 1140 1611 1200 quod
1633 1153 1746 1183 mor-

357 1220 480 1254 tuum
505 1210 661 1254 fuerat.
694 1209 769 1253 [lle
786 1226 830 1254 se
847 1210 1086 1263 suscitavit,
1110 1211 1185 1270 qui
1206 1211 1381 1255 vivebat
1404 1211 1450 1255 in
1466 1226 1531 1266 se,
1554 1211 1601 1254 in
1616 1225 1745 1255 carne

355 1291 499 1325 autem
519 1297 594 1325 sua
617 1282 863 1325 suscitanda
881 1290 1078 1325 mortuus
1100 1290 1206 1325 erat.
1226 1284 1323 1327 Non
1344 1282 1460 1325 enim
1486 1285 1612 1325 Pater
1629 1279 1745 1325 solus

357 1353 512 1396 Filium
535 1354 770 1408 suscitavit,
798 1353 852 1397 de
870 1369 957 1413 quo
976 1353 1143 1397 dictum
1165 1362 1227 1397 est
1244 1353 1299 1397 ab
1321 1351 1531 1412 Apostolo
1551 1373 1558 1396 ;
1577 1355 1746 1411 «Prop-

357 1444 377 1465 »
414 1435 478 1468 ter
499 1424 620 1484 quod
636 1434 679 1468 et
701 1428 815 1468 Deus
839 1440 939 1468 eum
963 1424 1191 1469 exaltavit'2
1215 1444 1221 1469 :
1246 1443 1264 1465 1)
1290 1424 1364 1468 sed
1387 1424 1515 1468 etiam
1534 1424 1745 1468 Dominus

355 1510 399 1539 se
422 1496 562 1554 ipsum
582 1531 592 1550 ,
625 1494 668 1538 id
702 1504 789 1550 est,
825 1511 982 1554 corpus
1019 1510 1174 1552 suum,
1216 1494 1333 1539 uude
1371 1494 1476 1538 dicit
1502 1514 1509 1539 ;
1535 1513 1555 1536 «
1584 1492 1745 1538 Solvite

359 1586 377 1608 »
416 1568 626 1627 templum
649 1567 755 1621 hoc,
781 1577 824 1612 et
846 1568 892 1610 in
916 1566 1062 1611 triduo
1080 1567 1296 1611 suscitabo
1319 1565 1431 1610 illud
1447 1567 1479 1610 3.
1501 1584 1520 1607 »
1542 1568 1744 1611 Mortuus

355 1648 418 1681 est
441 1648 585 1682 autem
604 1647 827 1697 peccator,
853 1638 1038 1682 maxime
1061 1637 1132 1682 ille
1153 1653 1285 1698 quem
1310 1637 1445 1681 moles
1466 1636 1745 1681 consuetudi-

356 1709 419 1752 nis
443 1709 625 1768 premit,
650 1710 771 1768 quasi
786 1708 981 1769 sepultus
1003 1719 1067 1753 est
1089 1713 1289 1753 Lazarus.
1313 1712 1471 1753 Parum
1494 1708 1611 1752 enim
1629 1716 1741 1763 erat,

356 1780 456 1837 quia
479 1789 697 1836 mortuus,
714 1780 843 1823 etiam
862 1780 1099 1839 sepultus&
1122 1780 1324 1839 Quisquis
1342 1780 1474 1838 igitur
1495 1779 1622 1822 malae
1644 1793 1746 1823 con-

357 1849 597 1891 suetudinis
614 1882 624 1900 ,
653 1850 775 1890 malae
801 1850 903 1891 vitae
924 1883 934 1901 ,
968 1860 1237 1891 terrenarum
1268 1849 1430 1892 scilicet
1452 1848 1745 1906 cupiditatum

357 1918 471 1961 mole
493 1917 718 1976 premitur,
732 1917 788 1960 ita
811 1926 861 1960 ut
877 1917 922 1960 in
947 1915 1022 1960 illo
1039 1918 1130 1977 jam
1154 1916 1317 1960 factum
1340 1917 1416 1972 sit,
1437 1916 1562 1976 quod
1579 1917 1624 1960 in
1639 1933 1745 1977 quo-

357 1988 455 2032 dam
477 1987 644 2031 Psalmo
668 1985 969 2031 miserabiliter
991 1986 1151 2030 dicitur
1169 2006 1176 2031 :
1194 1987 1342 2031 «Dixit
1365 1987 1524 2032 stultus
1547 1988 1592 2031 in
1614 1988 1745 2032 corde

360 2077 380 2100 »
415 2074 494 2103 suo
516 2078 524 2102 :
552 2061 649 2103 Non
672 2068 736 2102 est
763 2061 878 2102 Deus
896 2060 910 2083 ⁵
939 2078 947 2103 :
975 2076 995 2098 »
1027 2058 1077 2101 fit
1101 2056 1220 2113 talis,
1245 2058 1300 2102 de
1325 2059 1445 2119 quali
1463 2058 1631 2104 dictum
1648 2069 1741 2104 est:

361 2150 380 2171 «
415 2134 449 2174 A
485 2139 658 2174 mortuo
675 2165 686 2182 ,
717 2129 838 2173 velut
865 2129 942 2190 qui
973 2130 1147 2173 nonsit
1164 2130 1306 2188 ,perit
1333 2129 1562 2176 confessio.
1591 2149 1611 2172 »
1638 2131 1745 2184 Quis

357 2215 457 2244 eum
480 2201 725 2255 suscitabit,
748 2201 827 2244 nisi
849 2201 926 2260 qui
950 2208 1117 2244 remoto
1146 2199 1289 2259 lapide
1312 2200 1537 2256 clamavit,
1562 2200 1710 2244 dicens
1731 2220 1740 2245 :

362 2290 381 2312 «
396 2274 570 2326 Lazare,
588 2272 715 2331 prodi
737 2271 851 2315 foras
865 2269 1073 2324 6911011111
1086 2281 1149 2315 est
1162 2281 1308 2315 autem
1326 2271 1437 2315 foras
1455 2271 1645 2329 prodire,
1662 2271 1743 2315 nisi

357 2343 476 2401 quod
499 2344 719 2387 occultum
743 2353 835 2386 erat
857 2341 971 2386 foras
999 2343 1213 2400 prodere?
1236 2342 1321 2394 Qui
1351 2342 1608 2398 confitetur,
1629 2340 1744 2387 foras

358 2412 516 2472 prodit.
542 2414 870 2473 Foras·prodire
887 2429 975 2457 non
998 2421 1158 2472 posset,
1174 2414 1253 2456 nisi
1276 2415 1441 2458 viveret
1462 2433 1470 2457 :
1496 2414 1641 2458 vivere
1654 2429 1743 2458 non

407 2516 414 2530 ¹
439 2509 533 2541 Eccli.
559 2521 635 2549 xvii,
651 2510 706 2542 26.
725 2529 765 2533 —
792 2519 803 2532 ²
825 2510 936 2553 Philip.
958 2522 994 2549 11,
1010 2522 1029 2552 9
1067 2527 1102 2531 —
1120 2509 1131 2531 3
1150 2512 1239 2541 Α10311,
1263 2522 1297 2544 n.
1322 2523 1371 2552 ¹⁴.)-
1395 2528 1434 2533 -
1453 2509 1531 2542 41.1.
1556 2521 1600 2547 τυ,
1626 2522 1676 2551 ¹7³·
1694 2528 1735 2534 -ι

362 2564 373 2584 ’”’
402 2565 481 2595 psat.
501 2577 569 2599 xiii,
595 2578 619 2597 1.
645 2583 685 2587 -
704 2565 718 2585 “-
744 2569 831 2598 Joan.
855 2566 970 2608 11043.
