1898 3178
386 199 470 239 464
808 209 841 236 s.
879 207 1108 237 Auousrffli
1141 211 1321 239 Erlscom

388 295 407 318 «
443 275 627 321 Domine
643 311 653 330 ,
672 274 837 333 inquit,
859 274 893 318 si
911 274 1091 319 dimittis
1113 276 1171 320 eis
1194 284 1421 336 peccatum
1435 312 1445 332 ,
1467 276 1637 323 dimitte
1671 297 1680 323 :
1699 280 1766 324 sin

385 364 405 387 »
441 356 608 401 autem,
635 345 730 389 dele
749 359 818 388 me
839 343 894 388 de
913 344 1026 390 libro
1053 354 1131 391 tuo
1152 362 1284 407 quem
1306 348 1554 407 scripsisti1.
1580 367 1601 390 »
1624 351 1765 403 Quam

380 418 572 476 paternis
611 415 908 476 maternisque
929 417 1190 474 visceribus,
1216 435 1347 479 quam
1370 435 1547 465 securus
1584 421 1668 465 hoc
1698 421 1766 465 di-

381 489 510 543 xerit,
537 486 764 532 attendens
780 487 992 547 justitiam
1017 497 1060 534 et
1086 488 1422 535 misericordiam
1450 492 1527 535 Dei
1549 510 1558 536 z
1579 500 1629 535 ut
1663 492 1766 552 quia

376 563 518 619 justus
553 567 641 614 est,
680 574 771 604 non
798 558 1000 618 perderet
1026 561 1222 620 justum,
1256 561 1359 621 quia
1399 562 1638 608 misericors
1673 572 1762 619 est,

380 631 622 688 ignosceret
643 631 959 690 peccatoribus.

438 704 577 747 XXV.
612 703 740 748 Certe
773 703 864 762 jam
897 701 1178 748 manifestum
1217 711 1280 747 est
1311 702 1555 762 prudentiae
1586 712 1761 759 vestrae,

380 772 604 832 quomodo
632 772 886 833 accipienda
916 773 1002 817 sint
1034 773 1183 818 omnia
1213 772 1315 817 talia
1347 773 1593 818 testimonia
1619 774 1764 833 Scrip-.

380 852 576 888 turarum
615 863 624 888 :
668 852 718 888 ut
758 842 937 905 quando
975 844 1196 903 Scriptura
1239 853 1364 889 sonat
1386 879 1397 900 ,
1444 844 1644 889 recedere
1686 859 1765 890 nos

378 914 538 959 debere
560 930 584 959 a
605 914 749 972 malis,
783 931 872 961 non
903 914 1022 959 aliud
1049 914 1289 974 intelligere
1316 916 1575 975 jubeamur,
1601 916 1683 960 nisi
1715 925 1766 960 ut

377 985 509 1030 corde
541 986 824 1044 recedamus,
857 1002 912 1030 ne
943 986 1083 1045 majus
1116 985 1280 1030 malum
1307 986 1352 1030 in
1377 987 1648 1046 separatione
1682 986 1764 1030 ho-

377 1071 534 1099 norum
567 1057 918 1111 committamus,
956 1071 1090 1116 quam
1126 1057 1171 1100 in
1205 1055 1421 1101 malorum
1455 1056 1766 1117 conjunctione

375 1124 618 1184 fugiamus,
644 1127 755 1172 sicut
775 1126 856 1186 ipsi
879 1126 1116 1171 Donatistae
1140 1126 1353 1172 fecerunt.
1375 1127 1461 1180 Qui
1482 1128 1516 1171 si
1538 1142 1638 1172 vere
1659 1127 1766 1171 boni

377 1195 513 1241 malos
532 1206 787 1257 arguerent,
813 1214 862 1242 ac
891 1213 979 1242 non
1004 1197 1149 1256 potius
1165 1197 1244 1257 ipsi
1275 1197 1377 1243 mali
1411 1198 1550 1242 bonos
1579 1196 1764 1241 infama-

377 1276 496 1322 rent,
522 1267 779 1328 qualeslibet
810 1283 888 1327 pro
912 1282 1017 1327 pace
1041 1267 1298 1323 tolerarent,
1333 1267 1409 1327 qui
1430 1267 1766 1312 Maximianistas

376 1346 635 1397 receperunt
656 1346 867 1398 tanquam
884 1338 1097 1396 integros,
1118 1352 1227 1396 quos
1248 1346 1459 1397 tanquam
1475 1335 1666 1395 perditos
1684 1352 1764 1381 an-

375 1415 444 1450 tea
465 1406 799 1452 damnaverunt.
818 1408 946 1452 Certe
960 1405 1190 1450 manifeste
1202 1405 1312 1450 dixit
1330 1407 1567 1465 Propheta:
1588 1425 1608 1448 «
1622 1409 1763 1450 Rece-

378 1476 494 1521 »dite
513 1487 556 1522 et
578 1478 687 1522 exite
706 1476 809 1521 inde
826 1512 836 1532 ,
862 1486 904 1521 et
925 1476 1204 1521 immundum
1229 1492 1285 1520 ne
1302 1476 1543 1535 tetigeritis.
1562 1494 1583 1518 »
1603 1478 1696 1535 Ego
1712 1485 1763 1520 ut

377 1546 619 1606 intelligam
641 1546 762 1607 quod
774 1547 906 1603 dixit,
932 1547 1110 1591 attendo
1129 1546 1249 1607 quod
1271 1546 1388 1592 fecit.
1410 1549 1545 1592 Facto
1561 1562 1640 1592 suo
1657 1547 1764 1591 mihi

372 1618 552 1677 exponit
569 1617 736 1662 dictum
757 1632 900 1662 suum.
926 1618 1041 1662 Dixit
1067 1637 1075 1661 :
1099 1636 1119 1659 «
1144 1617 1363 1662 Recedite.
1390 1636 1410 1659 »
1437 1619 1607 1671 Quibus
1629 1618 1764 1663 dixit?

376 1688 536 1747 Utique
570 1687 713 1747 justis.
751 1690 788 1732 Α
817 1688 977 1748 quibus
1011 1696 1060 1731 ut
1089 1687 1363 1743 recederent,
1389 1687 1526 1732 dixit?
1550 1688 1711 1749 Utique
1738 1703 1763 1733 a

372 1758 676 1817 peccatoribus
699 1767 742 1802 et
762 1757 938 1818 iniquis.
961 1760 1142 1813 Quaero,
1177 1774 1200 1802 a
1221 1757 1382 1802 talibus
1405 1767 1554 1803 utrum
1580 1758 1669 1817 ipse
1691 1773 1762 1802 re-

369 1828 576 1872 cesserit?
609 1828 790 1873 Invenio
821 1817 943 1887 quod
964 1843 1053 1872 non
1075 1828 1309 1872 recesserit.
1336 1830 1453 1886 Ergo
1485 1827 1608 1872 aliter
1630 1827 1762 1872 intel-

373 1897 555 1943 tellexit.
581 1902 690 1944 Nam
708 1899 862 1958 utique
879 1899 996 1958 prior
1013 1898 1176 1943 faceret
1193 1897 1312 1958 quod
1329 1898 1549 1958 praecepit.
1573 1900 1764 1943 Recessit

372 1969 526 2024 corde,
547 1969 791 2030 objurgavit
813 1979 943 2028 atque
966 1970 1121 2027 arguit.
1146 1967 1426 2013 Continendo
1444 1983 1488 2012 se
1505 1984 1528 2013 a
1551 1984 1764 2014 consensu

374 2057 465 2085 -non
488 2041 629 2100 tetigit
649 2040 927 2084 immundum
958 2059 965 2083 :
992 2038 1265 2099 objurgando
1287 2048 1432 2083 autem
1465 2039 1565 2084 exiit
1586 2039 1698 2084 liber
1714 2041 1761 2084 in

375 2120 610 2172 conspectu
631 2111 709 2155 Dei
727 2131 738 2167 3
759 2110 829 2156 cui
846 2124 989 2171 neque
1011 2125 1088 2153 sua
1109 2111 1222 2153 Deus
1241 2118 1416 2168 peccata
1434 2109 1638 2169 imputat,
1659 2111 1761 2170 quia

375 2198 464 2227 non
481 2182 606 2240 fecit,
628 2197 772 2242 neque
786 2180 947 2235 aliena,
974 2180 1076 2240 quia
1098 2194 1187 2224 non
1210 2180 1467 2240 approbavit
1486 2201 1497 2237 3
1517 2196 1661 2241 neque
1679 2196 1760 2225 116-

376 2254 624 2312 gligentiam
647 2288 657 2309 ,
684 2253 785 2312 quia
820 2268 910 2296 non
932 2251 1094 2308 tacuit,
1120 2266 1262 2310 neque
1291 2251 1536 2311 superbiam
1556 2286 1567 2307 ‚
1592 2252 1693 2311 quia
1716 2253 1761 2296 in

376 2324 541 2369 unitate
559 2323 809 2384 permansit.
833 2323 901 2368 Sic
919 2337 1038 2380 erg0,
1059 2320 1212 2365 fratres
1232 2322 1338 2376 mei,
1357 2330 1574 2381 quotquot
1590 2322 1759 2367 habetis

374 2395 486 2439 inter
505 2411 602 2452 vos,
628 2397 703 2456 qui
725 2395 868 2440 adhuc
886 2409 1030 2439 amore
1049 2392 1195 2438 saeeuli
1216 2402 1542 2452 praegravantur
1560 2428 1570 2447 ,
1592 2408 1757 2450 avaros,

375 2467 589 2524 perjuros,
630 2465 872 2523 adulteros,
908 2474 1172 2526 spectatores
1210 2479 1451 2523 nugarum,
1491 2464 1760 2510 consultores

422 2557 431 2573 1
453 2551 551 2583 Exod.
571 2562 665 2592 xxxii,
687 2552 739 2585 32.
