1898 3178
315 257 454 287 semo
485 259 629 296 vau,
664 259 719 284 DE
753 258 897 285 vnnms
927 260 1091 286 xum.
1129 259 1189 284 xi.
1364 249 1446 285 273

69 322 235 367 dentes.
264 342 285 365 «
311 323 512 368 Dicentes
532 338 577 367 se
599 338 690 367 esse
713 325 926 383 sapientes
943 360 953 379 ,
986 324 1107 368 stulti
1127 323 1231 369 facti
1252 327 1394 368 sunt1.
1425 343 1445 364 »

67 394 212 438 Habes
242 395 482 438 remedium
512 410 536 438 a
557 395 788 439 contrario.
817 395 860 440 Si
883 395 1070 440 dicendo
1093 405 1136 439 te
1158 410 1248 439 esse
1274 396 1447 455 sapien-

64 473 152 508 tem
174 463 334 509 stultus
346 464 488 510 factus
507 480 550 509 es
567 500 578 520 ,
597 465 666 509 dic
692 474 731 509 te
753 465 960 520 stuitum,
982 475 1024 510 et
1045 466 1214 525 sapiens
1238 467 1334 510 eris.
1362 465 1448 510 Sed

66 533 137 578 dic
151 568 164 589 ‚
193 534 264 579 dic
278 569 289 589 ,
309 544 354 579 et
368 536 485 580 intus
506 534 576 579 dic
595 554 604 579 z
630 536 732 594 quia
754 535 814 578 sic
832 544 895 578 est
916 545 965 579 ut
982 535 1102 580 dicis.
1132 537 1176 581 Si
1205 536 1336 591 dicis,
1357 535 1447 580 noli

61 620 208 649 coram
227 606 480 650 hominibus
497 605 640 650 dicere
657 641 669 660 ,
695 616 737 650 et
757 622 902 650 coram
921 609 1011 650 Deo
1032 623 1121 651 non
1139 608 1296 652 dicere.
1323 610 1450 651 Prot·-

61 689 132 719 sus
153 675 275 735 quod
295 675 351 719 ad
374 684 415 719 te
434 677 578 735 ipsum
601 675 812 735 pertinet,
837 675 957 735 quod
989 677 1044 720 ad
1066 686 1140 720 tua
1154 712 1164 731 ,
1195 677 1450 721 tenebrosus

61 745 246 798 es.Quid
260 755 325 789 est
345 745 463 789 enim
484 745 620 800 aliud,
639 760 728 789 esse
743 745 943 800 stultum,
964 747 1045 789 nisi
1063 762 1154 790 esse
1171 747 1448 791 tenebrosum

59 815 107 859 in
127 815 288 860 corde?
319 816 517 875 Denique
538 816 592 860 de
619 815 702 861 illis
728 818 789 861 sic
820 818 879 861 ait
903 837 912 861 :
943 836 963 858 «
988 817 1189 861 Dicentes
1210 833 1254 860 se
1277 833 1366 861 esse
1383 834 1450 861 sa-

63 903 85 926 »
118 885 312 944 pientes,
343 885 464 930 stutti
487 885 592 930 sacti
623 896 742 930 sunt.
772 906 791 927 »
820 892 1069 946 Antequam
1101 887 1185 931 hoc
1221 886 1444 941 dicerent,

60 954 168 1014 quid
190 971 362 1000 rursum
376 958 392 996 ’ζ’
405 958 492 1002 «Et
509 957 790 1000 obscuratum
813 966 877 1000 est
897 957 1104 1014 insipiens
1126 972 1200 1000 cor
1220 960 1413 1001 eorum‘2.
1426 976 1444 997 υ

59 1025 138 1070 Dic
164 1027 268 1086 quia
297 1036 346 1071 tu
372 1026 454 1070 tibi
485 1026 636 1070 lumen
668 1042 759 1071 non
779 1042 837 1071 es.
866 1029 922 1072 Ut
953 1027 1169 1082 multum,
1194 1028 1348 1073 oculus
1371 1043 1414 1071 es
1436 1049 1446 1083 3

59 1094 210 1140 lumen
230 1112 322 1141 non
343 1112 401 1141 es.
421 1097 539 1150 Quid
559 1097 737 1156 prodest
757 1107 907 1156 patens
925 1107 967 1141 et
983 1114 1111 1143 sanus
1134 1099 1286 1142 oculus
1302 1133 1312 1151 ,
1333 1099 1367 1142 si
1383 1099 1450 1141 lu·

59 1181 160 1210 men
193 1167 332 1211 desit?
352 1169 469 1224 Ergo
492 1167 562 1211 dic
583 1202 593 1222 ‚
620 1184 644 1211 a
662 1177 704 1210 te
725 1168 805 1210 tibi
828 1167 980 1208 lumen
997 1181 1087 1210 non
1108 1182 1224 1224 esse3
1244 1176 1287 1210 et
1308 1168 1448 1212 clama

58 1235 181 1296 quod
211 1234 422 1293 scriptum
444 1243 538 1277 est:
569 1252 589 1274 «
616 1235 682 1277 Tu
713 1233 979 1278 illuminabis
1011 1234 1236 1280 lucernam
1272 1254 1414 1283 meam
1435 1276 1445 1293 ,

60 1324 84 1348 n
117 1304 333 1349 Domine:
367 1303 535 1347 lumine
566 1311 645 1347 tuo
665 1337 676 1356 ,
710 1304 920 1358 Domine,
957 1304 1222 1352 ffluminabis
1245 1310 1446 1353 tenebras

61 1393 85 1419 n
117 1390 233 1420 meas
246 1377 278 1418 ³.
293 1377 435 1420 »Meae
457 1374 574 1418 enim
589 1371 699 1416 nihil
716 1374 796 1417 nisi
821 1375 1015 1418 tenebrae
1033 1395 1041 1419 :
1068 1385 1117 1419 tu
1135 1387 1280 1422 autem
1295 1379 1447 1425 lumen

57 1445 213 1505 fugans
246 1444 446 1490 tenebras
463 1478 474 1499 ,
499 1442 751 1487 illuminans
774 1459 843 1488 me
871 1463 881 1489 ι
906 1460 997 1489 11011
1018 1461 1043 1489 a
1070 1462 1140 1490 me
1160 1448 1267 1492 mihi
1294 1448 1444 1494 lumen

0 1540 1 1544 =
59 1516 242 1561 existens
255 1549 267 1569 ,
286 1514 363 1558 sed
380 1514 534 1558 lumen
555 1529 644 1558 non
665 1514 928 1574 participans
944 1550 954 1569 ,
980 1516 1063 1560 nisi
1082 1517 1128 1560 in
1147 1528 1204 1561 te.

118 1587 198 1629 IX.
235 1585 302 1629 Sic
324 1593 368 1628 et
390 1586 579 1627 Joannes
601 1584 766 1628 amicus
783 1585 952 1644 sponsi,
969 1586 1166 1630 Christus
1187 1590 1441 1647 putabatur,

0 1679 6 1687 ·
58 1655 209 1701 lumen
229 1655 482 1715 putabatur.
514 1656 642 1700 «Non
664 1663 756 1698 erat
776 1654 849 1697 ille
871 1656 1022 1700 lumen
1042 1692 1053 1711 ,
1079 1658 1154 1701 sed
1177 1668 1223 1702 ut
1248 1662 1444 1705 testimo-

59 1744 85 1774 .»
118 1727 243 1770 nium
264 1725 510 1784 perhiberet
520 1723 575 1768 de
586 1719 758 1767 lumine
773 1726 833 1767 ⁴.»
852 1724 980 1776 Quod
999 1735 1146 1768 autem
1162 1737 1252 1771 erat
1268 1727 1445 1773 iumen?

0 1813 10 1840 1
59 1798 165 1840 Erat
182 1794 331 1840 lumen
349 1808 515 1839 verum.
535 1793 652 1846 Quid
669 1802 733 1837 est
751 1795 932 1836 verum?
951 1794 1105 1846 «Quod
1122 1795 1341 1841 illuminat
1356 1814 1444 1842 om-

0 1883 12 1910 1
63 1883 86 1908 »
119 1881 220 1910 nem
243 1865 481 1927 hominem.
510 1882 529 1905 »
559 1863 602 1908 Si
623 1879 775 1908 verum
797 1863 947 1907 lumen
968 1865 1089 1923 quod
1115 1864 1331 1912 illuminat
1354 1885 1444 1913 om·

0 1963 14 1982 1.
61 1950 161 1981 nem
182 1937 427 1993 hominem3
467 1949 568 1993 ergo
591 1943 633 1978 et
656 1937 869 1978 Joannem
903 1944 1018 1978 recte
1052 1935 1290 1992 dicentem,
1327 1951 1444 1984 recte

0 2025 16 2052 1
61 2007 362 2051 confitentem:
379 2008 496 2050 «Nos
507 2014 652 2048 autem
668 2003 721 2048 de
735 2003 1007 2064 plenitudine
1023 2007 1113 2065 ejus
1129 2009 1406 2067 accepimus⁵.
1419 2031 1438 2051 ‚›

0 2095 17 2123 1.
62 2075 173 2121 Vide
188 2076 223 2120 si
235 2075 355 2119 aliud
365 2075 487 2129 dixit,
499 2089 632 2134 quam
647 2077 758 2118 ;«Tu
770 2073 1269 2122 ifluminabislucernam
1279 2095 1436 2134 meam,

0 2168 18 2196 5,
64 2163 88 2189 ι
120 2147 348 2191 Domine.»
373 2145 571 2204 Denique
594 2146 683 2203 jam
706 2142 997 2200 illuminatus,
1024 2147 1318 2193 testimonium
1346 2167 1443 2210 per-

0 2235 21 2267 it.
61 2216 255 2262 bibebat.
291 2220 471 2275 Propter
495 2230 653 2268 caeCOS,
678 2214 855 2258 lucerna
874 2214 959 2258 diei
977 2217 1274 2262 testimonium
1296 2223 1439 2279 perhi-

0 2309 22 2335 ce
119 2287 208 2332 bat.
235 2286 345 2330 Vide
366 2285 468 2344 quia
488 2284 666 2328 lucerna
681 2293 744 2328 est
771 2304 779 2328 ;
808 2304 829 2326 «
849 2287 934 2329 Vos
949 2320 959 2339 ,
984 2286 1152 2346 inquit,
1177 2290 1349 2335 misistis
1386 2293 1441 2338 ad

67 2374 91 2398 ι
121 2360 337 2402 Joannem
353 2390 363 2410 ,
389 2364 431 2398 et
462 2353 657 2398 voluistis
691 2353 885 2397 exultare
922 2354 974 2398 ad
1013 2356 1163 2401 horam
1199 2359 1244 2402 in
1277 2360 1442 2407 lumine

0 2448 26 2478 μς(
69 2443 91 2468 ι
123 2427 214 2487 ejus
242 2445 251 2470 ι
275 2425 348 2470 1116
369 2433 462 2469 erat
482 2423 660 2467 lucerna
676 2422 830 2467 ardens
846 2433 887 2467 et
904 2424 1098 2468 lucens⁶.
1118 2426 1230 2471 »Ille
1248 2429 1440 2488 lucerna,

132 2527 142 2544 ¹
167 2523 257 2553 Rom.
279 2532 304 2561 1,
337 2528 391 2552 22.
413 2536 455 2542 —
475 2526 488 2541 ²
513 2518 594 2550 lbid.
617 2529 670 2550 21.
691 2534 732 2540 —
765 2516 778 2540 3
797 2518 875 2550 Psal.
902 2530 987 2558 ivn,
1008 2528 1059 2562 29.
1082 2537 1123 2544 —
1142 2520 1158 2551 4
1184 2524 1277 2556 Joan.
1298 2537 1323 2566 1,
1347 2527 1378 2559 8.
1402 2547 1442 2553 -

103 2576 185 2610 lbid.
208 2575 258 2608 16.
280 2592 322 2598 -
340 2573 355 2597 6
376 2575 423 2606 Id.
443 2585 475 2614 v,
495 2575 548 2606 33.

249 2639 383 2669 cxxv.
1186 2632 1234 2672 18
