1898 3178
291 247 432 279 sEnMO
462 249 529 288 u,
563 247 618 277 DE
647 245 882 279 conconmA
913 245 1078 279 MATTn.
1114 251 1167 279 Etr
1199 252 1294 280 Luc.
1400 242 1481 281 125

100 318 366 373 concubitu,
403 330 550 361 nonne
580 315 790 360 ineffabili
818 318 978 376 gaudio
1010 326 1185 363 tantum
1217 317 1482 363 beneficium

101 387 497 448 amplecterentur?
527 401 675 431 nonne
697 401 798 430 cum
825 388 992 446 ingenti
1021 387 1172 432 laetitia
1194 388 1486 447 susciperent?

101 462 198 503 Duo
217 466 319 503 sunt
338 457 456 502 enim
477 472 609 517 opera
630 455 841 512 carnalia,
875 457 1038 516 quibus
1059 466 1227 503 constat
1250 473 1385 517 genus
1408 459 1487 502 hu-

100 542 278 573 manum
299 546 310 573 2
334 528 380 572 in
402 542 501 587 quae
523 525 613 572 duo
634 542 766 586 opera
780 525 1019 586 prudentes
1042 537 1086 572 et
1106 527 1245 573 sancti
1270 543 1322 572 ex
1342 527 1488 573 officio

99 595 397 655 descendunt3
436 597 736 657 imprudentes
767 605 913 641 autem
952 597 997 642 in
1031 612 1080 642 ea
1101 613 1178 657 per
1205 598 1488 658 cupiditatem

99 676 251 712 ruunt.
271 666 405 712 Aliud
420 677 484 712 est
500 667 618 711 enim
637 666 692 712 ad
710 666 877 727 aliquid
899 665 1046 712 officio
1063 666 1344 724 descendere,
1370 667 1489 713 aliud

101 738 147 781 in
168 737 336 797 aliquid
352 753 429 798 per
451 738 735 797 cupiditatem
758 737 928 782 cadere.
951 740 1060 791 Quae
1077 747 1179 783 sunt
1199 740 1304 795 ista,
1329 739 1489 800 quibus

100 817 269 852 constat
281 822 417 866 genus
438 809 708 853 humanum?
722 812 774 852 In
790 809 1033 868 nobisipsis
1054 809 1244 868 primum
1263 819 1348 865 est,
1369 809 1489 869 quod

99 878 289 937 pertinet
311 878 367 923 ad
387 878 599 924 sumenda
623 878 852 935 alimenta,
876 882 994 939 (quae
1015 880 1172 940 utique
1194 895 1284 924 non
1309 889 1490 939 possunt

99 948 189 992 sine
211 948 357 1009 aliqua
378 964 456 1009 per
476 964 652 994 carnem
674 948 962 995 delectatione
984 950 1136 1006 sumi),
1160 951 1425 994 manducare
1448 959 1490 993 et

98 1018 249 1064 bibere
271 1038 280 1064 :
305 1020 340 1064 si
361 1035 452 1066 non
472 1019 648 1077 feceris,
674 1020 883 1066 morieris.
915 1023 1011 1066 Hoc
1033 1036 1138 1080 ergo
1160 1036 1251 1066 uno
1272 1029 1489 1065 sustenta-

100 1087 202 1133 culo
224 1098 308 1134 stat
329 1104 464 1148 genus
486 1091 747 1146 humanum,
768 1106 847 1150 pro
869 1091 1003 1136 modo
1025 1100 1193 1135 naturae
1215 1106 1305 1135 suae
1320 1127 1330 1146 ‚
1362 1106 1490 1134 -man-

100 1158 292 1203 ducandi
309 1168 352 1203 et
369 1161 567 1205 bibendi.
589 1161 673 1205 Sed
690 1175 768 1219 per
781 1161 866 1205 hoc
883 1160 1228 1205 sustentaculum
1247 1169 1490 1205 sustentan-

98 1237 172 1274 tur
196 1231 394 1274 homines
415 1231 537 1290 quod
554 1229 610 1274 ad
625 1245 670 1275 se
690 1231 805 1290 ipsos
839 1232 993 1275 attinet
1020 1250 1028 1276 ε
1061 1231 1321 1277 successioni
1344 1241 1487 1276 autem

99 1314 190 1344 non
211 1299 448 1344 consulunt
468 1300 779 1345 manducando
807 1310 850 1345 et
880 1302 1099 1360 bibend03
1126 1302 1201 1346 sed
1224 1318 1378 1347 uxores
1403 1303 1489 1346 du-

101 1369 256 1415 cendo.
284 1370 354 1416 Sic
371 1371 486 1414 enim
502 1379 671 1415 constat
688 1386 824 1430 genus
837 1373 1098 1428 humanum,
1114 1373 1256 1431 primo
1277 1382 1326 1416 ut
1342 1373 1490 1416 vivant

99 1442 299 1487 homines
319 1460 328 1487 2
346 1441 423 1485 sed
444 1442 548 1502 quia
568 1441 791 1500 diligentia
808 1442 1084 1503 quantalibet
1105 1443 1277 1502 corpori
1295 1444 1489 1488 adhibita

99 1527 190 1557 non
209 1521 391 1571 possunt
421 1512 575 1572 utique
607 1527 776 1572 semper
802 1513 975 1571 vivere3
1000 1528 1272 1574 consequens
1297 1514 1489 1573 provisio

99 1592 189 1639 est,
215 1592 267 1627 ut
287 1592 510 1628 nascentes
527 1583 763 1628 succedant
779 1583 1083 1628 morientibus.
1120 1585 1226 1635 Quia
1249 1586 1308 1627 ita
1331 1594 1394 1628 est
1416 1600 1489 1643 ge-

98 1669 180 1699 nus
201 1655 469 1710 humanum,
489 1655 599 1714 sicu-t
622 1654 835 1712 scriptum
857 1662 944 1709 est,
974 1653 1198 1712 quomodo
1219 1654 1326 1699 folia
1353 1656 1399 1698 in
1421 1671 1490 1699 ar-

98 1725 205 1770 bore
228 1744 236 1770 :
256 1725 388 1769 sedin
402 1725 556 1769 arbore
573 1725 686 1779 olea,
707 1723 775 1768 vel
786 1723 931 1780 lauro,
957 1724 1027 1769 vel
1049 1724 1194 1785 aliqua
1217 1726 1486 1785 hujusmodi,

98 1811 198 1855 quae
220 1809 450 1854 nunquam
468 1795 558 1839 sine
575 1809 700 1839 coma
724 1803 810 1853 est3
832 1793 907 1839 sed
929 1803 1076 1839 tamen
1098 1811 1186 1840 non
1209 1795 1361 1840 eadem
1384 1812 1488 1840 sem-

99 1881 175 1925 per
196 1865 330 1910 habet
349 1863 495 1909 folia1.
522 1868 630 1911 Nam
652 1866 876 1925 quomodo
897 1866 1106 1924 scriptum
1123 1875 1206 1910 est:
1223 1866 1343 1911 «Alia
1359 1882 1489 1924 genc-

100 1954 121 1977 »
135 1944 217 1990 rat,
239 1944 282 1980 et
299 1934 380 1979 alia
399 1934 616 1994 dejicit²:»
638 1934 740 1994 quia
755 1949 804 1978 ea
821 1950 920 1994 quae
943 1935 1233 1980 suboriuntur
1249 1937 1490 1982 succedunt

98 2005 328 2050 ruentibus
356 2004 463 2049 aliis.
499 2006 678 2063 Semper
700 2005 818 2048 enim
842 2004 988 2064 dejicit
1011 2004 1113 2049 folia
1131 2041 1141 2060 ,
1168 2022 1337 2066 semper
1375 2006 1488 2052 soliis

98 2076 250 2120 vestita
271 2083 350 2119 est.
380 2075 447 2120 Sic
469 2084 512 2119 et
535 2089 669 2133 genus
692 2075 939 2119 humanum
973 2076 1172 2135 quotidie
1206 2078 1486 2122 morientium

99 2145 360 2191 detrimenta
379 2161 469 2191 non
490 2146 647 2201 sentit,
673 2161 751 2204 per
778 2145 1083 2205 supplementa
1112 2149 1382 2192 nascentium
1410 2168 1418 2193 :
1444 2158 1487 2193 et

100 2216 159 2260 sic
181 2231 259 2276 pro
281 2215 412 2260 modo
433 2231 511 2260 suo
538 2224 622 2260 stat
649 2216 847 2260 universa
878 2217 1039 2276 species
1073 2219 1240 2276 generis
1270 2219 1450 2262 humani
1475 2239 1483 2264 :

100 2297 144 2332 et
160 2287 272 2331 sicut
289 2284 393 2330 folia
413 2287 458 2330 in
481 2286 635 2331 arbore
651 2302 820 2347 semper
840 2287 1062 2344 videntur,
1074 2289 1131 2332 ita
1146 2289 1274 2348 plena
1298 2289 1487 2334 homini-

100 2358 303 2402 busterra
319 2357 597 2416 conspicitur.
618 2357 659 2402 Si
674 2366 818 2401 autem
836 2368 1110 2402 morerentur
1126 2368 1312 2414 tantum,
1334 2369 1376 2404 et
1397 2376 1486 2405 non

103 2437 405 2485 nascerentur3
444 2426 564 2471 velut
602 2428 775 2473 arbores
805 2429 1005 2488 quaedam
1031 2429 1234 2474 omnibus
1258 2429 1370 2475 foliis
1390 2466 1401 2486 ‚
1426 2432 1485 2476 ita

104 2508 219 2543 terra
240 2499 442 2544 omnibus
460 2498 712 2544 hominibus
729 2498 983 2545 nudaretur.

157 2590 164 2607 ¹
189 2583 287 2617 Eccli.
306 2594 370 2624 xxv,
394 2584 443 2616 18.
466 2599 505 2607 -
532 2582 709 2625 21bid.19.
