<?xml version="1.0" encoding="UTF-8"?>
<!DOCTYPE html PUBLIC "-//W3C//DTD XHTML 1.0 Transitional//EN"
    "http://www.w3.org/TR/xhtml1/DTD/xhtml1-transitional.dtd">
<html xmlns="http://www.w3.org/1999/xhtml" xml:lang="en" lang="en">
 <head>
  <title>
</title>
<meta http-equiv="Content-Type" content="text/html;charset=utf-8" />
  <meta name='ocr-system' content='tesseract 3.04.00' />
  <meta name='ocr-capabilities' content='ocr_page ocr_carea ocr_par ocr_line ocrx_word'/>
</head>
<body>
  <div class='ocr_page' id='page_1' title='image "./operaomniaaccura18auguuoft_0183.png"; bbox 0 0 1898 3178; ppageno 0'>
   <div class='ocr_carea' id='block_1_1' title="bbox 0 0 61 3178">
    <p class='ocr_par' dir='ltr' id='par_1_1' title="bbox 0 0 61 3178">
     <span class='ocr_line' id='line_1_1' title="bbox 0 0 61 3178; baseline 0 0"><span class='ocrx_word' id='word_1_1' title='bbox 0 0 61 3178; x_wconf 95' lang='lat' dir='ltr'> </span> 
     </span>
    </p>
   </div>
   <div class='ocr_carea' id='block_1_2' title="bbox 398 237 1484 282">
    <p class='ocr_par' dir='ltr' id='par_1_2' title="bbox 398 237 1484 282">
     <span class='ocr_line' id='line_1_2' title="bbox 398 237 1484 282; baseline 0.001 -10"><span class='ocrx_word' id='word_1_2' title='bbox 398 246 537 273; x_wconf 63' lang='lat' dir='ltr'>senno</span> <span class='ocrx_word' id='word_1_3' title='bbox 570 245 649 282; x_wconf 70' lang='grc' dir='ltr'>ιν,</span> <span class='ocrx_word' id='word_1_4' title='bbox 684 246 737 271; x_wconf 86' lang='lat' dir='ltr'>DE</span> <span class='ocrx_word' id='word_1_5' title='bbox 770 246 916 274; x_wconf 71' lang='lat' dir='ltr'>vssnms</span> <span class='ocrx_word' id='word_1_6' title='bbox 947 244 1111 273; x_wconf 77' lang='grc' dir='ltr'><strong>ΜΑΤΤΗ.</strong></span> <span class='ocrx_word' id='word_1_7' title='bbox 1148 246 1189 272; x_wconf 93' lang='lat' dir='ltr'>v.</span> <span class='ocrx_word' id='word_1_8' title='bbox 1404 237 1484 273; x_wconf 82' lang='lat'>173</span> 
     </span>
    </p>
   </div>
   <div class='ocr_carea' id='block_1_3' title="bbox 101 307 1497 2541">
    <p class='ocr_par' dir='ltr' id='par_1_3' title="bbox 101 307 1494 1486">
     <span class='ocr_line' id='line_1_3' title="bbox 105 307 1482 364; baseline 0.001 -10"><span class='ocrx_word' id='word_1_9' title='bbox 105 309 231 354; x_wconf 88' lang='lat' dir='ltr'>nobis</span> <span class='ocrx_word' id='word_1_10' title='bbox 257 309 311 353; x_wconf 91' lang='lat' dir='ltr'>de</span> <span class='ocrx_word' id='word_1_11' title='bbox 337 309 475 353; x_wconf 88' lang='lat' dir='ltr'>nobis.</span> <span class='ocrx_word' id='word_1_12' title='bbox 498 308 608 361; x_wconf 85' lang='lat' dir='ltr'>Quia</span> <span class='ocrx_word' id='word_1_13' title='bbox 642 307 883 354; x_wconf 85' lang='lat' dir='ltr'><strong>dimisimus</strong></span> <span class='ocrx_word' id='word_1_14' title='bbox 907 319 949 353; x_wconf 89' lang='lat' dir='ltr'>te</span> <span class='ocrx_word' id='word_1_15' title='bbox 966 345 977 364; x_wconf 82' lang='lat'>,</span> <span class='ocrx_word' id='word_1_16' title='bbox 1014 309 1210 354; x_wconf 83' lang='lat' dir='ltr'>dimisisti</span> <span class='ocrx_word' id='word_1_17' title='bbox 1243 324 1321 353; x_wconf 90' lang='lat' dir='ltr'>nos</span> <span class='ocrx_word' id='word_1_18' title='bbox 1344 310 1482 355; x_wconf 82' lang='lat' dir='ltr'>nobis.</span> 
     </span>
     <span class='ocr_line' id='line_1_4' title="bbox 106 379 1484 438; baseline -0.001 -14"><span class='ocrx_word' id='word_1_19' title='bbox 106 380 493 436; x_wconf 86' lang='lat' dir='ltr'>Inveniamurergo</span> <span class='ocrx_word' id='word_1_20' title='bbox 509 379 554 422; x_wconf 91' lang='lat' dir='ltr'>in</span> <span class='ocrx_word' id='word_1_21' title='bbox 567 387 625 434; x_wconf 83' lang='lat' dir='ltr'>te,</span> <span class='ocrx_word' id='word_1_22' title='bbox 646 379 747 438; x_wconf 92' lang='lat' dir='ltr'>quia</span> <span class='ocrx_word' id='word_1_23' title='bbox 761 380 1078 438; x_wconf 89' lang='lat' dir='ltr'>perieramusin</span> <span class='ocrx_word' id='word_1_24' title='bbox 1091 379 1232 424; x_wconf 88' lang='lat' dir='ltr'>nobis.</span> <span class='ocrx_word' id='word_1_25' title='bbox 1255 397 1272 418; x_wconf 89' lang='lat'>«</span> <span class='ocrx_word' id='word_1_26' title='bbox 1287 381 1484 435; x_wconf 80' lang='lat' dir='ltr'>Domine,</span> 
     </span>
     <span class='ocr_line' id='line_1_5' title="bbox 106 447 1490 508; baseline 0.001 -17"><span class='ocrx_word' id='word_1_27' title='bbox 106 449 349 507; x_wconf 84' lang='lat' dir='ltr'>»refugium</span> <span class='ocrx_word' id='word_1_28' title='bbox 368 447 508 493; x_wconf 86' lang='lat' dir='ltr'>factus</span> <span class='ocrx_word' id='word_1_29' title='bbox 527 463 570 493; x_wconf 91' lang='lat' dir='ltr'>es</span> <span class='ocrx_word' id='word_1_30' title='bbox 593 448 734 493; x_wconf 89' lang='lat' dir='ltr'>nobis.</span> <span class='ocrx_word' id='word_1_31' title='bbox 754 466 775 489; x_wconf 73' lang='lat'>&gt;1</span> <span class='ocrx_word' id='word_1_32' title='bbox 796 448 911 502; x_wconf 89' lang='lat' dir='ltr'>Quid</span> <span class='ocrx_word' id='word_1_33' title='bbox 925 465 1050 508; x_wconf 86' lang='lat' dir='ltr'>ergo,</span> <span class='ocrx_word' id='word_1_34' title='bbox 1066 450 1219 494; x_wconf 84' lang='lat' dir='ltr'>fratres</span> <span class='ocrx_word' id='word_1_35' title='bbox 1239 450 1340 505; x_wconf 85' lang='lat' dir='ltr'>mei,</span> <span class='ocrx_word' id='word_1_36' title='bbox 1360 449 1490 494; x_wconf 87' lang='lat' dir='ltr'>dubi-</span> 
     </span>
     <span class='ocr_line' id='line_1_6' title="bbox 103 517 1490 578; baseline 0 -15"><span class='ocrx_word' id='word_1_37' title='bbox 103 528 194 563; x_wconf 87' lang='lat' dir='ltr'>tare</span> <span class='ocrx_word' id='word_1_38' title='bbox 213 517 421 562; x_wconf 87' lang='lat' dir='ltr'>debemus</span> <span class='ocrx_word' id='word_1_39' title='bbox 437 553 448 574; x_wconf 91' lang='lat'>‚</span> <span class='ocrx_word' id='word_1_40' title='bbox 473 519 576 578; x_wconf 89' lang='lat' dir='ltr'>quia</span> <span class='ocrx_word' id='word_1_41' title='bbox 595 527 844 563; x_wconf 88' lang='lat' dir='ltr'>mansuetos</span> <span class='ocrx_word' id='word_1_42' title='bbox 867 534 946 563; x_wconf 90' lang='lat' dir='ltr'>nos</span> <span class='ocrx_word' id='word_1_43' title='bbox 962 518 1091 564; x_wconf 88' lang='lat' dir='ltr'>saciet</span> <span class='ocrx_word' id='word_1_44' title='bbox 1105 519 1314 564; x_wconf 91' lang='lat' dir='ltr'>Dominus</span> <span class='ocrx_word' id='word_1_45' title='bbox 1328 555 1340 575; x_wconf 87' lang='lat'>‚</span> <span class='ocrx_word' id='word_1_46' title='bbox 1357 520 1392 564; x_wconf 88' lang='lat' dir='ltr'>si</span> <span class='ocrx_word' id='word_1_47' title='bbox 1413 535 1490 564; x_wconf 88' lang='lat' dir='ltr'>nos</span> 
     </span>
     <span class='ocr_line' id='line_1_7' title="bbox 102 587 1489 649; baseline 0 -16"><span class='ocrx_word' id='word_1_48' title='bbox 102 587 343 633; x_wconf 89' lang='lat' dir='ltr'>domandos</span> <span class='ocrx_word' id='word_1_49' title='bbox 377 588 416 632; x_wconf 89' lang='lat' dir='ltr'>ei</span> <span class='ocrx_word' id='word_1_50' title='bbox 448 588 749 648; x_wconf 69' lang='lat' dir='ltr'>praebeamus?</span> <span class='ocrx_word' id='word_1_51' title='bbox 775 589 989 633; x_wconf 88' lang='lat' dir='ltr'>Domuisti</span> <span class='ocrx_word' id='word_1_52' title='bbox 1016 588 1211 645; x_wconf 85' lang='lat' dir='ltr'>leonem,</span> <span class='ocrx_word' id='word_1_53' title='bbox 1235 605 1368 649; x_wconf 88' lang='lat' dir='ltr'>quem</span> <span class='ocrx_word' id='word_1_54' title='bbox 1400 605 1489 634; x_wconf 88' lang='lat' dir='ltr'>non</span> 
     </span>
     <span class='ocr_line' id='line_1_8' title="bbox 101 656 1490 718; baseline 0.001 -16"><span class='ocrx_word' id='word_1_55' title='bbox 101 657 268 716; x_wconf 80' lang='lat' dir='ltr'>fecisti3</span> <span class='ocrx_word' id='word_1_56' title='bbox 292 673 382 703; x_wconf 91' lang='lat' dir='ltr'>non</span> <span class='ocrx_word' id='word_1_57' title='bbox 412 658 562 703; x_wconf 86' lang='lat' dir='ltr'>domat</span> <span class='ocrx_word' id='word_1_58' title='bbox 579 667 644 714; x_wconf 85' lang='lat' dir='ltr'>te,</span> <span class='ocrx_word' id='word_1_59' title='bbox 679 659 756 718; x_wconf 90' lang='lat' dir='ltr'>qui</span> <span class='ocrx_word' id='word_1_60' title='bbox 799 656 903 703; x_wconf 87' lang='lat' dir='ltr'>fecit</span> <span class='ocrx_word' id='word_1_61' title='bbox 938 660 1009 702; x_wconf 77' lang='lat' dir='ltr'>te?</span> <span class='ocrx_word' id='word_1_62' title='bbox 1042 659 1163 703; x_wconf 85' lang='lat' dir='ltr'>Unde</span> <span class='ocrx_word' id='word_1_63' title='bbox 1192 659 1306 703; x_wconf 91' lang='lat' dir='ltr'>enim</span> <span class='ocrx_word' id='word_1_64' title='bbox 1334 659 1490 704; x_wconf 79' lang='lat' dir='ltr'>bestias</span> 
     </span>
     <span class='ocr_line' id='line_1_9' title="bbox 102 728 1490 789; baseline 0.001 -17"><span class='ocrx_word' id='word_1_65' title='bbox 102 737 192 772; x_wconf 91' lang='lat' dir='ltr'>tam</span> <span class='ocrx_word' id='word_1_66' title='bbox 207 728 417 772; x_wconf 83' lang='lat' dir='ltr'>immanes</span> <span class='ocrx_word' id='word_1_67' title='bbox 435 729 610 773; x_wconf 86' lang='lat' dir='ltr'>domare</span> <span class='ocrx_word' id='word_1_68' title='bbox 632 728 842 788; x_wconf 82' lang='lat' dir='ltr'>potuisti?</span> <span class='ocrx_word' id='word_1_69' title='bbox 858 728 1082 788; x_wconf 85' lang='lat' dir='ltr'>Numquid</span> <span class='ocrx_word' id='word_1_70' title='bbox 1103 729 1162 772; x_wconf 89' lang='lat' dir='ltr'>eis</span> <span class='ocrx_word' id='word_1_71' title='bbox 1179 730 1362 789; x_wconf 83' lang='lat' dir='ltr'>aequaris</span> <span class='ocrx_word' id='word_1_72' title='bbox 1387 730 1490 773; x_wconf 89' lang='lat' dir='ltr'>viri-</span> 
     </span>
     <span class='ocr_line' id='line_1_10' title="bbox 102 797 1491 857; baseline 0 -15"><span class='ocrx_word' id='word_1_73' title='bbox 102 798 185 842; x_wconf 91' lang='lat' dir='ltr'>bus</span> <span class='ocrx_word' id='word_1_74' title='bbox 206 797 423 857; x_wconf 77' lang='lat' dir='ltr'>corporis‘?</span> <span class='ocrx_word' id='word_1_75' title='bbox 452 802 545 851; x_wconf 86' lang='lat' dir='ltr'>Qua</span> <span class='ocrx_word' id='word_1_76' title='bbox 583 813 684 857; x_wconf 83' lang='lat' dir='ltr'>ergo</span> <span class='ocrx_word' id='word_1_77' title='bbox 718 799 879 843; x_wconf 87' lang='lat' dir='ltr'>virtute</span> <span class='ocrx_word' id='word_1_78' title='bbox 908 799 1104 856; x_wconf 86' lang='lat' dir='ltr'>ingentes</span> <span class='ocrx_word' id='word_1_79' title='bbox 1131 799 1287 842; x_wconf 82' lang='lat' dir='ltr'>bestias</span> <span class='ocrx_word' id='word_1_80' title='bbox 1314 799 1491 843; x_wconf 88' lang='lat' dir='ltr'>domare</span> 
     </span>
     <span class='ocr_line' id='line_1_11' title="bbox 103 869 1491 928; baseline -0.001 -15"><span class='ocrx_word' id='word_1_81' title='bbox 103 869 315 928; x_wconf 81' lang='lat' dir='ltr'>potuisti?</span> <span class='ocrx_word' id='word_1_82' title='bbox 339 871 434 928; x_wconf 89' lang='lat' dir='ltr'>Ipsa</span> <span class='ocrx_word' id='word_1_83' title='bbox 454 870 653 928; x_wconf 88' lang='lat' dir='ltr'>jumenta</span> <span class='ocrx_word' id='word_1_84' title='bbox 677 885 775 928; x_wconf 88' lang='lat' dir='ltr'>quae</span> <span class='ocrx_word' id='word_1_85' title='bbox 807 869 1036 923; x_wconf 84' lang='lat' dir='ltr'>dicuntur,</span> <span class='ocrx_word' id='word_1_86' title='bbox 1070 869 1218 912; x_wconf 91' lang='lat' dir='ltr'>bestiae</span> <span class='ocrx_word' id='word_1_87' title='bbox 1252 878 1367 913; x_wconf 91' lang='lat' dir='ltr'>sunt.</span> <span class='ocrx_word' id='word_1_88' title='bbox 1394 872 1491 913; x_wconf 87' lang='lat' dir='ltr'>Non</span> 
     </span>
     <span class='ocr_line' id='line_1_12' title="bbox 103 938 1493 1000; baseline 0 -18"><span class='ocrx_word' id='word_1_89' title='bbox 103 939 219 983; x_wconf 89' lang='lat' dir='ltr'>enim</span> <span class='ocrx_word' id='word_1_90' title='bbox 240 938 452 984; x_wconf 90' lang='lat' dir='ltr'>indomita</span> <span class='ocrx_word' id='word_1_91' title='bbox 473 939 731 984; x_wconf 86' lang='lat' dir='ltr'>tolerantur.</span> <span class='ocrx_word' id='word_1_92' title='bbox 757 939 841 984; x_wconf 89' lang='lat' dir='ltr'>Sed</span> <span class='ocrx_word' id='word_1_93' title='bbox 859 940 961 1000; x_wconf 87' lang='lat' dir='ltr'>quia</span> <span class='ocrx_word' id='word_1_94' title='bbox 982 955 1072 984; x_wconf 91' lang='lat' dir='ltr'>non</span> <span class='ocrx_word' id='word_1_95' title='bbox 1086 954 1154 983; x_wconf 89' lang='lat' dir='ltr'>eas</span> <span class='ocrx_word' id='word_1_96' title='bbox 1171 940 1292 983; x_wconf 89' lang='lat' dir='ltr'>novit</span> <span class='ocrx_word' id='word_1_97' title='bbox 1314 955 1493 983; x_wconf 86' lang='lat' dir='ltr'>eonsue-</span> 
     </span>
     <span class='ocr_line' id='line_1_13' title="bbox 104 1008 1493 1063; baseline 0 -11"><span class='ocrx_word' id='word_1_98' title='bbox 104 1008 234 1063; x_wconf 88' lang='lat' dir='ltr'>tudo,</span> <span class='ocrx_word' id='word_1_99' title='bbox 256 1008 338 1053; x_wconf 93' lang='lat' dir='ltr'>nisi</span> <span class='ocrx_word' id='word_1_100' title='bbox 358 1008 405 1052; x_wconf 85' lang='lat' dir='ltr'>in</span> <span class='ocrx_word' id='word_1_101' title='bbox 422 1009 626 1053; x_wconf 89' lang='lat' dir='ltr'>manibus</span> <span class='ocrx_word' id='word_1_102' title='bbox 645 1009 873 1054; x_wconf 90' lang='lat' dir='ltr'>hominum</span> <span class='ocrx_word' id='word_1_103' title='bbox 897 1019 941 1053; x_wconf 89' lang='lat' dir='ltr'>et</span> <span class='ocrx_word' id='word_1_104' title='bbox 957 1010 1038 1054; x_wconf 92' lang='lat' dir='ltr'>sub</span> <span class='ocrx_word' id='word_1_105' title='bbox 1054 1008 1184 1053; x_wconf 82' lang='lat' dir='ltr'>frenis</span> <span class='ocrx_word' id='word_1_106' title='bbox 1199 1009 1428 1053; x_wconf 89' lang='lat' dir='ltr'>hominum</span> <span class='ocrx_word' id='word_1_107' title='bbox 1450 1018 1493 1052; x_wconf 82' lang='lat' dir='ltr'>et</span> 
     </span>
     <span class='ocr_line' id='line_1_14' title="bbox 102 1078 1491 1138; baseline -0.001 -16"><span class='ocrx_word' id='word_1_108' title='bbox 102 1078 184 1122; x_wconf 91' lang='lat' dir='ltr'>sub</span> <span class='ocrx_word' id='word_1_109' title='bbox 218 1087 428 1137; x_wconf 85' lang='lat' dir='ltr'>potestate</span> <span class='ocrx_word' id='word_1_110' title='bbox 456 1078 702 1134; x_wconf 84' lang='lat' dir='ltr'>hominum,</span> <span class='ocrx_word' id='word_1_111' title='bbox 735 1088 861 1138; x_wconf 86' lang='lat' dir='ltr'>putas</span> <span class='ocrx_word' id='word_1_112' title='bbox 893 1095 962 1122; x_wconf 88' lang='lat' dir='ltr'>eas</span> <span class='ocrx_word' id='word_1_113' title='bbox 988 1087 1235 1123; x_wconf 84' lang='lat' dir='ltr'>mansuetas</span> <span class='ocrx_word' id='word_1_114' title='bbox 1270 1079 1388 1123; x_wconf 87' lang='lat' dir='ltr'>nasci</span> <span class='ocrx_word' id='word_1_115' title='bbox 1414 1094 1491 1137; x_wconf 75' lang='lat' dir='ltr'>po—›</span> 
     </span>
     <span class='ocr_line' id='line_1_15' title="bbox 102 1147 1492 1206; baseline -0.001 -14"><span class='ocrx_word' id='word_1_116' title='bbox 102 1149 260 1192; x_wconf 84' lang='lat' dir='ltr'>tuisse?</span> <span class='ocrx_word' id='word_1_117' title='bbox 297 1150 424 1192; x_wconf 87' lang='lat' dir='ltr'>Certe</span> <span class='ocrx_word' id='word_1_118' title='bbox 458 1147 568 1192; x_wconf 90' lang='lat' dir='ltr'>feras</span> <span class='ocrx_word' id='word_1_119' title='bbox 604 1149 816 1192; x_wconf 83' lang='lat' dir='ltr'>immanes</span> <span class='ocrx_word' id='word_1_120' title='bbox 855 1147 1048 1193; x_wconf 80' lang='lat' dir='ltr'>attende.</span> <span class='ocrx_word' id='word_1_121' title='bbox 1086 1148 1250 1192; x_wconf 87' lang='lat' dir='ltr'>Fremit</span> <span class='ocrx_word' id='word_1_122' title='bbox 1272 1147 1340 1192; x_wconf 91' lang='lat' dir='ltr'>leo</span> <span class='ocrx_word' id='word_1_123' title='bbox 1355 1183 1365 1202; x_wconf 84' lang='lat'>‚</span> <span class='ocrx_word' id='word_1_124' title='bbox 1402 1148 1492 1206; x_wconf 75' lang='lat' dir='ltr'>quis</span> 
     </span>
     <span class='ocr_line' id='line_1_16' title="bbox 102 1217 1493 1276; baseline -0.001 -14"><span class='ocrx_word' id='word_1_125' title='bbox 102 1233 192 1262; x_wconf 90' lang='lat' dir='ltr'>non</span> <span class='ocrx_word' id='word_1_126' title='bbox 214 1217 395 1261; x_wconf 79' lang='lat' dir='ltr'>timeat?</span> <span class='ocrx_word' id='word_1_127' title='bbox 413 1221 471 1262; x_wconf 89' lang='lat' dir='ltr'>Et</span> <span class='ocrx_word' id='word_1_128' title='bbox 498 1227 645 1262; x_wconf 89' lang='lat' dir='ltr'>tamen</span> <span class='ocrx_word' id='word_1_129' title='bbox 667 1217 785 1261; x_wconf 91' lang='lat' dir='ltr'>unde</span> <span class='ocrx_word' id='word_1_130' title='bbox 827 1227 870 1262; x_wconf 92' lang='lat' dir='ltr'>te</span> <span class='ocrx_word' id='word_1_131' title='bbox 899 1217 1104 1276; x_wconf 81' lang='lat' dir='ltr'>intelligis</span> <span class='ocrx_word' id='word_1_132' title='bbox 1128 1217 1364 1261; x_wconf 80' lang='lat' dir='ltr'>fortiorem.</span> <span class='ocrx_word' id='word_1_133' title='bbox 1396 1220 1493 1261; x_wconf 81' lang='lat' dir='ltr'>Non</span> 
     </span>
     <span class='ocr_line' id='line_1_17' title="bbox 102 1287 1494 1347; baseline -0.001 -14"><span class='ocrx_word' id='word_1_134' title='bbox 102 1288 294 1347; x_wconf 87' lang='lat' dir='ltr'>corporis</span> <span class='ocrx_word' id='word_1_135' title='bbox 315 1287 498 1341; x_wconf 90' lang='lat' dir='ltr'>virtute,</span> <span class='ocrx_word' id='word_1_136' title='bbox 531 1287 607 1331; x_wconf 90' lang='lat' dir='ltr'>sed</span> <span class='ocrx_word' id='word_1_137' title='bbox 628 1288 787 1332; x_wconf 89' lang='lat' dir='ltr'>mentis</span> <span class='ocrx_word' id='word_1_138' title='bbox 814 1287 980 1332; x_wconf 82' lang='lat' dir='ltr'>ratione</span> <span class='ocrx_word' id='word_1_139' title='bbox 1009 1288 1228 1331; x_wconf 86' lang='lat' dir='ltr'>interiore.</span> <span class='ocrx_word' id='word_1_140' title='bbox 1256 1289 1428 1332; x_wconf 83' lang='lat' dir='ltr'>Fortior</span> <span class='ocrx_word' id='word_1_141' title='bbox 1451 1304 1494 1332; x_wconf 87' lang='lat' dir='ltr'>es</span> 
     </span>
     <span class='ocr_line' id='line_1_18' title="bbox 103 1356 1492 1415; baseline -0.001 -12"><span class='ocrx_word' id='word_1_142' title='bbox 103 1358 230 1403; x_wconf 88' lang='lat' dir='ltr'>leone</span> <span class='ocrx_word' id='word_1_143' title='bbox 246 1393 258 1413; x_wconf 89' lang='lat'>‚</span> <span class='ocrx_word' id='word_1_144' title='bbox 291 1356 410 1402; x_wconf 81' lang='lat' dir='ltr'>unde</span> <span class='ocrx_word' id='word_1_145' title='bbox 436 1357 578 1402; x_wconf 84' lang='lat' dir='ltr'>factus</span> <span class='ocrx_word' id='word_1_146' title='bbox 609 1373 652 1401; x_wconf 91' lang='lat' dir='ltr'>es</span> <span class='ocrx_word' id='word_1_147' title='bbox 679 1358 734 1402; x_wconf 85' lang='lat' dir='ltr'>ad</span> <span class='ocrx_word' id='word_1_148' title='bbox 756 1357 988 1415; x_wconf 83' lang='lat' dir='ltr'>imaginem</span> <span class='ocrx_word' id='word_1_149' title='bbox 1009 1358 1100 1401; x_wconf 91' lang='lat' dir='ltr'>Dei.</span> <span class='ocrx_word' id='word_1_150' title='bbox 1133 1360 1280 1414; x_wconf 83' lang='lat' dir='ltr'>Imago</span> <span class='ocrx_word' id='word_1_151' title='bbox 1301 1359 1379 1402; x_wconf 89' lang='lat' dir='ltr'>Dei</span> <span class='ocrx_word' id='word_1_152' title='bbox 1411 1358 1492 1401; x_wconf 89' lang='lat' dir='ltr'>do-</span> 
     </span>
     <span class='ocr_line' id='line_1_19' title="bbox 105 1427 1274 1486; baseline -0.003 -13"><span class='ocrx_word' id='word_1_153' title='bbox 105 1437 195 1473; x_wconf 88' lang='lat' dir='ltr'>mat</span> <span class='ocrx_word' id='word_1_154' title='bbox 218 1427 377 1486; x_wconf 77' lang='lat' dir='ltr'>feram3</span> <span class='ocrx_word' id='word_1_155' title='bbox 401 1437 445 1472; x_wconf 88' lang='lat' dir='ltr'>et</span> <span class='ocrx_word' id='word_1_156' title='bbox 460 1443 550 1472; x_wconf 92' lang='lat' dir='ltr'>non</span> <span class='ocrx_word' id='word_1_157' title='bbox 571 1428 720 1472; x_wconf 89' lang='lat' dir='ltr'>domat</span> <span class='ocrx_word' id='word_1_158' title='bbox 738 1431 851 1472; x_wconf 91' lang='lat' dir='ltr'>Deus</span> <span class='ocrx_word' id='word_1_159' title='bbox 874 1428 1108 1486; x_wconf 84' lang='lat' dir='ltr'>imaginem</span> <span class='ocrx_word' id='word_1_160' title='bbox 1126 1429 1274 1471; x_wconf 78' lang='lat' dir='ltr'>suam?</span> 
     </span>
    </p>

    <p class='ocr_par' dir='ltr' id='par_1_4' title="bbox 102 1497 1497 2541">
     <span class='ocr_line' id='line_1_20' title="bbox 164 1497 1494 1558; baseline -0.002 -14"><span class='ocrx_word' id='word_1_161' title='bbox 164 1502 240 1544; x_wconf 85' lang='lat' dir='ltr'>IV.</span> <span class='ocrx_word' id='word_1_162' title='bbox 267 1502 320 1544; x_wconf 89' lang='lat' dir='ltr'>In</span> <span class='ocrx_word' id='word_1_163' title='bbox 334 1499 410 1543; x_wconf 91' lang='lat' dir='ltr'>illo</span> <span class='ocrx_word' id='word_1_164' title='bbox 427 1515 522 1558; x_wconf 91' lang='lat' dir='ltr'>spes</span> <span class='ocrx_word' id='word_1_165' title='bbox 540 1508 625 1554; x_wconf 85' lang='lat' dir='ltr'>est,</span> <span class='ocrx_word' id='word_1_166' title='bbox 652 1500 690 1542; x_wconf 90' lang='lat' dir='ltr'>ei</span> <span class='ocrx_word' id='word_1_167' title='bbox 708 1515 786 1543; x_wconf 88' lang='lat' dir='ltr'>nos</span> <span class='ocrx_word' id='word_1_168' title='bbox 815 1497 1074 1553; x_wconf 80' lang='lat' dir='ltr'>subdamus,</span> <span class='ocrx_word' id='word_1_169' title='bbox 1095 1507 1139 1541; x_wconf 88' lang='lat' dir='ltr'>et</span> <span class='ocrx_word' id='word_1_170' title='bbox 1154 1498 1494 1542; x_wconf 87' lang='lat' dir='ltr'>misericordiam</span> 
     </span>
     <span class='ocr_line' id='line_1_21' title="bbox 104 1568 1494 1630; baseline 0 -16"><span class='ocrx_word' id='word_1_171' title='bbox 104 1585 346 1630; x_wconf 85' lang='lat' dir='ltr'>precemur.</span> <span class='ocrx_word' id='word_1_172' title='bbox 370 1573 422 1614; x_wconf 90' lang='lat' dir='ltr'>In</span> <span class='ocrx_word' id='word_1_173' title='bbox 445 1569 520 1614; x_wconf 88' lang='lat' dir='ltr'>illo</span> <span class='ocrx_word' id='word_1_174' title='bbox 547 1584 669 1629; x_wconf 91' lang='lat' dir='ltr'>spem</span> <span class='ocrx_word' id='word_1_175' title='bbox 696 1578 886 1614; x_wconf 88' lang='lat' dir='ltr'>nostram</span> <span class='ocrx_word' id='word_1_176' title='bbox 916 1584 1129 1628; x_wconf 89' lang='lat' dir='ltr'>ponamus</span> <span class='ocrx_word' id='word_1_177' title='bbox 1149 1604 1160 1623; x_wconf 85' lang='lat'>,</span> <span class='ocrx_word' id='word_1_178' title='bbox 1185 1578 1230 1613; x_wconf 92' lang='lat' dir='ltr'>et</span> <span class='ocrx_word' id='word_1_179' title='bbox 1251 1569 1389 1613; x_wconf 91' lang='lat' dir='ltr'>donec</span> <span class='ocrx_word' id='word_1_180' title='bbox 1413 1568 1494 1614; x_wconf 85' lang='lat' dir='ltr'>do·-</span> 
     </span>
     <span class='ocr_line' id='line_1_22' title="bbox 106 1639 1494 1700; baseline -0.002 -15"><span class='ocrx_word' id='word_1_181' title='bbox 106 1656 277 1685; x_wconf 88' lang='lat' dir='ltr'>memur</span> <span class='ocrx_word' id='word_1_182' title='bbox 298 1650 341 1685; x_wconf 89' lang='lat' dir='ltr'>et</span> <span class='ocrx_word' id='word_1_183' title='bbox 358 1641 668 1700; x_wconf 86' lang='lat' dir='ltr'>perdomemur</span> <span class='ocrx_word' id='word_1_184' title='bbox 684 1675 696 1695; x_wconf 84' lang='lat'>,</span> <span class='ocrx_word' id='word_1_185' title='bbox 720 1641 766 1684; x_wconf 90' lang='lat' dir='ltr'>id</span> <span class='ocrx_word' id='word_1_186' title='bbox 789 1649 876 1694; x_wconf 84' lang='lat' dir='ltr'>est,</span> <span class='ocrx_word' id='word_1_187' title='bbox 910 1640 1183 1699; x_wconf 81' lang='lat' dir='ltr'>perficiamur</span> <span class='ocrx_word' id='word_1_188' title='bbox 1198 1674 1209 1694; x_wconf 91' lang='lat'>,</span> <span class='ocrx_word' id='word_1_189' title='bbox 1236 1639 1494 1683; x_wconf 85' lang='lat' dir='ltr'>domitorem</span> 
     </span>
     <span class='ocr_line' id='line_1_23' title="bbox 107 1704 1495 1770; baseline -0.002 -15"><span class='ocrx_word' id='word_1_190' title='bbox 107 1710 338 1755; x_wconf 85' lang='lat' dir='ltr'>feramus1.</span> <span class='ocrx_word' id='word_1_191' title='bbox 366 1704 630 1770; x_wconf 81' lang='lat' dir='ltr'>Plerumque</span> <span class='ocrx_word' id='word_1_192' title='bbox 658 1711 773 1754; x_wconf 92' lang='lat' dir='ltr'>enim</span> <span class='ocrx_word' id='word_1_193' title='bbox 796 1709 963 1767; x_wconf 89' lang='lat' dir='ltr'>profert</span> <span class='ocrx_word' id='word_1_194' title='bbox 990 1710 1178 1753; x_wconf 89' lang='lat' dir='ltr'>domitor</span> <span class='ocrx_word' id='word_1_195' title='bbox 1196 1719 1343 1754; x_wconf 89' lang='lat' dir='ltr'>noster</span> <span class='ocrx_word' id='word_1_196' title='bbox 1365 1711 1495 1753; x_wconf 87' lang='lat' dir='ltr'>etiam</span> 
     </span>
     <span class='ocr_line' id='line_1_24' title="bbox 106 1777 1496 1838; baseline -0.001 -14"><span class='ocrx_word' id='word_1_197' title='bbox 106 1780 291 1838; x_wconf 87' lang='lat' dir='ltr'>flagella.</span> <span class='ocrx_word' id='word_1_198' title='bbox 321 1780 365 1824; x_wconf 92' lang='lat' dir='ltr'>Si</span> <span class='ocrx_word' id='word_1_199' title='bbox 385 1781 501 1823; x_wconf 89' lang='lat' dir='ltr'>enim</span> <span class='ocrx_word' id='word_1_200' title='bbox 522 1788 572 1823; x_wconf 86' lang='lat' dir='ltr'>tu</span> <span class='ocrx_word' id='word_1_201' title='bbox 595 1779 650 1823; x_wconf 91' lang='lat' dir='ltr'>ad</span> <span class='ocrx_word' id='word_1_202' title='bbox 671 1777 891 1823; x_wconf 85' lang='lat' dir='ltr'>domanda</span> <span class='ocrx_word' id='word_1_203' title='bbox 913 1779 1111 1837; x_wconf 87' lang='lat' dir='ltr'>jumenta</span> <span class='ocrx_word' id='word_1_204' title='bbox 1134 1787 1209 1822; x_wconf 89' lang='lat' dir='ltr'>tua</span> <span class='ocrx_word' id='word_1_205' title='bbox 1230 1778 1398 1837; x_wconf 87' lang='lat' dir='ltr'>profers</span> <span class='ocrx_word' id='word_1_206' title='bbox 1416 1780 1496 1822; x_wconf 81' lang='lat' dir='ltr'>vir-</span> 
     </span>
     <span class='ocr_line' id='line_1_25' title="bbox 107 1846 1495 1909; baseline -0.002 -13"><span class='ocrx_word' id='word_1_207' title='bbox 107 1865 202 1909; x_wconf 87' lang='lat' dir='ltr'>gam</span> <span class='ocrx_word' id='word_1_208' title='bbox 220 1885 231 1906; x_wconf 85' lang='lat'>,</span> <span class='ocrx_word' id='word_1_209' title='bbox 255 1848 422 1909; x_wconf 88' lang='lat' dir='ltr'>profers</span> <span class='ocrx_word' id='word_1_210' title='bbox 452 1848 703 1908; x_wconf 80' lang='lat' dir='ltr'>ssagellum3</span> <span class='ocrx_word' id='word_1_211' title='bbox 738 1851 852 1892; x_wconf 90' lang='lat' dir='ltr'>Deus</span> <span class='ocrx_word' id='word_1_212' title='bbox 885 1863 974 1891; x_wconf 89' lang='lat' dir='ltr'>non</span> <span class='ocrx_word' id='word_1_213' title='bbox 1001 1846 1168 1906; x_wconf 86' lang='lat' dir='ltr'>profert</span> <span class='ocrx_word' id='word_1_214' title='bbox 1199 1846 1255 1891; x_wconf 90' lang='lat' dir='ltr'>ad</span> <span class='ocrx_word' id='word_1_215' title='bbox 1277 1847 1495 1893; x_wconf 83' lang='lat' dir='ltr'>domanda</span> 
     </span>
     <span class='ocr_line' id='line_1_26' title="bbox 102 1916 1496 1981; baseline -0.002 -16"><span class='ocrx_word' id='word_1_216' title='bbox 102 1921 303 1981; x_wconf 77' lang='lat' dir='ltr'>jumenta</span> <span class='ocrx_word' id='word_1_217' title='bbox 330 1935 407 1965; x_wconf 91' lang='lat' dir='ltr'>sua</span> <span class='ocrx_word' id='word_1_218' title='bbox 420 1955 430 1971; x_wconf 93' lang='lat'>‚</span> <span class='ocrx_word' id='word_1_219' title='bbox 456 1919 577 1979; x_wconf 93' lang='lat' dir='ltr'>quod</span> <span class='ocrx_word' id='word_1_220' title='bbox 595 1934 744 1963; x_wconf 89' lang='lat' dir='ltr'>sumus</span> <span class='ocrx_word' id='word_1_221' title='bbox 758 1933 858 1973; x_wconf 84' lang='lat' dir='ltr'>nos,</span> <span class='ocrx_word' id='word_1_222' title='bbox 877 1917 952 1977; x_wconf 88' lang='lat' dir='ltr'>qui</span> <span class='ocrx_word' id='word_1_223' title='bbox 968 1916 1022 1960; x_wconf 90' lang='lat' dir='ltr'>de</span> <span class='ocrx_word' id='word_1_224' title='bbox 1034 1918 1243 1977; x_wconf 88' lang='lat' dir='ltr'>jumentis</span> <span class='ocrx_word' id='word_1_225' title='bbox 1263 1918 1350 1961; x_wconf 90' lang='lat' dir='ltr'>suis</span> <span class='ocrx_word' id='word_1_226' title='bbox 1366 1917 1496 1963; x_wconf 86' lang='lat' dir='ltr'>faciet</span> 
     </span>
     <span class='ocr_line' id='line_1_27' title="bbox 108 1985 1495 2049; baseline -0.002 -14"><span class='ocrx_word' id='word_1_227' title='bbox 108 1990 220 2035; x_wconf 90' lang='lat' dir='ltr'>filios</span> <span class='ocrx_word' id='word_1_228' title='bbox 240 1992 363 2035; x_wconf 79' lang='lat' dir='ltr'>suos?</span> <span class='ocrx_word' id='word_1_229' title='bbox 383 1993 540 2035; x_wconf 88' lang='lat' dir='ltr'>Domas</span> <span class='ocrx_word' id='word_1_230' title='bbox 571 2003 736 2049; x_wconf 90' lang='lat' dir='ltr'>equum</span> <span class='ocrx_word' id='word_1_231' title='bbox 763 1997 889 2032; x_wconf 92' lang='lat' dir='ltr'>tuum</span> <span class='ocrx_word' id='word_1_232' title='bbox 924 2005 933 2031; x_wconf 75' lang='grc' dir='ltr'>ε</span> <span class='ocrx_word' id='word_1_233' title='bbox 964 1986 1072 2047; x_wconf 89' lang='lat' dir='ltr'>quid</span> <span class='ocrx_word' id='word_1_234' title='bbox 1095 1985 1274 2031; x_wconf 88' lang='lat' dir='ltr'>daturus</span> <span class='ocrx_word' id='word_1_235' title='bbox 1306 2002 1350 2030; x_wconf 92' lang='lat' dir='ltr'>es</span> <span class='ocrx_word' id='word_1_236' title='bbox 1382 2003 1495 2047; x_wconf 89' lang='lat' dir='ltr'>equo</span> 
     </span>
     <span class='ocr_line' id='line_1_28' title="bbox 110 2048 1495 2120; baseline -0.003 -15"><span class='ocrx_word' id='word_1_237' title='bbox 110 2070 189 2105; x_wconf 92' lang='lat' dir='ltr'>tuo</span> <span class='ocrx_word' id='word_1_238' title='bbox 200 2095 212 2116; x_wconf 89' lang='lat'>‚</span> <span class='ocrx_word' id='word_1_239' title='bbox 231 2075 331 2106; x_wconf 91' lang='lat' dir='ltr'>cum</span> <span class='ocrx_word' id='word_1_240' title='bbox 347 2069 391 2104; x_wconf 86' lang='lat' dir='ltr'>te</span> <span class='ocrx_word' id='word_1_241' title='bbox 408 2060 590 2120; x_wconf 86' lang='lat' dir='ltr'>coeperit</span> <span class='ocrx_word' id='word_1_242' title='bbox 605 2048 780 2119; x_wconf 81' lang='lat' dir='ltr'>portare</span> <span class='ocrx_word' id='word_1_243' title='bbox 797 2066 1070 2112; x_wconf 73' lang='lat' dir='ltr'>mansuetuS,</span> <span class='ocrx_word' id='word_1_244' title='bbox 1090 2055 1202 2101; x_wconf 86' lang='lat' dir='ltr'>ferre</span> <span class='ocrx_word' id='word_1_245' title='bbox 1222 2056 1495 2117; x_wconf 80' lang='lat' dir='ltr'>disciplinam</span> 
     </span>
     <span class='ocr_line' id='line_1_29' title="bbox 111 2129 1495 2189; baseline -0.003 -13"><span class='ocrx_word' id='word_1_246' title='bbox 111 2140 249 2186; x_wconf 89' lang='lat' dir='ltr'>tuam,</span> <span class='ocrx_word' id='word_1_247' title='bbox 273 2129 451 2175; x_wconf 81' lang='lat' dir='ltr'>obedire</span> <span class='ocrx_word' id='word_1_248' title='bbox 472 2129 653 2189; x_wconf 86' lang='lat' dir='ltr'>imperio</span> <span class='ocrx_word' id='word_1_249' title='bbox 676 2138 776 2184; x_wconf 90' lang='lat' dir='ltr'>tuo,</span> <span class='ocrx_word' id='word_1_250' title='bbox 803 2143 892 2172; x_wconf 89' lang='lat' dir='ltr'>esse</span> <span class='ocrx_word' id='word_1_251' title='bbox 908 2129 1175 2188; x_wconf 80' lang='lat' dir='ltr'>jumentum,</span> <span class='ocrx_word' id='word_1_252' title='bbox 1201 2129 1284 2172; x_wconf 91' lang='lat' dir='ltr'>hoc</span> <span class='ocrx_word' id='word_1_253' title='bbox 1308 2137 1393 2182; x_wconf 84' lang='lat' dir='ltr'>est,</span> <span class='ocrx_word' id='word_1_254' title='bbox 1416 2129 1495 2172; x_wconf 86' lang='lat' dir='ltr'>ad-</span> 
     </span>
     <span class='ocr_line' id='line_1_30' title="bbox 107 2197 1496 2263; baseline -0.003 -17"><span class='ocrx_word' id='word_1_255' title='bbox 107 2204 358 2263; x_wconf 88' lang='lat' dir='ltr'>jumentum</span> <span class='ocrx_word' id='word_1_256' title='bbox 380 2201 641 2245; x_wconf 88' lang='lat' dir='ltr'>infirmitatis</span> <span class='ocrx_word' id='word_1_257' title='bbox 665 2201 781 2244; x_wconf 74' lang='lat' dir='ltr'>tuae?</span> <span class='ocrx_word' id='word_1_258' title='bbox 798 2197 915 2253; x_wconf 83' lang='lat' dir='ltr'>Quid</span> <span class='ocrx_word' id='word_1_259' title='bbox 936 2199 975 2242; x_wconf 87' lang='lat' dir='ltr'>ei</span> <span class='ocrx_word' id='word_1_260' title='bbox 1004 2198 1227 2253; x_wconf 81' lang='lat' dir='ltr'>retribuis,</span> <span class='ocrx_word' id='word_1_261' title='bbox 1262 2213 1392 2257; x_wconf 86' lang='lat' dir='ltr'>quem</span> <span class='ocrx_word' id='word_1_262' title='bbox 1415 2214 1496 2242; x_wconf 89' lang='lat' dir='ltr'>nec</span> 
     </span>
     <span class='ocr_line' id='line_1_31' title="bbox 114 2266 1496 2330; baseline -0.004 -14"><span class='ocrx_word' id='word_1_263' title='bbox 114 2271 266 2317; x_wconf 89' lang='lat' dir='ltr'>saltem</span> <span class='ocrx_word' id='word_1_264' title='bbox 289 2270 442 2330; x_wconf 89' lang='lat' dir='ltr'>sepelis</span> <span class='ocrx_word' id='word_1_265' title='bbox 463 2286 564 2315; x_wconf 89' lang='lat' dir='ltr'>cum</span> <span class='ocrx_word' id='word_1_266' title='bbox 581 2279 779 2315; x_wconf 87' lang='lat' dir='ltr'>mortuus</span> <span class='ocrx_word' id='word_1_267' title='bbox 793 2269 926 2313; x_wconf 85' lang='lat' dir='ltr'>fuerit</span> <span class='ocrx_word' id='word_1_268' title='bbox 941 2303 951 2323; x_wconf 82' lang='lat'>,</span> <span class='ocrx_word' id='word_1_269' title='bbox 972 2266 1046 2311; x_wconf 90' lang='lat' dir='ltr'>sed</span> <span class='ocrx_word' id='word_1_270' title='bbox 1068 2266 1402 2326; x_wconf 88' lang='lat' dir='ltr'>discerpendum</span> <span class='ocrx_word' id='word_1_271' title='bbox 1419 2283 1496 2312; x_wconf 89' lang='lat' dir='ltr'>vo-</span> 
     </span>
     <span class='ocr_line' id='line_1_32' title="bbox 114 2337 1493 2400; baseline -0.003 -14"><span class='ocrx_word' id='word_1_272' title='bbox 114 2341 306 2386; x_wconf 91' lang='lat' dir='ltr'>latilibus</span> <span class='ocrx_word' id='word_1_273' title='bbox 334 2341 534 2400; x_wconf 80' lang='lat' dir='ltr'>projicis?</span> <span class='ocrx_word' id='word_1_274' title='bbox 561 2340 736 2385; x_wconf 90' lang='lat' dir='ltr'>Domito</span> <span class='ocrx_word' id='word_1_275' title='bbox 758 2339 839 2383; x_wconf 91' lang='lat' dir='ltr'>tibi</span> <span class='ocrx_word' id='word_1_276' title='bbox 859 2342 973 2382; x_wconf 91' lang='lat' dir='ltr'>Deus</span> <span class='ocrx_word' id='word_1_277' title='bbox 992 2337 1289 2382; x_wconf 84' lang='lat' dir='ltr'>haereditatem</span> <span class='ocrx_word' id='word_1_278' title='bbox 1325 2348 1465 2382; x_wconf 87' lang='lat' dir='ltr'>servat</span> <span class='ocrx_word' id='word_1_279' title='bbox 1482 2374 1493 2393; x_wconf 78' lang='lat'>,</span> 
     </span>
     <span class='ocr_line' id='line_1_33' title="bbox 113 2409 1497 2472; baseline -0.004 -16"><span class='ocrx_word' id='word_1_280' title='bbox 113 2411 235 2472; x_wconf 90' lang='lat' dir='ltr'>quod</span> <span class='ocrx_word' id='word_1_281' title='bbox 255 2420 318 2455; x_wconf 90' lang='lat' dir='ltr'>est</span> <span class='ocrx_word' id='word_1_282' title='bbox 344 2411 436 2471; x_wconf 87' lang='lat' dir='ltr'>ipse</span> <span class='ocrx_word' id='word_1_283' title='bbox 458 2413 602 2455; x_wconf 91' lang='lat' dir='ltr'>Deus:</span> <span class='ocrx_word' id='word_1_284' title='bbox 628 2419 672 2454; x_wconf 88' lang='lat' dir='ltr'>et</span> <span class='ocrx_word' id='word_1_285' title='bbox 703 2409 757 2454; x_wconf 89' lang='lat' dir='ltr'>ad</span> <span class='ocrx_word' id='word_1_286' title='bbox 787 2419 959 2468; x_wconf 88' lang='lat' dir='ltr'>tempus</span> <span class='ocrx_word' id='word_1_287' title='bbox 990 2417 1210 2453; x_wconf 87' lang='lat' dir='ltr'>mortuum</span> <span class='ocrx_word' id='word_1_288' title='bbox 1227 2442 1238 2462; x_wconf 87' lang='lat'>‚</span> <span class='ocrx_word' id='word_1_289' title='bbox 1277 2409 1497 2452; x_wconf 75' lang='lat' dir='ltr'>resuscitat</span> 
     </span>
     <span class='ocr_line' id='line_1_34' title="bbox 115 2478 1496 2541; baseline -0.003 -14"><span class='ocrx_word' id='word_1_290' title='bbox 115 2492 174 2527; x_wconf 87' lang='lat' dir='ltr'>te.</span> <span class='ocrx_word' id='word_1_291' title='bbox 199 2483 385 2526; x_wconf 87' lang='lat' dir='ltr'>Carnem</span> <span class='ocrx_word' id='word_1_292' title='bbox 410 2491 533 2526; x_wconf 85' lang='lat' dir='ltr'>tuam</span> <span class='ocrx_word' id='word_1_293' title='bbox 555 2496 693 2541; x_wconf 88' lang='lat' dir='ltr'>usque</span> <span class='ocrx_word' id='word_1_294' title='bbox 720 2481 775 2526; x_wconf 88' lang='lat' dir='ltr'>ad</span> <span class='ocrx_word' id='word_1_295' title='bbox 796 2494 1027 2525; x_wconf 87' lang='lat' dir='ltr'>numerum</span> <span class='ocrx_word' id='word_1_296' title='bbox 1059 2479 1312 2539; x_wconf 89' lang='lat' dir='ltr'>capillorum</span> <span class='ocrx_word' id='word_1_297' title='bbox 1342 2478 1496 2524; x_wconf 86' lang='lat' dir='ltr'>reddet</span> 
     </span>
    </p>
   </div>
   <div class='ocr_carea' id='block_1_4' title="bbox 166 2565 552 2599">
    <p class='ocr_par' dir='ltr' id='par_1_5' title="bbox 166 2565 552 2599">
     <span class='ocr_line' id='line_1_35' title="bbox 166 2565 552 2599; baseline -0.003 -1"><span class='ocrx_word' id='word_1_298' title='bbox 166 2574 176 2589; x_wconf 85' lang='lat'>1</span> <span class='ocrx_word' id='word_1_299' title='bbox 198 2565 304 2599; x_wconf 86' lang='lat' dir='ltr'>Florus</span> <span class='ocrx_word' id='word_1_300' title='bbox 319 2566 358 2598; x_wconf 84' lang='lat' dir='ltr'>ad</span> <span class='ocrx_word' id='word_1_301' title='bbox 379 2566 477 2599; x_wconf 88' lang='lat' dir='ltr'>Hebr.</span> <span class='ocrx_word' id='word_1_302' title='bbox 498 2576 552 2598; x_wconf 81' lang='lat' dir='ltr'>xii.</span> 
     </span>
    </p>
   </div>
  </div>
 </body>
</html>
