1898 3178
353 234 491 262 SEmro
522 235 676 272 LXXW,
713 237 765 262 DE.
799 235 944 263 venius
977 235 1140 263 ΜΑΤΤΗ.
1176 234 1267 261 xm.
1413 225 1497 262 333

118 298 199 342 lus.
232 298 460 359 Quidquid
489 308 633 343 autem
657 299 790 344 homo
814 300 954 344 bonus
975 300 1030 344 de
1057 298 1186 345 corde
1203 314 1280 344 suo
1301 299 1496 359 profert,

117 368 284 413 bonum
319 377 383 412 est
417 388 426 413 :
459 369 522 413 ibi
554 369 669 412 enim
703 378 766 413 est
799 370 1026 414 thesaurus
1057 371 1214 414 bonus.
1248 368 1373 414 Unde
1395 385 1500 429 ergo

116 437 178 483 illi
206 439 309 482 mali
331 439 445 483 bona
466 438 761 498 proferebant.
787 439 898 492 Quia
920 440 965 483 in
988 439 1190 484 cathedra
1214 440 1355 497 Moysi
1375 440 1502 484 sede-

117 509 239 554 bant.
251 510 337 555 Nisi
355 510 618 569 praedixisset
636 528 645 554 :
665 528 683 551 «
699 508 960 554 Cathedram
975 510 1114 567 Moysi
1133 508 1285 554 sedent
1298 512 1310 536 ¹
1326 531 1337 568 3
1351 529 1371 551 »
1383 526 1500 555 nun-

117 594 250 640 quam
282 579 417 625 malos
454 580 593 624 audiri
616 581 823 640 jussisset.
863 579 996 624 Aliud
1013 580 1128 624 enim
1151 590 1264 636 erat,
1298 580 1419 641 quod
1447 580 1501 626 de

117 649 233 694 malo
254 650 320 694 sui
341 650 482 695 cordis
504 651 707 695 thesauro
734 648 1038 710 proferebant3
1063 649 1183 695 aliud
1212 652 1332 712 quod
1349 652 1404 696 de
1426 668 1499 697 ca·

118 721 270 766 thedra
307 723 470 780 Moysi,
506 730 715 781 tanquam
746 737 967 781 praecones
999 722 1155 781 judicis
1194 724 1497 782 personabant.

117 793 246 846 Quod
268 793 372 839 dicit
403 809 548 853 praeco
564 828 574 848 ,
599 808 828 853 nunquam
849 794 1042 852 praeconi
1073 793 1308 849 tribuetur,
1339 795 1374 839 si
1402 805 1501 839 ante

110 864 303 924 judicem
332 864 462 909 dicat.
496 863 629 909 Aliud
661 873 725 908 cst
754 865 875 924 quod
902 880 1045 924 praeco
1074 865 1269 925 loquitur
1303 866 1347 908 in
1370 865 1501 910 domo

117 950 192 980 sua
209 971 220 990 ,
244 935 363 980 aliud
395 935 516 996 quod
537 950 679 994 praeco
699 934 895 995 loquitur
927 934 1106 979 audiens
1128 951 1150 979 a
1175 935 1339 995 judice.
1361 938 1467 980 Nam
1487 971 1497 991 ,

116 1006 222 1051 velit
241 1006 378 1062 nolit,
412 1022 556 1066 praeco
594 1015 719 1051 sonat
747 1021 900 1051 vocem
934 1006 1172 1066 punitionis
1194 1015 1237 1050 et
1260 1006 1383 1051 amici
1417 1008 1496 1051 sui.

118 1081 227 1122 Item
242 1113 253 1133 ‚
276 1077 380 1122 velit
402 1078 532 1133 nolit,
559 1087 682 1123 sonat
704 1093 855 1123 vocem
873 1076 1157 1122 absolutionis
1173 1088 1216 1122 et
1233 1078 1395 1122 inimici
1418 1079 1496 1123 sui.

116 1151 178 1193 Da
200 1165 351 1194 vocem
375 1149 428 1193 de
449 1149 579 1194 corde
605 1150 695 1209 ejus
723 1168 731 1194 :
758 1148 942 1193 absolvit
966 1150 1176 1204 amicum,
1202 1150 1330 1208 punit
1353 1150 1500 1193 inimi—

115 1235 230 1264 cum.
259 1223 320 1264 Da
343 1235 496 1265 vocem
518 1219 572 1263 de
597 1219 699 1263 sella
711 1220 869 1279 judicis
892 1239 900 1264 :
926 1220 1054 1279 punit
1081 1220 1267 1263 amicum
1283 1255 1293 1275 ,
1317 1220 1502 1265 absolvit

115 1290 356 1334 inimicum.
378 1293 439 1333 Da
461 1304 614 1333 vocem
634 1289 881 1334 Scribarum
898 1289 952 1333 de
970 1291 1100 1334 corde
1123 1305 1297 1334 eorum:
1321 1290 1469 1335 audies
1489 1311 1498 1335 2

119 1380 138 1404 (r
160 1361 475 1405 Manducemus
499 1370 542 1405 et
565 1360 788 1415 bibamus,
821 1376 913 1404 cras
947 1361 1063 1404 enim
1096 1362 1331 1405 moriemur
1344 1366 1376 1406 ².
1396 1380 1415 1402 »
1441 1366 1501 1407 Da

115 1446 264 1476 vocem
288 1432 342 1475 de
365 1430 570 1475 cathedra
589 1430 730 1488 Moysi
759 1449 767 1475 ;
793 1430 939 1474 audies
965 1450 974 1475 ;
1012 1450 1031 1472 (ι
1057 1433 1155 1476 Non
1187 1431 1378 1476 occides:
1404 1435 1501 1477 Non

119 1519 138 1544 «
166 1501 430 1546 adulterabis
455 1521 463 1546 z
498 1504 596 1547 Non
619 1500 786 1545 surtum
810 1501 938 1545 facies
967 1520 975 1547 :
1007 1504 1104 1546 Non
1126 1500 1283 1546 falsum
1306 1502 1501 1548 testimo-

119 1592 138 1615 »
165 1573 287 1617 nium
309 1573 450 1618 dicas:
479 1575 654 1617 Honora
676 1581 844 1631 patrem
868 1581 910 1616 et
932 1581 1112 1616 matrem
1140 1591 1149 1616 :
1178 1571 1336 1631 Diliges
1359 1574 1502 1632 proxi—

117 1661 137 1684 »
165 1659 285 1687 mum
305 1653 430 1687 tuum
451 1643 566 1686 sicut-
585 1651 627 1686 te
646 1643 829 1701 ipsumss.
855 1661 874 1682 »
906 1644 999 1686 Hoc
1025 1651 1071 1686 tu
1094 1642 1160 1686 fac
1177 1678 1188 1697 ,
1215 1644 1335 1703 quod
1357 1659 1432 1703 per
1454 1659 1500 1688 os

118 1714 365 1759 Scribarum
388 1712 594 1758 cathedra
617 1722 740 1756 sonat
761 1730 769 1756 :
796 1728 885 1756 non
903 1712 1023 1771 quod
1045 1728 1122 1772 per
1141 1729 1215 1758 cor
1232 1714 1495 1758 Scribarum.

116 1787 181 1829 Ita
207 1785 321 1829 enim
344 1784 518 1828 Domini
539 1784 800 1828 sententiam
824 1793 1054 1844 utramque
1076 1784 1368 1844 complectens
1383 1821 1393 1840 ,
1418 1801 1500 1830 nec

115 1856 196 1900 eris
217 1856 262 1899 in
286 1872 372 1900 una
393 1854 624 1908 obediens,
650 1855 695 1898 in
713 1854 842 1898 altera
872 1870 998 1913 reus3
1028 1855 1105 1899 sed
1126 1855 1328 1914 intelligis
1350 1857 1499 1901 ambas

115 1927 401 1982 concordare,
422 1935 464 1970 et
482 1925 592 1970 illud
614 1941 764 1970 verum
787 1926 976 1985 respicis,
1003 1926 1105 1986 quia
1129 1926 1271 1971 bonus
1290 1928 1421 1972 homo
1444 1927 1499 1972 de

114 1999 233 2044 bono
256 1999 458 2042 thesauro
476 1996 617 2042 cordis
632 1997 698 2041 sui
720 1995 885 2056 profert
903 1997 1017 2041 bona
1031 2032 1041 2051 ,
1068 2006 1111 2041 et
1134 1997 1273 2041 malus
1289 1998 1422 2042 homo
1443 1997 1497 2042 de

114 2069 230 2114 malo
253 2068 418 2128 profert
438 2068 550 2112 mala
578 2087 587 2112 :
622 2076 664 2111 et
686 2067 822 2122 illud,
854 2068 955 2128 quia
975 2066 1037 2110 illi
1068 2067 1229 2112 Scribae
1259 2068 1375 2113 bona
1407 2084 1496 2113 non

114 2140 399 2201 loquerentur
421 2138 475 2184 de
502 2140 704 2183 thesauro
727 2137 841 2183 malo
864 2139 1004 2183 cordis
1022 2140 1111 2193 sui,
1141 2139 1215 2183 sed
1238 2140 1352 2184 bona
1374 2139 1495 2200 loqui

114 2221 291 2271 possent
310 2211 363 2254 de
378 2211 580 2255 thesauro
597 2210 815 2255 cathedrae
836 2210 992 2268 Moysi.

174 2285 249 2326 IV.
275 2285 373 2328 Non
401 2292 441 2326 te
463 2297 563 2340 ergo
584 2291 627 2326 et
643 2281 716 2326 illa
736 2282 977 2326 turbabunt
999 2281 1130 2325 verba
1153 2282 1322 2326 Domini
1346 2282 1492 2327 dicen-

115 2353 167 2396 tis
185 2369 194 2394 :
226 2373 244 2395 «
265 2356 548 2413 Unaquaeque
566 2353 694 2397 arbor
711 2368 761 2397 ex
783 2351 929 2396 fructu
952 2352 1241 2411 cognoscitur.
1268 2354 1494 2413 Numquid

116 2441 137 2464 »
162 2423 372 2482 colligunt
396 2423 450 2467 de
479 2423 610 2482 spinis
637 2439 740 2467 uvas
757 2459 767 2479 ‚
794 2433 836 2468 et
861 2424 915 2467 de
939 2421 1108 2467 tribulis
1131 2423 1301 2467 ficus⁴?
1326 2443 1344 2465 υ
1378 2427 1493 2484 Ergo

178 2526 186 2543 ¹
207 2520 319 2553 Matth.
343 2531 432 2561 nui,
453 2528 486 2552 2.
509 2535 551 2542 —-
577 2527 589 2542 ²
609 2521 681 2552 lsai.
698 2530 777 2562 xxii,
801 2521 850 2553 13.
870 2537 909 2544 —
929 2518 941 2543 3
963 2520 1064 2553 Exod.
1091 2531 1145 2562 xx,
1168 2529 1220 2562 12,
1240 2525 1304 2554 etc.
1324 2538 1366 2544 —-
1384 2521 1399 2551 4
1415 2524 1493 2555 Luc.

115 2586 162 2618 Ἰ»
187 2575 241 2618 44-
