1898 3178
319 229 458 258 SERMo
490 230 640 268 Lxxvr,
678 231 729 257 DE
762 230 908 259 vmissis
940 230 1105 259 ΜΑΤΤΗ.
1141 231 1228 258 xiv.
1379 218 1463 259 349

85 297 250 352 Deum,
279 295 475 339 ambulas
498 309 627 354 super
665 310 804 351 mare,
836 296 918 339 sub
946 295 1132 356 pedibus
1159 295 1244 340 tuis
1281 305 1344 340 est
1383 312 1464 340 sae—

84 365 172 410 culi
208 374 366 410 tumor.
404 368 534 409 Amas
573 364 804 421 saeculum,
852 366 1101 411 absorbebit
1138 375 1195 410 te.
1240 369 1465 411 Amatores

83 451 181 480 suos
203 450 352 480 vorare
373 434 495 479 novit
511 470 522 490 ,
547 451 637 480 non
664 444 850 494 portare.
880 437 965 481 Sed
996 453 1096 482 curn
1128 437 1312 482 fluctuat
1343 437 1466 497 cupi-

82 505 217 550 ditate
253 520 327 550 cor
364 514 515 558 tuum,
555 514 605 550 ut
634 505 780 550 vincas
816 515 937 551 tuam
969 507 1275 567 cupiditatem,
1313 507 1466 552 invoca

82 576 243 622 Christi
280 577 575 621 Divinitatem.
613 577 778 621 Putatis
812 586 918 622 tunc
955 593 1044 622 esse
1077 587 1259 623 ventum
1294 588 1468 623 contra-

83 648 196 691 rium
213 682 224 702 ,
245 647 423 707 quando
454 656 518 692 est
536 648 664 708 hujus
686 647 835 692 saeculi
857 647 1123 693 adversitas?
1144 649 1331 703 Quando
1351 650 1466 694 enim

83 719 225 773 bella,
260 718 438 779 quando
477 718 713 777 tumultus;
743 718 920 779 quando
960 717 1118 775 fames,
1155 721 1332 781 quando
1369 736 1467 780 pes-

83 789 271 844 tilentia,
309 790 486 850 quando
520 790 678 850 cuique
715 790 966 845 hominum,
999 792 1128 835 etiam
1166 791 1338 850 singulo
1366 808 1468 836 eve-

84 861 148 905 nit
181 861 347 920 privata
374 861 617 915 calamitas,
643 871 748 906 tunc
772 870 952 920 putatur
970 871 1124 906 ventus
1144 863 1348 907 adversus
1366 898 1376 918 ,
1408 863 1468 905 ibi

83 939 264 991 putatur
290 930 558 975 invocandus
580 935 707 976 Deus.
741 932 924 984 Quando
947 941 1092 977 autem
1114 933 1342 993 temporali
1371 932 1465 977 feli-

83 1002 210 1046 citate
232 1001 439 1046 saeculum
463 1001 648 1057 arridet,
674 1003 798 1061 quasi
825 1018 913 1047 non
938 1012 1001 1047 est
1031 1012 1186 1047 ventus
1211 1002 1465 1049 contrarius.

82 1071 178 1117 Noli
193 1072 294 1116 hinc
310 1072 573 1130 interrogare
588 1073 793 1132 temporis
815 1073 1176 1133 tranquillitatem
1197 1093 1205 1118 :
1227 1074 1466 1132 interroga,

83 1143 158 1186 sed
181 1153 299 1187 tuam
319 1142 618 1201 cupiditatem.
633 1143 743 1187 Vide
764 1143 797 1187 si
819 1144 1109 1204 tranquillitas
1131 1154 1194 1189 est
1216 1145 1262 1188 in
1279 1154 1321 1189 te
1342 1164 1348 1186 :
1371 1145 1470 1188 vide

83 1216 225 1260 sinon
268 1225 309 1258 te
342 1215 556 1259 subvertit
587 1224 744 1259 ventus
777 1215 955 1259 interior
991 1235 999 1259 :
1031 1217 1115 1260 hoc
1153 1214 1267 1259 vide.
1298 1218 1469 1274 Magnae

83 1285 253 1330 virtutis
274 1294 359 1340 est,
386 1300 486 1329 cum
509 1284 714 1329 felicitate
730 1284 902 1340 luctari,
921 1302 976 1329 ne
1000 1285 1172 1341 illiciat,
1198 1301 1252 1329 ne
1275 1300 1471 1330 corrum-

84 1365 182 1415 pat3
208 1370 260 1398 ne
280 1356 370 1415 ipsa
393 1355 617 1399 subvertat
638 1353 835 1399 felicitas.
856 1358 1024 1414 Magnae
1042 1390 1053 1408 ,
1073 1357 1274 1415 inquam,
1300 1355 1470 1399 virtutis

82 1436 172 1482 est,
196 1442 295 1471 cum
319 1425 523 1471 felicitate
543 1425 721 1483 luctari3
741 1441 910 1485 magnae
930 1425 1148 1471 felicitatis
1171 1436 1259 1482 est,
1288 1443 1310 1471 a
1329 1426 1470 1471 felici-

84 1506 170 1541 tate
203 1513 291 1542 non
314 1497 444 1541 vinci.
484 1497 605 1541 Disce
626 1497 792 1542 calcare
825 1496 1032 1542 saeculum
1060 1517 1068 1542 :
1095 1507 1315 1542 memento
1338 1497 1471 1541 fidere

84 1568 128 1612 in
150 1569 336 1614 Christo.
361 1571 418 1612 Et
438 1568 471 1612 si
504 1577 649 1612 motus
676 1583 719 1612 es
741 1584 816 1628 pes
837 1578 938 1612 tuus
954 1603 965 1623 ,
986 1569 1020 1613 si
1050 1569 1234 1624 titubas,
1271 1569 1304 1613 si
1326 1567 1471 1628 aliqua

83 1654 171 1683 non
194 1654 389 1698 superas,
415 1639 449 1682 si
472 1639 605 1696 mergi
626 1638 778 1697 incipis
794 1673 806 1693 ,
824 1637 917 1682 dic:
946 1657 965 1679 «
993 1639 1174 1683 Domine
1191 1675 1201 1694 ,
1227 1654 1357 1698 pereo
1377 1674 1388 1694 ,
1417 1638 1472 1681 li-

87 1728 106 1750 »
142 1709 245 1753 bera
262 1725 346 1752 me.
376 1728 394 1750 »
427 1709 527 1764 Dic,
554 1712 710 1763 Pereo,
736 1724 790 1752 ne
813 1724 975 1768 pereas.
1004 1708 1128 1753 Solus
1151 1710 1268 1753 enim
1291 1725 1314 1752 a
1332 1718 1471 1753 morte

84 1780 220 1824 carnis
235 1780 390 1823 liberat
407 1788 464 1834 te,
481 1779 556 1839 qui
572 1789 769 1824 mortuus
785 1788 848 1824 est
861 1779 907 1822 in
924 1795 1053 1824 carne
1073 1795 1151 1840 pro
1173 1789 1232 1824 te.
1259 1781 1471 1825 Conversi

85 1851 140 1894 ad
163 1850 393 1894 Dominum
411 1880 423 1905 ,
442 1858 525 1893 etc.
