1898 3178
343 239 480 266 szuuo
512 237 633 274 Lxxr,
669 238 722 264 DE
754 238 900 267 VEnms
931 238 1096 267 nuru.
1132 240 1211 266 ΧΠ.
1394 229 1478 266 287

101 300 431 346 aedificationem
452 300 672 344 mentibus
693 301 859 346 vestris.
885 304 998 347 Cum
1022 303 1209 347 Domino
1227 300 1377 346 fuisset
1400 304 1481 347 ob·-

101 370 214 416 latus
246 371 512 416 daemonium
539 370 727 425 habens,
763 386 902 415 caecus
939 381 983 416 et
1015 382 1188 428 mutus,
1220 381 1263 416 et
1293 381 1483 417 curasset

102 456 228 496 eum,
257 441 317 485 ita
349 449 398 484 ut
418 440 672 500 loqueretur
706 449 749 485 et
781 440 976 496 videret,
1010 452 1054 486 et
1079 451 1305 502 stuperent
1337 457 1484 487 omnes

102 510 266 565 turbae,
290 509 482 554 dicentes
507 525 516 551 :
550 528 571 552 «
590 508 827 569 Numquid
844 510 916 554 hic
945 521 1009 556 est
1036 510 1152 556 filius
1178 511 1345 557 David?
1372 512 1485 556 Pha-

110 599 128 622 »
153 580 264 624 risaei
286 579 509 624 audientes
533 579 762 625 dixerunt:
789 582 870 624 Hic
891 595 981 624 non
1002 581 1119 641 ejicit
1135 581 1354 627 daemones
1368 617 1379 637 ‚
1403 581 1485 626 nisi

108 669 126 691 »
151 650 198 693 in
208 648 468 705 Beelzebub,
484 650 677 709 principe
693 651 1027 694 daemoniorum.
1045 653 1066 694 J
1073 661 1332 708 esus‘autem
1348 653 1484 696 sciens

105 739 126 762 »
151 721 433 779 cogitationes
463 737 615 765 eorum
631 755 643 775 ,
667 720 770 765 dixit
791 721 850 765 eis
874 739 883 765 :
909 722 1050 765 Omne
1080 737 1263 780 regnum
1297 722 1485 767 divisum

106 809 126 833 »
151 799 302 836 contra
315 806 374 846 se,
389 791 657 836 desolabitur
673 812 684 849 3
705 800 748 835 et
761 791 900 835 omnis
918 791 1081 847 civitas,
1099 792 1169 836 vel
1184 791 1340 837 domus
1352 792 1487 838 divisa

106 879 127 903 »
151 871 303 906 contra
323 877 384 918 se,
409 877 497 906 non
517 862 665 906 stabit.
685 864 741 906 Et
760 863 795 905 si
817 864 995 906 Satanas
1019 864 1223 907 Satanan]
1245 864 1381 923 ejicit,
1407 862 1487 907 ad-

106 950 128 974 »
153 947 326 977 versum
357 948 402 977 se
429 932 591 977 divisus
623 942 686 977 est
711 951 721 977 :
752 934 984 986 Quomodo
1011 948 1113 991 ergo
1145 934 1277 978 stabit
1304 949 1487 992 regnum

107 1021 128 1044 n
152 1004 301 1063 ejus1?
317 1022 337 1045 »
357 1006 451 1048 Hoc
470 1004 632 1059 dicens,
657 1004 921 1063 exipsorum
941 1003 1212 1049 confessione
1233 1004 1410 1049 volebat
1425 1005 1488 1048 in-

103 1072 261 1132 telligi,
287 1073 408 1133 quod
424 1074 471 1116 in
496 1089 598 1117 cum
618 1088 711 1117 non
732 1072 952 1118 credendo
981 1074 1027 1118 in
1047 1089 1183 1132 regno
1205 1073 1369 1118 diaboli
1399 1089 1489 1118 esse

104 1141 383 1202 delegissent,
404 1143 524 1202 quod
546 1143 700 1203 utique
729 1144 958 1187 adversum
985 1159 1029 1187 se
1050 1143 1238 1187 divisum
1260 1153 1372 1188 stare
1399 1160 1490 1188 non

104 1221 262 1271 posset.
288 1211 465 1270 Eligant
485 1227 587 1269 ergo
618 1212 822 1255 Pharisaei
844 1210 965 1270 quod
981 1211 1213 1257 voluerint.
1242 1213 1285 1258 Si
1314 1216 1491 1258 Satanas

107 1284 308 1327 Satanam
334 1297 424 1326 non
447 1291 591 1340 potest
607 1282 779 1341 ejicere,
804 1282 913 1325 nihil
941 1291 1092 1326 contra
1112 1283 1349 1327 Dominum
1370 1283 1491 1344 quod

100 1351 320 1406 dicerent,
357 1351 553 1395 invenire
580 1360 823 1410 potuerunt
855 1367 864 1392 :
904 1352 939 1395 si
967 1361 1114 1396 autem
1145 1361 1311 1412 potest,
1349 1353 1490 1399 multo

104 1422 238 1480 magis
261 1422 345 1466 sihi
377 1422 667 1481 prospiciant,
700 1431 743 1466 et
771 1421 978 1467 recedant
1000 1423 1055 1467 de
1076 1439 1210 1482 regno
1232 1425 1346 1484 ejus,
1370 1425 1493 1485 quod

105 1491 334 1537 adversum
355 1507 400 1536 se
421 1491 608 1537 divisum
623 1500 735 1536 stare
752 1507 844 1536 non
858 1501 1017 1551 potest.

165 1564 224 1606 ΙΙ.
242 1565 294 1606 In
310 1576 399 1621 quo
412 1570 558 1605 autem
577 1562 789 1606 Dominus
802 1562 999 1607 Christus
1012 1562 1153 1622 ejiciat
1167 1564 1387 1609 daemones
1398 1599 1409 1619 ,
1436 1580 1492 1609 ne

107 1632 424 1677 daemoniorum
454 1632 696 1691 principem
719 1633 990 1687 existiment,
1027 1635 1256 1678 attendant
1281 1635 1402 1695 quod
1422 1651 1491 1680 se·-

107 1703 272 1762 quitur.
297 1705 392 1746 «Et
412 1702 446 1746 si
467 1716 546 1760 ego
557 1701 756 1761 ,'inquit,
774 1701 820 1744 in
839 1701 1084 1745 Beelzebub
1106 1703 1231 1762 ejicio
1252 1705 1489 1760 daemones,

110 1790 132 1813 »
159 1772 239 1816 filii
271 1772 402 1816 vestri
436 1771 483 1815 in
517 1786 606 1831 quo
648 1771 860 1831 ejiciunt?
901 1772 1006 1816 Ideo
1038 1772 1118 1830 ipsi
1154 1772 1324 1832 judices
1362 1776 1493 1819 vestri

110 1859 131 1884 ³)
156 1845 330 1887 erunt2.
350 1860 370 1883 »
396 1842 513 1887 Dixit
544 1842 628 1885 hoc
650 1841 804 1900 utique
827 1840 882 1885 de
902 1841 1132 1901 Discipulis
1153 1843 1261 1899 suis,
1281 1844 1397 1889 illius
1413 1861 1494 1904 po-

107 1913 201 1973 puli
220 1912 319 1957 filiis
340 1932 348 1958 :
383 1904 461 1973 qui
481 1921 597 1957 certe
619 1911 827 1971 Discipuli
850 1912 1026 1956 Domini
1054 1913 1188 1957 nostri
1209 1917 1314 1959 Jesu
1333 1916 1494 1961 Christi

109 1984 222 2027 bene
239 1983 320 2027 sibi
336 1983 497 2028 conscii
513 1982 690 2026 fuerant
701 2017 712 2038 ,
728 1981 839 2025 nihil
854 1997 899 2026 se
913 1980 1127 2026 malarum
1149 1984 1307 2028 artium
1328 2001 1353 2029 a
1375 1985 1493 2031 bono

109 2053 312 2112 magistro
333 2052 533 2098 didicisse
551 2088 562 2108 ,
593 2062 644 2097 ut
665 2053 710 2097 in
733 2053 929 2112 principe
951 2052 1269 2099 daemoniorum
1292 2055 1494 2115 ejicerent

110 2123 344 2168 daemones.
373 2143 395 2165 «
420 2123 541 2178 Ideo,
564 2123 725 2183 inquit,
741 2122 822 2182 ipsi
833 2123 1001 2182 judices
1022 2123 1154 2168 vestri
1175 2133 1321 2169 erunt.
1340 2144 1360 2167 »
1388 2126 1490 2185 Ipsi,

110 2194 280 2254 inquit,
312 2193 393 2252 ipsi
425 2193 636 2252 ignobilia
659 2203 701 2238 et
724 2193 1068 2252 contemptibilia
1098 2195 1228 2254 hujus
1248 2195 1426 2252 mundi,
1447 2198 1495 2242 in

112 2263 273 2323 quibus
302 2278 393 2307 non
423 2262 649 2308 artificiosa
676 2262 946 2321 malignitas,
972 2263 1048 2308 sed
1078 2274 1226 2310 sancta
1246 2265 1494 2325 simplicitas

112 2347 222 2377 meae
241 2333 411 2378 virtutis
425 2342 618 2392 apparet,
642 2333 722 2392 ipsi
744 2341 872 2378 testes
890 2333 998 2389 mei,
1020 2333 1189 2393 judices
1204 2344 1332 2379 erunt
1346 2338 1490 2382 vestri.

113 2402 279 2448 Deinde
296 2403 554 2464 subjungit:
579 2421 598 2443 «
617 2403 661 2448 Si
679 2412 824 2448 autem
838 2418 917 2462 ego
934 2404 980 2448 in
998 2404 1160 2463 Spiritu
1178 2405 1253 2449 Dei
1268 2405 1392 2465 ejicio
1408 2406 1495 2451 dae-

117 2491 139 2516 »
162 2489 338 2530 mones,
366 2474 498 2533 igitur
523 2474 720 2534 pervenit
740 2475 786 2519 in
813 2490 889 2520 vos
917 2489 1100 2533 regnum
1128 2476 1222 2521 Dei.
1247 2496 1267 2519 »
1294 2476 1411 2531 Quid
1431 2487 1496 2524 est

164 2564 175 2582 ¹
193 2558 314 2593 Matth.
330 2569 389 2601 xn,
411 2559 530 2594 22-26.
553 2575 594 2583 —
611 2566 627 2585 ²
644 2559 724 2593 lbid.
739 2567 795 2603 27.
