1898 3178
356 231 493 259 εει-1110
525 232 600 269 xc,
639 233 690 256 DE
725 230 867 257 inuris
901 230 1063 257 mrsu.
1100 232 1209 258 xxm.
1383 219 1464 258 4813

94 313 113 336 »
152 298 216 338 Tu
239 310 282 338 es
305 294 437 338 Filius
458 295 532 339 Dei
554 297 581 336 ¹.
614 313 630 334 n
657 294 815 336 Filium
852 295 920 337 Dei
948 295 1166 338 confessus
1194 302 1255 337 est
1280 297 1429 337 Petrus
1457 313 1465 338 :

92 363 250 408 Filium
277 365 352 408 Dei
379 363 562 413 confessi
594 372 696 406 sunt
727 362 960 406 daemones.
999 364 1245 420 Distinguc,
1270 363 1468 418 domine,

90 433 323 492 distingue.
341 433 566 491 Distinguo
589 431 733 492 plane.
761 436 911 476 Petrus
933 433 1041 476 dixit
1064 434 1108 476 in
1126 448 1292 487 amore,
1308 433 1472 477 daemo-

91 519 164 547 nes
185 519 208 546 a
231 503 400 547 timore.
424 502 619 561 Denique
646 500 720 545 ille
744 502 848 545 dicit
874 521 881 547 :
912 521 932 543 «
960 505 1121 546 Tecum
1142 517 1237 546 sum
1261 518 1398 563 usque
1418 501 1472 546 ad

93 591 113 613 »
149 581 333 616 mortem
350 570 497 616 ².»1lli
514 570 667 615 dicunt
686 590 694 615 ;
710 571 854 623 «Quid
876 571 1003 616 nobis
1025 581 1068 616 et
1091 572 1200 616 tibi?
1219 592 1237 614 n
1259 575 1373 631 Ergo
1395 572 1472 632 qui

90 642 243 687 venisti
269 642 323 686 ad
345 642 593 686 convivium
607 677 617 697 ,
642 640 732 685 noli
754 641 807 684 de
825 641 914 686 sola
936 641 1022 686 fide
1045 641 1232 701 gloriari.
1250 644 1474 702 Distingue

90 723 133 757 et
154 714 288 773 ipsam
309 713 438 758 fidem
456 749 466 768 ,
494 723 536 757 et
567 723 670 758 tunc
691 713 735 757 in
758 721 801 756 te
823 714 1067 771 agnoscitur
1097 714 1223 758 vestis
1246 714 1467 774 nuptialis.

90 783 335 842 Distinguat
363 782 611 842 Apostolus,
640 783 794 827 doceat
816 799 893 828 nos
914 803 922 827 :
952 802 972 825 «
998 786 1148 843 Neque
1170 785 1439 830 circumcisio
1455 820 1466 840 ,

97 873 116 896 »
151 854 320 914 inquit,
346 853 511 914 aliquid
532 853 667 910 valet,
693 869 837 914 neque
859 855 1124 914 praeputium
1139 889 1150 911 ‚
1174 856 1249 899 sed
1267 855 1374 899 fides
1388 858 1420 899 3.
1449 875 1470 897 »

95 924 169 968 Β10
187 940 310 984 quae:
328 924 510 983 numqid
532 940 622 968 non
643 933 686 968 et
708 924 927 969 daemones
948 925 1134 969 credunt
1156 935 1199 970 et
1220 927 1475 970 contremis-

92 995 230 1038 cunt?
259 994 388 1049 Dico,
431 993 602 1053 inquit,
634 992 760 1049 audi,
798 993 1043 1053 distinguo,
1068 994 1200 1040 modo
1232 995 1467 1055 distinguo.

93 1062 178 1109 Sed
199 1063 322 1119 fides,
338 1080 436 1123 quae
460 1079 535 1122 per
550 1063 828 1108 dilectionem
846 1074 1065 1124 operatur.
1091 1067 1200 1118 Quae
1220 1081 1322 1125 ergo
1344 1067 1476 1112 fides?

90 1133 230 1195 qualis
252 1134 389 1178 fides?
429 1153 448 1175 «
475 1137 582 1187 Quae
610 1150 688 1194 per
719 1133 994 1180 dilectionem
1018 1145 1237 1194 operatur.
1263 1138 1472 1193 Omnem,

93 1223 112 1247 »
148 1205 317 1265 inquit,
343 1205 565 1249 scientiam
585 1206 618 1248 si
641 1205 824 1249 habeam
845 1241 855 1260 ‚
881 1215 924 1250 et
955 1221 1130 1250 omnem
1159 1207 1288 1251 fidem
1306 1243 1317 1264 ,
1347 1209 1406 1253 ita
1426 1218 1475 1253 ut

45 1315 49 1318 .
93 1293 113 1315 »
149 1285 318 1319 montes
346 1275 628 1330 transferam,
671 1276 925 1319 charitatem
959 1285 1103 1320 autem
1137 1292 1227 1321 11011
1259 1278 1470 1334 habeam,

92 1364 111 1386 »
147 1346 256 1389 nihil
277 1362 386 1390 sum.
415 1365 434 1387 »
462 1347 631 1389 Habete
650 1345 782 1389 fidem
801 1361 903 1390 cum
924 1346 1158 1390 dilectione
1185 1366 1192 1390 :
1218 1363 1317 1391 nam
1337 1347 1474 1393 dilec-

88 1416 250 1460 tionem
288 1431 377 1460 11011
412 1415 588 1474 potestis
627 1415 789 1457 habere
818 1415 909 1458 sine
931 1414 1034 1458 fide.
1062 1419 1157 1460 Hoc
1189 1432 1369 1474 moneo,
1392 1419 1475 1463 hoc

88 1487 290 1531 exhortor
305 1521 316 1541 ,
341 1487 425 1530 hoc
452 1486 498 1529 in
521 1485 698 1530 nomine
722 1485 893 1530 Domini
915 1484 1053 1529 doceo
1080 1487 1345 1532 Charitatem
1368 1491 1475 1538 Ves-

87 1567 224 1612 tram,
250 1566 300 1601 ut
333 1556 525 1600 habeatis
559 1555 690 1599 fidem
714 1571 814 1599 cum
852 1554 1084 1599 dilectione
1111 1575 1120 1600 2
1156 1557 1259 1616 quia
1292 1560 1470 1617 potestis

86 1629 246 1672 habere
278 1627 410 1671 fidem
432 1627 521 1670 sine
559 1625 808 1670 dilectione.
834 1627 941 1669 Nam
969 1640 1058 1669 non
1091 1640 1165 1670 vos
1198 1628 1400 1672 exhortor
1421 1639 1471 1673 ut

85 1699 280 1744 habeatis
302 1697 456 1753 fidem,
482 1697 557 1741 sed
579 1697 959 1741 charitatem.N0n
980 1696 1157 1755 potestis
1171 1699 1287 1742 enim
1308 1700 1470 1746 habere

84 1770 336 1814 charitatem
361 1769 452 1812 sine
474 1769 560 1811 fide
583 1787 591 1812 :
622 1768 876 1811 charitatem
898 1767 1014 1810 enim
1037 1767 1133 1811 dico
1157 1768 1232 1811 Dei
1254 1779 1297 1813 et
1318 1771 1466 1829 proxi-

85 1840 144 1883 mi
161 1858 169 1883 :
192 1839 307 1882 unde
330 1847 469 1896 potest
491 1840 570 1881 ista
593 1854 682 1880 esse
699 1840 790 1882 sine
805 1837 1160 1891 fidePQuomodo
1177 1851 1291 1886 amat
1307 1846 1462 1900 Deum,

28 2363 47 2391 θ,
83 2331 302 2393 nuptialis.
329 2336 483 2375 Amate
504 2331 716 2385 invicem,
742 2330 818 2390 qui
840 2330 1062 2374 Christum
1084 2293 1295 2389 diligitis:
1319 2349 1458 2386 amate

109 2403 268 2457 micos,
289 2411 429 2446 amate
450 2401 661 2444 inimicos.
688 2402 784 2446 Non
804 2400 858 2443 sit
880 2400 1001 2444 vobis
1023 2400 1198 2444 durum.
1217 2404 1333 2456 Quid
1355 2424 1458 2470 ergo

113 2472 285 2528 erditis,
311 2471 387 2516 ubi
421 2469 603 2514 multam
626 2469 876 2530 acquiritis?
907 2470 1023 2523 Quid
1045 2486 1124 2529 pro
1145 2486 1303 2532 magno
1335 2493 1459 2539 rogas

99 2547 102 2550 Α
126 2558 139 2578 ¹
156 2557 277 2590 Matth.
292 2568 359 2599 viu,
379 2565 435 2598 29,
460 2559 494 2588 et
510 2556 615 2589 Maimc
635 2565 697 2598 1,2
680 2554 735 2597 224
740 2571 779 2578 -·
800 2555 951 2588 2.Matth
972 2565 1059 2596 xxvi,
1085 2555 1138 2589 35.
1156 2573 1197 2579 —
1217 2556 1230 2579 3
1250 2560 1351 2594 Galat
1369 2575 1403 2607 v,
1423 2568 1457 2601 6·

1183 2612 1249 2652 31.

3 2365 27 2411 pr

0 2417 50 2469 nilis

0 2496 10 2541 11
19 2490 52 2536 Sis}
