1898 3178
422 235 501 273 162
798 241 831 271 S.
879 240 1111 270 Aucus'nm
1142 243 1325 271 EPlscom

418 329 440 352 «
474 309 575 354 Fide
592 344 603 364 ,
626 309 797 369 inquit,
821 306 1042 352 mundans
1059 308 1192 352 corda
1209 323 1360 353 eorum
1378 311 1409 352 1.
1433 326 1453 350 »
1481 310 1567 354 Sed
1588 324 1675 369 qua
1695 310 1798 366 fide,

411 380 530 441 quali
552 378 635 423 fide
651 414 664 434 ,
696 378 777 423 nisi
799 393 934 438 quam
955 377 1111 423 definit
1132 378 1293 424 Paulus
1326 378 1547 438 apostolus
1567 415 1579 436 ,
1612 380 1689 424 ubi
1707 382 1767 425 ait
1789 399 1800 426 ι

412 469 434 493 α
468 450 593 496 Fides
609 465 710 509 quae
732 464 810 509 per
825 447 1111 495 dilectionem
1138 460 1345 510 operatur
1358 452 1406 494 2?
1429 468 1450 493 »
1477 453 1563 495 Ista
1584 451 1692 496 fides
1713 451 1803 496 dis-

409 522 545 566 cernit
558 535 581 564 a
595 519 686 564 fide
700 518 970 576 daemonum,
987 521 1194 566 discernit
1206 521 1260 565 ab
1273 521 1504 565 hominum
1518 521 1741 580 flagitiosis
1752 537 1801 567 ac

409 591 587 651 perditis
609 590 820 635 moribus.
837 591 978 647 Fides,
992 591 1153 652 inquit.
1175 594 1284 645 Quae
1297 590 1403 634 fides
1419 592 1558 644 ?Quae
1578 606 1656 650 per
1670 591 1802 637 dilec-

408 663 571 707 tionem
586 671 807 723 operatur,
820 671 964 723 sperat
976 662 1098 724 quod
1113 666 1228 707 Deus
1244 661 1491 721 pollicetur.
1503 661 1621 707 Nihil
1637 663 1716 707 ista
1731 661 1802 706 de-

408 732 605 777 finitione
626 734 880 794 perpensius
899 768 910 789 ,
935 733 1046 778 nihil
1067 731 1316 792 perfectius.
1344 735 1460 790 Ergo
1477 732 1560 776 tria
1584 741 1688 776 sunt
1708 732 1798 776 illa.

407 806 588 850 Necesse
602 814 665 850 est
683 813 733 850 ut
750 805 794 849 in
816 821 906 866 quo
920 814 984 849 est
997 804 1122 859 fides,
1135 819 1236 863 quae
1252 818 1330 863 per
1345 802 1626 847 dilectionem
1648 818 1802 862 opera-

404 883 492 930 tur,
508 884 652 934 speret
668 875 790 935 quod
803 878 918 919 Deus
934 874 1182 934 pollicetur.
1197 875 1355 919 Comes
1377 882 1441 917 est
1453 887 1556 931 ergo
1571 872 1673 917 fidei
1687 887 1797 932 spes.

403 946 647 991 Necessaria
680 946 850 1007 quippe
874 961 969 1006 spes
1004 955 1093 1000 est,
1117 943 1317 1005 quandiu
1339 960 1429 989 non
1450 944 1648 988 videmus
1679 944 1800 1004 quod

404 1013 622 1060 credimus
639 1037 650 1075 3
666 1031 722 1060 ne
743 1014 857 1060 forte
871 1031 963 1060 non
977 1014 1170 1060 videndo
1183 1023 1226 1059 et
1243 1014 1514 1074 desperando
1530 1014 1797 1058 deficiamus.

400 1085 639 1131 Contristat
653 1101 748 1141 nos,
766 1086 871 1145 quia
888 1101 979 1130 non
993 1085 1217 1130 videmus:
1236 1085 1312 1128 sed
1324 1084 1574 1129 consolatur
1587 1100 1681 1140 noS,
1696 1084 1801 1144 quia

401 1155 568 1200 visuros
589 1170 668 1199 nos
689 1172 930 1214 speramus.
958 1156 1094 1201 Adest
1114 1171 1219 1213 ergo
1240 1171 1351 1214 spes,
1375 1165 1419 1200 et
1436 1165 1499 1199 est
1518 1170 1662 1200 comes
1678 1156 1797 1199 fidei.

404 1225 570 1271 Deinde
592 1234 635 1270 et
652 1226 855 1281 charitas,
870 1242 958 1286 qua
973 1227 1287 1280 desideramus,
1302 1244 1389 1285 qua
1407 1227 1653 1286 pertingere
1669 1241 1802 1270 cona-

402 1312 517 1351 mur,
529 1312 617 1357 qua
629 1296 960 1351 inardescimus,
973 1311 1060 1355 qua
1074 1295 1287 1340 esurimus
1299 1304 1343 1338 et
1355 1295 1540 1339 sitimus.
1552 1295 1801 1340 Adhibetur

404 1383 509 1427 ergo
523 1377 566 1411 et
577 1368 695 1412 haec:
715 1376 758 1411 et
780 1367 861 1411 erit
880 1366 1006 1422 fides,
1024 1381 1120 1425 spes
1143 1375 1186 1410 et
1208 1366 1409 1410 charitas.
1426 1366 1660 1419 Quomodo
1683 1368 1801 1411 enim

403 1452 494 1482 non
509 1438 590 1481 erit
606 1437 670 1481 ibi
692 1437 895 1492 charitas,
912 1452 1012 1481 eum
1029 1436 1140 1481 nihil
1155 1437 1210 1482 sit
1226 1435 1346 1480 aliud
1368 1437 1554 1481 charitas
1575 1453 1708 1497 quam
1730 1438 1800 1481 di-

403 1507 562 1552 lectio?
581 1510 679 1567 Ipsa
699 1515 847 1552 autem
867 1506 976 1552 fides
999 1506 1180 1552 definita
1201 1516 1281 1562 est,
1302 1523 1403 1567 quae
1426 1522 1504 1567 per
1525 1506 1801 1552 dilectionem

405 1588 625 1639 operatur,
654 1578 776 1624 Tolle
797 1579 931 1623 fidem
947 1614 959 1634 ,
986 1579 1101 1638 perit
1130 1578 1250 1639 quod
1282 1578 1420 1623 credis
1442 1600 1454 1637 3
1479 1577 1585 1623 tolle
1615 1579 1801 1623 charita-

405 1659 510 1706 tem,
535 1651 648 1711 perit
665 1649 786 1710 quod
808 1650 912 1707 agis.
930 1649 1051 1694 Fidei
1073 1650 1191 1694 enim
1211 1650 1402 1709 pertinet
1420 1659 1471 1695 ut
1493 1650 1643 1695 credas
1665 1669 1673 1694 z
1696 1650 1801 1694 cha-

404 1719 525 1762 ritati
545 1730 596 1761 ut
611 1735 726 1775 agas.
754 1720 799 1765 Si
821 1719 939 1763 enim
962 1719 1101 1762 credis
1116 1753 1128 1772 ‚
1154 1729 1199 1764 et
1215 1735 1307 1765 non
1328 1735 1461 1776 amas,
1482 1735 1572 1765 non
1589 1729 1632 1765 te
1654 1734 1802 1764 moves

406 1789 462 1834 ad
492 1789 660 1833 bonum
692 1801 802 1846 opus
829 1804 838 1832 :
863 1795 907 1831 et
935 1787 970 1831 si
992 1801 1164 1843 moves,
1189 1795 1240 1831 ut
1261 1801 1407 1832 servus
1428 1802 1576 1832 moves
1592 1824 1604 1844 ‚
1629 1803 1719 1833 non
1750 1798 1803 1834 ut

406 1860 521 1905 filius
541 1881 552 1919 3
577 1858 774 1905 timendo
795 1873 996 1918 poenam,
1021 1873 1113 1903 non
1130 1857 1317 1903 amando
1335 1859 1562 1918 justitiam.
1583 1859 1663 1904 Illa
1677 1875 1798 1919 ergo,

405 1933 612 1992 inquam,
648 1930 756 1976 fides
788 1929 974 1975 mundat
1004 1945 1105 1985 cor,
1137 1945 1238 1990 quae
1266 1944 1344 1989 per
1373 1929 1654 1976 dilectionem
1690 1946 1800 1991 ope-

407 2012 544 2048 ratur.

465 2075 569 2120 XII.
594 2075 652 2118 Et
672 2071 805 2117 modo
828 2072 920 2131 ipsa
956 2070 1064 2115 fides
1087 2070 1196 2131 quid
1230 2071 1349 2129 agit?
1374 2072 1522 2130 Tantis
1544 2072 1800 2117 testimoniis

410 2145 732 2204 Scripturarum
750 2178 760 2199 ,
784 2151 876 2187 tam
898 2140 1132 2201 multiplici
1152 2141 1340 2187 lectione
1355 2177 1365 2197 ,
1398 2151 1489 2186 tam
1509 2144 1626 2188 varia
1647 2144 1799 2203 copio-
1850 2146 1851 2149 ’

408 2231 542 2276 saque
563 2215 861 2260 exhortatione
890 2212 1000 2274 quid
1026 2213 1140 2271 agit,
1167 2213 1248 2257 nisi
1267 2222 1316 2258 ut
1333 2213 1558 2258 videamus
1580 2230 1700 2259 nunc
1723 2229 1801 2274 per
1848 2214 1869 2234 '¹
1893 2252 1898 2278 ε

409 2286 637 2347 speculum
658 2286 706 2330 in
730 2284 962 2344 aenigmate
979 2317 991 2339 ‚
1016 2292 1165 2343 postea
1182 2282 1291 2328 faeie
1313 2283 1367 2329 ad
1388 2283 1582 2329 faciem?
1604 2286 1689 2331 Sed
1709 2299 1800 2330 non

412 2359 570 2402 iterum
592 2368 644 2403 tu
665 2356 815 2401 redeas
837 2354 893 2400 ad
906 2355 1034 2399 istam
1055 2352 1211 2399 faciem
1227 2363 1365 2400 tuam.
1387 2356 1561 2400 Faciem
1575 2355 1716 2401 cordis
1733 2371 1800 2401 co-

413 2428 517 2487 gita.
551 2430 671 2487 Coge
698 2442 773 2473 cor
806 2435 934 2471 tuum
965 2425 1156 2484 cogitare
1184 2425 1331 2471 divina
1349 2462 1359 2482 ,
1395 2426 1607 2486 compelle
1621 2462 1632 2482 ‚
1671 2441 1796 2484 urge.

413 2497 637 2557 Quidquid
659 2497 797 2542 simile
809 2495 1001 2556 corporis
1019 2496 1229 2555 cogitanti
1244 2497 1495 2551 occurrerit,
1513 2497 1664 2556 abjice.
1684 2498 1799 2541 Non·
1875 2547 1898 2562 1,

463 2600 470 2615 1
494 2584 563 2614 Act.
584 2593 638 2622 xv,
657 2594 689 2625 9.
710 2599 750 2606 —
767 2590 779 2605 ²
800 2583 900 2615 Galat.
917 2593 951 2623 v,
970 2581 1002 2614 6.
1849 2567 1851 2582 ³
1896 2560 1898 2569 Δ
