1898 3178
412 268 494 305 500
849 275 881 301 s.
918 272 1148 302 Accus‘nm
1181 274 1361 302 Emscori

411 362 428 383 η
455 343 563 385 est¹.
589 359 607 382 »
637 343 746 383 Item
779 338 1009 398 Discipulis
1041 338 1175 384 dicit:
1209 358 1230 381 «
1256 340 1350 385 Sint
1384 339 1524 383 lumbi
1554 340 1684 384 vestri
1711 356 1785 384 ac-

406 431 426 454 »
451 411 603 465 cincti,
627 419 670 454 et
691 410 882 454 lucernae
902 409 1104 455 ardentes
1117 413 1150 454 2.
1172 429 1191 452 »
1211 413 1263 454 In
1280 410 1441 454 lumbis
1460 411 1677 467 accinctis,
1701 412 1787 456 vir-

402 483 555 541 ginitas
581 496 589 522 z
616 481 661 524 in
677 479 866 524 lucernis
889 479 1162 536 ardentibus,
1188 495 1318 539 opera
1341 480 1470 525 bona.

459 555 535 596 IV.
561 554 659 597 Non
680 550 789 595 solet
819 550 907 596 dici
929 551 1152 609 virginitas
1175 551 1328 611 utique
1351 551 1393 595 in
1417 551 1657 611 conjugatis
1684 571 1692 596 ;
1718 560 1788 595 ta-

398 638 499 667 men
524 622 653 666 etiam
675 621 737 664 ibi
759 630 823 665 est
844 621 947 665 fidei
968 621 1206 680 virginitas,
1225 637 1324 681 quae
1340 621 1514 665 exhibet
1534 620 1788 681 pudicitiam

396 692 688 752 conjugalem.
727 694 839 737 Nam
869 701 918 736 ut
939 692 1109 737 noverit
1143 692 1354 737 Sanctitas
1388 694 1561 746 Vestra,
1593 707 1682 736 non
1704 692 1789 735 im-

395 774 583 823 portune
623 763 867 808 secundum
903 764 1092 807 animam
1126 772 1169 806 et
1210 761 1450 807 secundum
1491 762 1787 821 integritatem
1850 808 1853 819 .

396 835 498 879 fidei
514 870 524 890 ‚
551 851 636 894 qua
660 835 790 879 etiam
813 835 899 878 fide
915 834 970 878 ab
988 833 1146 877 illicitis
1165 833 1425 889 abstinetur,
1453 843 1496 877 et
1518 834 1633 878 bona
1656 849 1787 892 opera

396 906 523 960 fiunt,
540 920 901 964 unumquemque
916 903 986 949 vel
1002 919 1358 964 unamquamque
1376 904 1564 948 animam
1578 903 1789 961 virginem

396 976 504 1032 dici3
523 985 613 1021 tota
635 976 829 1020 Ecclesia
851 991 951 1035 quae
973 984 1144 1019 constat
1167 991 1220 1018 ex
1240 975 1481 1033 virginibus
1499 985 1541 1019 et
1559 975 1724 1034 pueris,
1746 983 1790 1018 et

396 1048 605 1091 maritatis
628 1046 821 1090 foeminis
844 1056 886 1090 et
908 1047 1099 1091 uxoratis
1120 1046 1220 1090 viris
1236 1081 1246 1100 ‚
1272 1061 1362 1090 uno
1383 1047 1560 1090 nomine
1582 1046 1704 1104 virgo
1726 1054 1791 1090 est

395 1116 627 1175 appellata.
649 1115 774 1160 Unde
787 1117 872 1160 hoc
889 1117 1151 1174 probamus?
1167 1114 1424 1175 Apostolum
1438 1115 1540 1160 audi
1553 1115 1786 1171 dicentem,

397 1202 487 1231 non
515 1187 614 1231 solis
642 1185 1076 1241 Sanctimonialibus‚
1102 1186 1177 1229 sed
1200 1187 1412 1230 universae
1435 1201 1609 1245 prorsus
1634 1185 1789 1230 Eccle-

397 1259 470 1301 siae
496 1278 504 1302 ;
535 1278 553 1299 α
582 1258 843 1317 Desponsavi
861 1273 936 1300 vos
958 1257 1035 1300 uni
1055 1257 1148 1301 viro
1172 1257 1385 1314 virginem
1406 1267 1567 1300 castam
1587 1257 1791 1301 exhibere

402 1347 422 1368 »
449 1329 656 1372 Christo&
677 1347 695 1369 »
715 1331 773 1372 Et
788 1328 890 1386 quia
910 1327 1040 1384 hujus
1052 1325 1313 1382 virginitatis
1326 1334 1570 1384 corruptor,
1592 1325 1790 1370 diabolus

394 1398 614 1442 cavendus
628 1405 706 1449 est,
725 1396 936 1439 continuo
955 1395 1044 1452 ipse
1058 1394 1292 1453 Apostolus
1311 1410 1411 1439 cum
1425 1394 1619 1439 dixisset:
1643 1415 1664 1437 «
1681 1399 1790 1440 Des·

399 1487 419 1508 »
447 1466 627 1525 ponsavi
643 1481 718 1510 vos
737 1465 815 1508 uni
828 1465 921 1508 viro
937 1464 1147 1522 virginem
1161 1473 1323 1508 castam
1344 1465 1546 1508 exhibere
1559 1466 1751 1510 Christo:
1768 1484 1787 1507 »

399 1537 595 1597 adjunxit
617 1545 660 1579 et
686 1535 744 1579 ait
767 1554 776 1579 ε
806 1554 826 1576 «
847 1534 994 1578 Timeo
1017 1542 1162 1577 autem
1180 1569 1190 1588 ,
1229 1549 1282 1577 ne
1315 1535 1425 1578 sicut
1446 1550 1620 1594 serpens
1651 1538 1791 1580 Evam

402 1626 421 1648 »
448 1606 617 1651 seduxit
638 1605 683 1648 in
706 1604 895 1649 versutia
917 1619 1015 1657 sua,
1041 1604 1100 1647 sic
1123 1612 1165 1647 et
1183 1605 1314 1648 vestri
1331 1619 1479 1648 sensus
1501 1619 1790 1665 corrumpan·
1871 1633 1879 1660 <-

401 1697 420 1719 »
451 1688 520 1721 tur
543 1692 566 1719 a
595 1675 789 1719 castitate
812 1689 912 1733 quae
930 1682 993 1717 est
1014 1675 1060 1717 in
1082 1674 1255 1719 Christo
1271 1676 1301 1719 ⁴.
1325 1694 1344 1716 »
1376 1678 1427 1719 In
1450 1692 1633 1736 corpore
1655 1677 1788 1736 virgi·
1840 1730 1847 1735 ἢ

401 1748 581 1792 nitatem
599 1761 750 1805 paucae
767 1745 933 1789 habent
951 1765 959 1789 :
982 1745 1026 1789 in
1045 1745 1175 1790 corde
1198 1762 1346 1792 omnes
1371 1748 1530 1792 habere
1548 1748 1725 1794 debent.
1747 1749 1790 1794 Si

402 1833 503 1876 ergo
517 1818 570 1861 ab
584 1816 741 1860 illicitis
753 1816 1014 1860 abstinentia
1032 1817 1146 1861 bona
1164 1827 1242 1872 est,
1261 1819 1380 1862 unde
1392 1818 1611 1876 virginitas
1628 1834 1790 1864 nomen
1837 1748 1852 1888 ἔ

405 1889 591 1948 accepit,
619 1897 662 1932 et
685 1903 814 1947 opera
838 1887 953 1931 bona
974 1887 1209 1932 laudabilia
1231 1898 1347 1943 sunt,
1375 1905 1473 1948 quae
1495 1891 1789 1947 significantur
1839 1890 1898 1952 tuiz

405 1958 680 2018 lampadibus
700 1979 710 2015 5
736 1972 870 2018 quare
889 1957 1087 2017 quinque
1111 1958 1419 2012 admittuntur,
1441 1969 1483 2004 et
1500 1960 1696 2020 quinque
1718 1976 1787 2005 re-
1821 1953 1898 2027 [105ss

405 2030 658 2091 pelluntur?
682 2029 722 2074 Si
746 2038 787 2073 et
806 2029 930 2087 virgo
946 2038 1024 2083 est,
1045 2039 1089 2073 et
1105 2028 1327 2087 lampades
1349 2030 1448 2084 fert,
1467 2040 1509 2074 et
1532 2040 1678 2075 tamen
1701 2047 1789 2076 non
1820 2032 1843 2085 {¹
1857 2059 1898 2106 &pr

408 2101 681 2157 admittitur3
710 2099 788 2142 ubi
816 2114 860 2143 se
880 2098 999 2142 videt
1020 2098 1096 2157 qui
1120 2112 1200 2141 nec
1231 2098 1521 2157 virginitatem
1545 2100 1600 2143 ab
1634 2100 1788 2145 illicitis
1831 2116 1895 2164 nne,

408 2182 563 2227 servat,
580 2186 660 2215 nec
675 2184 805 2229 opera
822 2169 938 2213 bona
956 2168 1105 2213 volens
1122 2168 1284 2213 habere
1300 2169 1346 2213 in
1364 2170 1551 2214 tenebris
1569 2171 1789 2217 ambulat?
1817 2188 1838 2234 f*
1853 2195 1889 2233 fust,

467 2246 520 2287 V.
548 2246 609 2287 De
626 2242 714 2286 istis
729 2255 851 2298 ergo,
873 2238 1024 2283 fratres
1043 2240 1143 2290 mei,
1163 2240 1216 2283 de
1238 2241 1326 2285 istis
1342 2241 1484 2300 potius
1500 2241 1782 2301 disputemus.
1815 2239 1826 2283 1*
1853 2275 1898 2306 ,ml

409 2314 494 2368 Qui
508 2329 597 2358 non
618 2311 714 2356 vult
731 2310 876 2354 videre
894 2308 1012 2368 quod
1036 2308 1200 2353 malum
1217 2319 1305 2366 est,
1323 2311 1398 2370 qui
1414 2326 1502 2356 non
1524 2311 1618 2356 vult
1640 2309 1786 2357 audir'e
1812 2290 1817 2362 l
1848 2341 1898 2378 Jomn

410 2383 530 2444 quod
557 2381 721 2426 malum
751 2389 813 2424 est
831 2414 842 2434 ‚
868 2379 943 2438 qui
967 2378 1021 2422 ab
1049 2378 1208 2423 illicitis
1235 2381 1542 2425 sacrificiorum
1563 2381 1785 2426 nidoribus'
1811 2384 1815 2435 ξ
1846 2396 1898 2448 [¹211]

411 2455 563 2500 avertit
597 2453 849 2505 odoratum,
880 2451 935 2494 ab
966 2449 1125 2494 illicitis
1152 2451 1459 2497 sacrificiorum
1493 2451 1599 2497 cibis
1635 2452 1813 2499 avertit*
1844 2468 1895 2519 {ella

409 2534 624 2584 gustatum
641 2559 651 2578 ,
682 2522 796 2581 fugit
819 2520 1094 2580 complexum
1126 2521 1298 2579 alienae,
1324 2523 1487 2582 frangit
1507 2538 1664 2582 panem
1687 2538 1782 2568 esu·
1841 2552 1858 2596 ql

458 2615 467 2633 ¹
488 2609 600 2641 Manli.
621 2618 652 2648 v,
674 2608 723 2639 16.
745 2625 785 2630 —
807 2614 818 2630 ²
838 2609 915 2640 Luc1
936 2617 993 2647 xn,
1011 2606 1063 2638 35.
1086 2623 1125 2630 —·
1144 2605 1157 2629 3
1175 2615 1193 2639 2
1208 2609 1281 2640 Cor.
1297 2619 1343 2649 xi,
1364 2617 1394 2640 2.
1413 2606 1581 2640 -241bitt
1602 2608 1633 2641 3.

1859 2556 1897 2591 lali*

1805 2610 1809 2664 l
1857 2627 1895 2665 ¹:⁴3

1805 2666 1808 2679 .
