1898 3178
346 276 430 314 526
765 284 801 312 s.
835 284 1064 313 Ancus-nm
1099 285 1279 314 must-,01¹1

342 351 418 409 qui
436 349 675 394 secundum
707 351 846 392 Deum
868 349 1043 403 vivunt,
1069 348 1227 393 dicitur
1250 369 1258 394 ε
1289 369 1308 392 «
1331 349 1397 393 Dii
1420 351 1539 406 estis,
1567 360 1610 395 et
1628 351 1720 396 Filii

347 439 366 461 »
390 421 556 465 Excelsi
589 421 780 464 omnes¹.
809 439 827 461 »
853 419 1066 478 Reprobis
1092 429 1261 475 autem,
1286 421 1363 481 qui
1386 422 1527 465 vocati
1547 431 1650 466 sunt
1672 431 1722 466 ut

343 500 481 535 essent
506 490 582 533 filii
601 489 696 543 Dei,
731 497 774 533 et
793 504 882 533 esse
905 489 1049 548 potius
1069 489 1267 533 homines
1285 490 1520 535 voluerunt
1535 526 1545 545 ,
1569 491 1615 534 id
1632 500 1715 547 est,

341 559 579 604 secundum
601 558 824 602 hominem
843 558 989 603 vivere
1013 577 1022 603 z
1052 578 1072 600 «
1097 561 1184 603 Vos
1214 568 1359 603 autem
1374 594 1385 614 ‚
1414 560 1583 619 inquit,
1610 561 1720 605 sicut

344 648 364 671 »
389 631 584 674 homines
612 629 880 684 moriemini,
911 638 954 673 et
975 629 1083 673 sicut
1101 645 1214 674 unus
1237 645 1287 672 cx
1309 630 1576 689 principibus
1592 632 1721 675 cade-

345 719 365 741 »
391 701 440 744 tis
455 702 487 742 ².
511 719 531 742 »
553 700 729 744 Etenim
751 699 871 759 quod
889 699 1080 744 mortalis
1099 709 1162 743 est
1189 700 1320 744 homo
1334 734 1346 755 ‚
1371 699 1427 744 ad
1449 699 1720 760 disciplinam

341 770 403 814 illi
425 771 556 815 debet
572 768 715 815 valere
727 805 738 825 ‚
759 785 849 815 non
861 769 915 815 ad
927 771 1197 831 jactantiam.
1217 770 1343 814 Unde
1359 786 1403 815 se
1414 772 1550 831 jactat
1564 772 1720 817 vermis

340 841 526 885 crastino
548 841 815 885 moriturus?
850 841 956 885 Dico
984 840 1196 885 Charitati
1230 842 1393 884 Vestrae
1411 875 1423 896 ‚
1451 840 1604 885 fratres
1630 861 1640 886 ε
1665 841 1719 886 de

340 909 516 954 diabolo
530 910 695 954 debent
713 910 966 954 erubescere
984 910 1186 953 mortales
1204 910 1394 969 superbi.
1414 908 1493 954 Ille
1510 911 1625 954 enim
1642 911 1720 955 etsi

339 981 567 1039 superbus,
585 989 731 1024 tamen
748 979 999 1024 immortalis
1012 988 1096 1023 est:
1115 979 1287 1039 spiritus
1301 989 1379 1035 est,
1397 980 1475 1024 etsi
1489 980 1716 1039 malignus.

341 1048 408 1093 Illi
442 1049 532 1093 dies
570 1050 828 1094 novissimus
860 1049 1046 1108 poenalis
1073 1058 1266 1094 servatur
1295 1049 1342 1092 in
1373 1050 1506 1094 finem
1532 1070 1540 1095 :
1574 1060 1720 1094 tamen

323 1129 524 1164 ‘mortem
565 1135 698 1179 quam
733 1134 811 1163 nos
841 1120 1061 1178 patimur,
1099 1118 1173 1163 ille
1204 1134 1294 1164 non
1324 1120 1502 1179 patitur.
1543 1119 1721 1165 Audivit

339 1201 484 1235 autem
503 1191 635 1234 homo
655 1209 662 1234 :
687 1193 864 1234 «Morte
881 1189 1110 1234 morierisss.
1131 1207 1153 1230 >r
1174 1191 1329 1235 Utatur
1346 1191 1458 1234 bene
1475 1205 1606 1250 poena
1626 1207 1716 1236 sua.

338 1260 451 1314 Quid
473 1270 535 1305 est
556 1259 676 1320 quod
698 1260 786 1304 dixi
812 1275 819 1300 :
843 1261 1000 1304 Utatur
1016 1260 1127 1304 bene
1144 1274 1275 1318 poena
1297 1276 1389 1304 sua.
1416 1262 1514 1305 Non
1531 1260 1634 1305 inde
1654 1271 1723 1306 eat

338 1332 392 1374 ad
414 1331 660 1390 superbiam
676 1365 687 1385 ,
712 1330 833 1374 unde
855 1330 1022 1389 accepit
1039 1345 1243 1389 poenam3
1269 1340 1471 1389 agnoscat
1491 1347 1535 1374 se
1555 1341 1720 1376 morta-

337 1402 446 1456 lem,
470 1412 514 1446 et
542 1401 714 1458 frangat
735 1400 982 1445 elationem.
1006 1401 1169 1444 Audiat
1191 1401 1271 1444 sibi
1295 1401 1380 1445 dici
1412 1421 1421 1446 2
1459 1420 1479 1444 «
1511 1402 1627 1455 Quid
1646 1419 1722 1447 su-

341 1491 360 1513 »
389 1472 528 1531 perbit
546 1481 660 1515 terra
682 1480 725 1514 et
746 1470 852 1514 cinis
867 1471 897 1513 ³.
921 1489 941 1512 »
967 1470 1147 1515 Etiamsi
1174 1472 1372 1531 superbit
1387 1471 1609 1528 diabolus,
1630 1489 1720 1518 non

338 1551 401 1586 est
421 1551 533 1586 terra
556 1551 599 1585 et
619 1541 737 1585 cinis.
767 1541 872 1586 Ideo
888 1541 1054 1585 dictum
1071 1550 1134 1585 est
1157 1561 1165 1586 :
1196 1560 1216 1582 «
1241 1544 1328 1585 Vos
1351 1551 1494 1587 autem
1512 1543 1623 1588 sicut
1643 1544 1721 1589 ho-

341 1631 360 1653 »
392 1615 528 1657 mines
541 1611 799 1666 moriemini,
821 1621 864 1655 et
880 1612 990 1656 sicut
1005 1626 1118 1655 unus
1135 1610 1190 1655 de
1205 1612 1473 1672 principibus
1485 1612 1644 1659 cadetis
1655 1617 1715 1659 ⁵.»

337 1687 433 1729 Non
461 1681 680 1727 attenditis
696 1716 706 1736 ‚
730 1682 831 1741 quia
854 1681 1056 1726 mortales
1079 1681 1200 1737 estis,
1227 1691 1270 1726 et
1296 1683 1407 1727 sicut
1428 1684 1627 1730 diabolus
1647 1701 1719 1730 su-

336 1754 460 1814 perbi
490 1753 600 1798 estis.
628 1754 783 1796 Utatur
805 1767 907 1811 ergo
935 1753 1069 1797 homo
1103 1768 1235 1811 poena
1268 1769 1342 1798 sua
1361 1789 1372 1810 ‚
1402 1754 1584 1800 fratres:
1608 1756 1725 1801 bene·

337 1834 486 1869 utatur
506 1823 621 1868 malo
643 1838 721 1868 suo
741 1841 751 1868 ε
774 1832 825 1867 ut
846 1822 1044 1882 proficiat
1065 1823 1183 1868 hono
1204 1839 1297 1869 suo.
1323 1825 1428 1878 Quis
1444 1826 1595 1882 nescit,
1616 1828 1718 1887 quia

337 1912 467 1956 poena
484 1904 563 1950 est,
588 1910 759 1938 necesse
777 1909 867 1938 esse
883 1903 933 1938 ut
950 1895 1210 1952 moriamur3
1232 1905 1276 1940 et
1294 1895 1414 1955 quod
1434 1906 1498 1940 est
1519 1898 1690 1955 gravius
1702 1933 1712 1953 ‚

336 1965 512 2027 quando
541 1965 782 2009 nescimus?
810 1968 946 2008 Poena
973 1974 1090 2008 certa
1119 1975 1209 2019 est,
1234 1966 1339 2009 hora
1362 1965 1526 2010 incerta
1554 1986 1562 2011 ε
1598 1976 1641 2012 et
1663 1967 1717 2012 de

335 2038 412 2081 ista
435 2052 565 2096 poena
580 2035 669 2080 sola
690 2035 795 2079 certi
817 2049 965 2078 sumus
986 2034 1032 2078 in
1048 2035 1176 2078 rebus
1192 2034 1407 2080 humanis.
1458 2072 1464 2076 .

395 2109 473 2150 III.
500 2108 666 2151 Caetera
689 2115 835 2149 nostra
861 2113 904 2147 et
925 2104 1039 2148 bona
1063 2114 1105 2148 et
1133 2103 1244 2148 mala
1271 2106 1436 2149 incerta
1466 2114 1569 2150 sunt
1593 2125 1601 2150 :
1629 2104 1717 2151 sola

338 2193 450 2221 mors
468 2186 583 2222 certa
612 2186 689 2220 est.
720 2174 836 2228 Quid
865 2183 928 2218 est
944 2173 1065 2234 quod
1092 2173 1190 2219 dico
1206 2176 1224 2216 ⁶?
1241 2177 1488 2235 Conceptus
1506 2185 1569 2220 est
1589 2192 1714 2236 puer,

336 2247 447 2292 forte
470 2248 672 2301 nascitur,
689 2245 801 2290 forte
817 2246 1020 2289 abortum
1038 2242 1158 2288 facit.
1178 2247 1240 2288 Ita
1255 2245 1468 2290 incertum
1483 2255 1546 2290 est
1561 2263 1573 2291 ε
1588 2249 1722 2292 Forte

339 2318 516 2369 crescit,
540 2317 653 2361 forte
676 2332 764 2360 non
783 2315 934 2358 crescit
960 2334 968 2358 :
1000 2312 1112 2358 forte
1136 2315 1343 2368 senescit,
1378 2314 1493 2359 forte
1525 2331 1615 2360 non
1647 2331 1716 2361 se-

339 2388 474 2431 nescit
495 2406 503 2431 :
528 2385 640 2431 forte
662 2385 782 2430 dives
804 2385 885 2428 erit
901 2419 912 2439 ‚
947 2382 1060 2428 forte
1094 2399 1258 2444 pauper
1283 2404 1291 2429 :
1315 2383 1431 2430 forte
1448 2385 1686 2430 honoratus
1702 2422 1713 2442 ,

340 2456 450 2502 forte
467 2457 718 2502 humiliatus
743 2476 752 2501 :
777 2455 889 2501 forte
904 2455 1083 2499 habebit
1102 2454 1213 2500 filios
1227 2491 1238 2511 ‚
1263 2455 1375 2501 forte
1395 2472 1485 2501 non
1506 2457 1712 2502 habebit:

400 2561 409 2575 ¹
431 2554 509 2585 Psal.
529 2565 635 2594 Lxxxx,
649 2553 682 2585 6.
701 2569 742 2576 -
774 2560 786 2575 ²
805 2552 886 2585 lbid.
914 2560 946 2591 7.
968 2569 1009 2575 -·
1030 2549 1045 2575 3
1066 2568 1107 2574 —
1121 2554 1202 2586 Gen.
1223 2563 1256 2594 n,
1283 2562 1338 2595 27.
1359 2570 1400 2576 —
1418 2551 1433 2583 4
1450 2553 1548 2587 Eccli.
1572 2564 1604 2595 x,
1619 2565 1651 2596 9.
1673 2570 1714 2576 —

341 2609 355 2633 5
370 2608 450 2643 Psal.
469 2620 576 2651 Lxxxx,
591 2619 621 2649 7.
