1898 3178
387 207 470 244 220
825 214 858 242 s.
895 212 1123 244 Anaus'mm
1156 217 1335 246 EPffiCOPl

384 281 623 326 Audiamus
646 280 775 325 ambo
792 281 1015 325 Christum
1037 300 1046 326 ι
1077 300 1096 323 «
1121 281 1283 326 ,Iudaeis
1301 282 1552 327 scandalum
1575 318 1585 337 ,
1612 284 1766 328 Genti-

387 370 407 392 »
442 352 522 396 bus
555 352 807 408 stultitiam,
838 352 939 411 ipsis
976 361 1120 397 autem
1146 355 1308 398 vocatis
1337 354 1499 398 Judaeis
1531 364 1575 398 et
1608 356 1767 399 Graecis

387 442 407 464 »
441 423 663 468 Christum
681 423 758 465 Dei
776 422 992 466 Virtutem
1013 432 1056 467 ct
1078 424 1154 468 Dei
1173 424 1477 483 Sapientiam1.
1504 443 1523 466 »
1551 425 1668 478 Quid
1689 441 1769 484 pa-

384 509 449 539 ras
470 494 740 538 munimenta
757 493 916 538 divitiis
934 495 1047 538 tuis?
1060 495 1175 539 Audi
1194 495 1410 539 Virtutem
1427 496 1502 539 Dei
1520 515 1529 541 :
1549 495 1661 540 nihil
1680 495 1770 541 for-

387 567 481 610 tius.
508 563 622 617 Quid
644 579 766 624 paras
789 574 1040 623 argumenta
1056 566 1217 610 divitiis
1232 567 1349 610 tuis?
1365 565 1479 610 Audi
1504 567 1770 626 Sapientiam

383 636 459 679 Dei
480 654 489 679 ε
510 635 619 679 nihil
638 635 910 695 prudentius.
936 639 1066 680 Forte
1089 637 1205 680 enim
1229 651 1330 680 cum
1349 636 1498 680 dixero
1514 671 1525 691 ,
1551 637 1769 682 scandali-

382 707 570 762 zaberis,
596 705 776 751 Judaeus
809 707 920 765 eris;
945 708 1047 767 quia
1077 708 1275 752 Christus
1308 706 1471 751 Judaeis
1497 707 1766 753 scandalum.

382 779 513 821 Forte
542 792 643 821 cum
665 777 837 833 dixero,
864 777 1046 822 stultum
1075 777 1156 822 tibi
1180 777 1425 834 videbitur,
1452 778 1634 823 Gentilis
1656 780 1769 837 eris;

382 847 485 907 quia
507 847 703 892 Christus
733 848 945 892 Gentibus
967 847 1164 892 stultitia.
1193 848 1463 893 Christianus
1485 864 1528 893 es
1546 884 1558 904 ,
1593 858 1772 894 vocatus

381 933 440 962 es.
481 919 653 964 Vocatis
675 928 822 963 autem
842 918 1005 964 Judaeis
1027 928 1071 963 et
1108 920 1268 964 Graecis
1294 919 1491 965 Christus
1523 920 1602 965 Dei
1624 920 1771 965 Virtus

381 999 445 1033 est
467 999 510 1034 et
537 991 614 1034 Dei
639 991 871 1050 Sapientia.
899 990 1042 1036 Nolite
1064 991 1329 1046 contristari,
1353 1006 1452 1035 cum
1485 990 1663 1049 dixero,
1687 1007 1770 1036 no-

383 1061 455 1104 lite
476 1060 778 1115 scandalizari,
817 1061 952 1105 nolite
984 1061 1107 1106 velut
1127 1062 1384 1121 insipientiae
1417 1077 1525 1106 meae
1559 1077 1632 1107 ore
1654 1071 1770 1107 torto

382 1129 603 1175 insultare.
625 1131 881 1175 Audiamus.
909 1132 1040 1184 Quod
1063 1132 1178 1176 enim
1209 1131 1405 1177 dicturus
1427 1148 1521 1176 sum
1539 1168 1550 1188 ,
1575 1133 1772 1178 Christus

383 1200 505 1245 dixit.
533 1203 787 1246 Contemnis
804 1217 1073 1262 praeconem3
1091 1203 1408 1263 timeJ'udicem.
1427 1202 1544 1256 Quid
1566 1218 1668 1262 ergo
1690 1219 1771 1262 ego

380 1271 551 1316 dicam?
568 1274 592 1315 J
596 1288 663 1316 am
687 1288 756 1316 me
780 1273 1099 1332 propemodum
1118 1273 1343 1332 Evangelii
1359 1273 1496 1318 lector
1516 1273 1649 1333 paulo
1671 1283 1772 1318 ante

379 1344 461 1386 hac
485 1358 585 1386 cura
609 1342 824 1387 liberavit.
850 1345 947 1387 Non
971 1357 1051 1401 ego
1072 1342 1185 1401 lego,
1203 1343 1279 1387 sed
1301 1343 1409 1387 lecta
1433 1343 1592 1388 recolo.
1613 1344 1770 1388 Consi-

380 1414 488 1457 lium
516 1414 740 1473 quaerebas
773 1415 819 1458 in
856 1429 984 1458 causa
1012 1423 1087 1458 tua
1121 1415 1353 1459 deficiens:
1384 1416 1484 1459 vide
1515 1415 1621 1475 quid
1654 1416 1770 1460 dicat

382 1484 478 1529 fons
506 1485 611 1529 recti
632 1484 824 1541 consilii,
844 1484 941 1530 fons
970 1486 1089 1530 unde
1111 1484 1328 1546 quidquid
1350 1485 1523 1545 imples,
1547 1502 1768 1531 venenum

381 1571 470 1600 non
492 1557 632 1600 times.

440 1628 516 1670 VI.
546 1644 567 1667 «
587 1626 729 1671 Nolite
747 1626 868 1670 vobis
885 1625 1074 1670 condere
1096 1626 1322 1670 thesauros
1338 1626 1385 1670 in
1402 1634 1532 1681 terra,
1560 1628 1636 1671 ubi
1656 1628 1770 1672 tinea

441 1706 483 1741 et
506 1707 750 1742 comestura
772 1698 1052 1752 exterminat,
1079 1706 1122 1741 et
1149 1698 1227 1741 ubi
1247 1697 1365 1741 fures
1389 1697 1606 1742 effodiunt
1633 1707 1676 1742 et
1697 1700 1772 1743 fu-

440 1777 591 1812 rantur
611 1787 619 1813 :
645 1768 720 1812 sed
740 1769 1024 1812 thesaurizate
1053 1768 1176 1812 vobis
1200 1769 1424 1813 thesauros
1445 1770 1490 1812 in
1513 1769 1628 1813 coelo
1643 1805 1655 1824 ,
1681 1785 1771 1829 quo

441 1838 512 1881 tur
544 1854 634 1882 non
656 1838 821 1883 accedit
838 1874 848 1894 ,
875 1854 1019 1898 neque
1042 1840 1157 1882 tinea
1181 1840 1437 1897 corrumpit.
1463 1840 1545 1883 Ubi
1568 1849 1631 1883 est
1654 1840 1770 1883 enim

385 1929 404 1951 »
441 1911 668 1954 thesaurus
693 1919 792 1954 tuus
808 1946 818 1965 ,
844 1911 903 1954 ibi
930 1910 1011 1954 erit
1029 1919 1071 1953 et
1094 1925 1168 1955 cor
1185 1919 1309 1953 tuum
1324 1913 1356 1954 ².
1384 1928 1403 1951 ))
1432 1909 1547 1963 Quid
1572 1920 1770 1970 expectas

382 1981 596 2041 amplius?
634 1985 717 2025 Res
740 1990 887 2040 aperta
909 1990 986 2025 est.
1010 1980 1249 2026 Consilium
1275 1989 1422 2040 patet,
1444 1981 1520 2026 sed
1555 1981 1769 2041 cupiditas

382 2052 488 2097 latet
510 2072 518 2096 ε
539 2053 628 2097 imo
645 2068 734 2096 non
755 2052 883 2106 latet,
918 2051 993 2096 sed
1015 2052 1143 2096 etiam
1165 2051 1277 2110 ipsa,
1299 2050 1419 2112 quod
1439 2053 1561 2112 pejus
1578 2063 1663 2108 est,
1689 2069 1769 2112 pa-

384 2133 460 2168 tet.
494 2126 592 2170 Non
629 2124 744 2167 enim
772 2132 908 2168 cessat
940 2124 1090 2183 rapina
1124 2123 1303 2182 grassari
1330 2142 1338 2167 ε
1364 2138 1455 2167 non
1487 2124 1603 2167 enim
1635 2133 1771 2169 cessat

386 2194 588 2239 fraudare
606 2195 783 2239 avaritia
805 2215 815 2252 3
843 2209 933 2238 non
955 2194 1229 2238 enimtessat
1247 2195 1466 2254 perjurare
1484 2190 1664 2238 malitia.
1687 2197 1772 2239 Το-

388 2274 480 2309 tum
504 2264 710 2325 utquid?
729 2268 786 2310 Ut
800 2265 1129 2309 thesaurizetur.
1151 2267 1207 2309 Et
1230 2265 1306 2308 ubi
1330 2267 1545 2325 ponatur?
1567 2268 1618 2309 In
1640 2275 1768 2310 terra.

388 2341 517 2379 Recte
538 2336 716 2396 quidem
735 2352 759 2380 a
784 2344 895 2380 terra
933 2335 978 2378 in
1020 2344 1194 2379 terram.
1228 2337 1405 2380 Homini
1446 2336 1590 2391 enim,
1627 2351 1651 2380 a
1683 2351 1773 2396 quo

390 2405 516 2449 nobis
553 2406 639 2450 dixi
659 2407 853 2451 laborem
883 2405 1012 2450 fuisse
1039 2407 1344 2466 propinatum,
1380 2408 1576 2466 peccanti
1608 2407 1772 2451 dictum

391 2485 454 2520 est
483 2495 491 2519 ;
521 2494 539 2516 «
563 2479 692 2520 Terra
716 2493 775 2532 es,
793 2486 835 2521 et
851 2477 897 2520 in
918 2486 1079 2521 terram
1094 2477 1221 2521 ibi83.
1252 2496 1272 2519 »
1297 2477 1454 2522 Merito
1482 2477 1707 2522 thesaurus
1729 2478 1772 2521 in

384 1716 393 1738 )

396 1716 404 1737 ν

384 1786 393 1807 )

396 1786 404 1807 υ

385 1856 395 1878 )

396 1857 405 1879 ν

441 2566 450 2581 ¹
471 2570 482 2590 ι
505 2561 576 2591 Cor.
600 2559 771 2603 1,“23,’).4.
795 2579 836 2584 —-
857 2568 869 2584 ²
885 2561 1005 2594 Manli.
1029 2572 1073 2599 vi,
1094 2570 1212 2603 19-21.
1234 2578 1273 2584 —
1296 2560 1475 2601 3(;en.1n‚
1501 2572 1550 2602 19·
