1898 3178
269 186 408 216 smmo
441 188 511 227 LI,
545 189 599 216 DE
629 182 863 216 concoRmA
894 182 1059 214 ΜΑΤΤΗ.
1095 186 1147 214 ET
1178 187 1272 215 Luc.
1376 174 1459 215 135

88 269 176 299 non
196 252 340 299 aufert
364 254 467 298 huic
489 268 673 298 numero
693 252 1026 313 principatum¹.
1043 251 1124 296 Hie
1144 261 1290 298 autem
1312 267 1468 298 nume—

86 340 158 369 rus
178 325 308 369 vitam
330 323 564 382 significat,
590 338 678 382 qua
699 323 745 366 in
762 322 842 366 hac
864 331 977 367 terra
997 321 1223 367 laboratur
1237 357 1249 378 ‚
1274 324 1469 382 quandiu

85 396 410 457 peregrinamur
429 409 453 438 a
474 395 678 450 Domino,
696 394 742 437 in
761 409 849 453 qua
869 394 1109 438 necessaria
1129 402 1193 438 est
1208 393 1470 453 diSpensatio

87 465 377 526 temporaliter
397 464 688 524 praedicandae
709 463 915 509 veritatis.
941 466 1151 509 Denarius
1176 465 1293 509 enim
1313 479 1471 510 nume-

87 552 179 592 rus,
207 551 297 596 quo
318 535 586 593 significatur
614 532 826 594 perfectio
848 533 1131 579 beatitudinis
1145 569 1156 591 ‚
1180 543 1336 596 quater
1355 535 1473 580 mul-

87 606 328 667 tiplicatus,
350 614 527 666 propter
553 615 725 664 tempus
757 603 1146 665 quadripartitum,
1179 615 1224 651 et
1254 605 1473 652 mundum

85 678 475 739 quadripartitum,
505 676 901 738 quadragenarium
932 690 1166 720 numerum
1185 676 1306 723 facit.
1333 681 1474 739 Prop-

85 758 203 794 terea
234 748 525 809 quadraginta
547 747 702 792 diebus
729 747 978 807 jejunatum
999 755 1064 791 est
1080 780 1093 802 ‚
1112 756 1156 791 et
1178 763 1200 792 a
1223 750 1376 807 Moyse
1393 784 1404 805 ,
1430 759 1475 795 et

86 819 140 863 ab
153 818 264 875 Elia,
275 827 318 863 et
329 819 385 864 ab
398 819 490 879 ipso
501 818 742 864 Mediatore
756 818 944 864 Domino
960 827 1109 863 nostro
1124 821 1150 863 J
1153 834 1230 864 esu
1241 820 1440 866 Christ0²
1463 842 1472 866 2

85 891 187 950 quia
204 891 250 934 in
267 890 350 935 hoc
367 899 564 950 tempore
581 890 817 936 necessaria
831 899 894 934 est
907 905 931 934 a
945 889 1244 951 corporalibus
1259 890 1476 936 illecebris

85 961 368 1006 continentia.
391 961 689 1020 Quadraginta
707 975 884 1021 quoque
907 976 1042 1006 annos
1062 961 1108 1005 in
1126 975 1272 1006 eremo
1289 961 1478 1021 populus

85 1031 383 1090 peregrinatus
415 1032 502 1075 est3
532 1050 540 1075 :
571 1030 860 1091 quadraginta
895 1029 1050 1076 diebus
1071 1030 1288 1076 diluvium
1310 1030 1478 1078 factum

87 1104 193 1147 est4.
215 1102 512 1161 Quadraginta
534 1102 626 1146 dies
646 1111 745 1161 post
769 1103 1130 1147 resurrectionem
1148 1103 1360 1147 Dominus
1376 1118 1479 1148 cum

86 1171 314 1232 Discipulis
335 1182 616 1218 conversatus
637 1181 729 1228 est,
754 1172 1020 1231 persuadens
1042 1172 1102 1216 eis
1117 1173 1358 1218 resuscitati
1379 1188 1479 1219 cor-

86 1243 202 1302 poris
221 1243 473 1288 veritatem⁵
501 1262 510 1286 :
538 1243 616 1286 ubi
630 1243 886 1301 significavit
901 1243 948 1287 in
960 1244 1043 1287 hac
1058 1243 1160 1299 vita,
1181 1259 1269 1304 qua
1289 1245 1481 1304 peregri-

86 1328 186 1358 mur
203 1328 226 1358 a
248 1314 435 1358 Domino
449 1348 460 1368 ‚
486 1312 607 1373 quod
630 1327 839 1357 numerus
856 1312 1244 1373 quadragenarius,
1259 1314 1371 1359 sicut
1391 1314 1481 1360 dic-

87 1393 182 1428 tum
212 1392 276 1427 est
292 1417 304 1438 ,
328 1383 510 1440 mystice
533 1383 725 1427 insinuat
757 1384 1040 1429 necessariam
1067 1384 1194 1429 nobis
1226 1385 1480 1430 memoriam

87 1453 301 1499 Dominiei
341 1453 554 1512 corporis,
605 1468 739 1513 quam
777 1454 824 1498 in
858 1454 1050 1500 Ecclesia
1095 1454 1302 1512 facimus,
1340 1456 1481 1502 donec

87 1524 275 1569 veniatss.
295 1523 365 1569 Ad
381 1524 494 1568 hanc
509 1539 612 1583 ergo
629 1524 780 1580 vitam,
796 1525 1006 1584 quoniam
1026 1524 1253 1570 descendit
1268 1526 1482 1571 Dominus

88 1605 251 1650 noster,
276 1604 320 1640 et
342 1595 537 1640 Verbum
561 1610 660 1640 caro
679 1594 847 1638 factum
864 1604 944 1650 est,
961 1605 1012 1639 ut
1034 1596 1279 1639 traderetur
1303 1606 1482 1656 propter

89 1665 248 1710 delicta
269 1674 436 1720 nostra,
461 1675 505 1709 et
526 1673 768 1722 resurgeret
799 1673 981 1723 propter
997 1663 1356 1724 justificationem
1378 1682 1482 1711 nos-

90 1738 251 1793 tram⁷3
274 1734 671 1795 quadragenarium
690 1749 924 1779 numerum
941 1735 1176 1780 Matthaeus
1194 1745 1368 1782 secutus
1385 1746 1451 1782 est
1470 1756 1481 1783 ε

90 1814 141 1850 ut
162 1821 250 1849 una
275 1805 495 1864 generatio
512 1820 612 1864 quae
635 1804 696 1848 ibi
719 1803 888 1849 excedit
909 1803 1306 1865 quadragenarium
1326 1822 1481 1852 nume-

91 1892 187 1921 rum
203 1911 215 1932 ,
238 1875 309 1920 vel
329 1891 419 1920 non
441 1875 672 1935 impediat,
698 1876 825 1920 sicuti
860 1876 1035 1933 triginta
1055 1876 1118 1920 illi
1141 1878 1244 1921 anni
1279 1892 1370 1923 non
1400 1879 1484 1923 im-

91 1948 277 2007 pediunt
310 1946 732 2006 quadringentorum
752 1945 1066 2005 perfectionem
1085 1967 1097 2004 3
1130 1947 1203 1991 vel
1239 1948 1324 1992 hoc
1353 1949 1481 1992 etiam

92 2019 183 2076 ipsa
203 2017 436 2076 significet,
463 2018 565 2076 quia
582 2018 674 2076 ipse
711 2017 920 2061 Dominus
942 2032 1032 2076 quo
1047 2018 1202 2076 juncto
1223 2018 1337 2063 fiunt
1369 2035 1483 2079 qua-

93 2088 477 2146 draginta-unum,
508 2089 568 2133 ita
590 2087 814 2133 deseendit
832 2089 888 2133 ad
918 2088 1032 2133 hanc
1065 2089 1200 2134 vitam
1228 2099 1482 2150 portaturus

94 2167 271 2218 peccata
291 2168 458 2215 nostra,
482 2168 533 2203 ut
556 2168 702 2204 tamen
726 2159 782 2203 ab
814 2159 896 2204 hac
916 2160 1005 2204 vita
1021 2194 1033 2215 ‚
1057 2161 1231 2220 propria
1261 2170 1304 2205 et
1330 2161 1482 2221 singu-

94 2229 174 2273 lari
196 2228 448 2273 excellentia
466 2264 478 2284 ,
508 2246 594 2290 qua
617 2232 677 2275 ita
698 2231 832 2276 homo
865 2240 930 2276 est
952 2240 1003 2276 ut
1023 2232 1154 2276 etiam
1176 2235 1291 2277 Deus
1313 2233 1390 2289 sit,
1413 2233 1483 2278 in-

97 2298 297 2344 veniatur
325 2307 541 2357 exeeptuS.
568 2302 630 2343 De
651 2300 736 2345 hoc
776 2301 894 2345 enim
916 2301 1009 2348 solo
1047 2301 1234 2358 dicitur,
1269 2302 1388 2363 quod
1429 2303 1486 2349 de

146 2419 157 2433 1
178 2413 257 2443 Gen.
285 2421 338 2452 xv,
360 2415 393 2443 et
410 2413 484 2444 Act.
500 2422 556 2445 vu.
578 2428 618 2435 —
639 2420 651 2435 ²
671 2416 886 2457 Deut.1x,9;
903 2415 922 2447 3
942 2418 1020 2457 Reg.
1037 2426 1101 2456 mx,
1130 2415 1165 2456 8,
1188 2419 1221 2449 et
1236 2416 1355 2450 Matth.
1381 2428 1428 2459 lv,
1447 2426 1481 2450 2.

99 2483 142 2489 —
162 2464 175 2489 3
193 2467 287 2498 Num.
303 2477 404 2509 xxxu,
425 2467 475 2499 13.
504 2484 537 2490 -
555 2465 570 2497 4
589 2469 668 2500 Gen.
695 2480 752 2510 vn,
771 2468 850 2510 4.-
872 2467 888 2493 5
907 2472 980 2504 Act.
1003 2482 1028 2511 1,
1047 2471 1121 2503 3.-
1142 2469 1158 2494 6
1179 2483 1193 2505 1
1214 2473 1286 2505 cor.
1304 2483 1350 2511 xi,
1366 2472 1421 2505 26.
1440 2486 1482 2495 --

102 2530 115 2555 7
133 2525 222 2554 Rom.
242 2533 285 2564 lv,
305 2522 359 2554 25.
