1898 3178
423 245 507 286 346
858 257 890 285 s.
926 257 1155 287 Aucusnm
1186 259 1367 288 zmscom

423 343 442 365 »
478 324 673 369 Christus
708 322 843 368 Filius
874 324 950 368 Dei
971 324 1080 380 vivi,
1105 342 1126 366 »
1151 324 1297 368 firmos
1318 322 1554 382 significat3
1578 323 1623 367 in
1643 338 1695 368 eo
1720 338 1798 367 au-

418 403 506 438 tem
528 395 647 455 quod
670 393 856 453 trepidat
873 403 916 438 et
936 395 1122 450 titubat,
1147 404 1191 440 et
1206 395 1428 441 Christum
1447 394 1537 453 pati
1565 409 1654 438 non
1674 393 1795 449 vult,

418 475 602 510 mortem
624 465 842 521 timendo,
862 466 996 510 vitam
1017 482 1107 510 non
1125 466 1415 526 agnoscendo,
1439 466 1631 511 infirmos
1648 465 1800 510 Eccle-

417 536 489 579 siae
505 536 731 594 significat.
760 539 811 580 In
833 535 908 582 illo
935 552 1037 596 ergo
1058 553 1147 582 uno
1182 535 1393 596 apostolo⁷
1417 535 1463 580 id
1479 545 1567 592 est,
1588 539 1733 591 Petro,
1753 536 1800 579 in

417 605 570 649 ordine
595 605 904 666 Apostolorum
922 608 1065 666 primo
1079 616 1122 651 et
1136 607 1357 667 praecipuo
1373 641 1384 661 ‚
1403 607 1448 650 in
1471 622 1559 666 quo
1581 606 1800 665 figuraba-

416 685 488 720 tur
510 675 700 720 Ecclesia
715 711 725 731 ‚
747 685 986 737 utrumque
1008 692 1143 736 genus
1165 674 1498 735 significandum
1517 674 1601 720 fuit
1616 711 1627 731 ,
1651 675 1698 720 id
1717 685 1796 731 est,

415 747 529 791 firmi
549 756 593 791 et
608 747 770 791 infirmi
795 766 803 792 :
828 748 930 808 quia
948 749 1040 793 sine
1058 757 1246 808 utroque
1267 763 1355 791 non
1377 755 1440 791 est
1460 745 1668 791 Ecclesia.
1848 799 1851 807 ἱ

474 819 529 861 V.
552 818 664 862 Hinc
679 828 742 862 est
758 834 861 878 ergo
883 828 926 863 et
946 817 1066 879 quod
1087 817 1219 862 modo
1240 816 1403 862 lectum
1420 826 1484 862 est
1509 836 1518 862 z
1542 836 1563 860 «
1588 817 1796 873 Domine,
1848 815 1851 840 ³

416 906 437 929 η
472 888 506 932 si
529 897 578 933 tu
600 904 665 946 es,
685 889 794 949 jube
816 905 884 934 me
916 891 1062 935 venire
1097 888 1151 933 ad
1174 898 1218 933 te
1237 904 1366 948 super
1396 890 1569 949 aquas1.
1598 888 1642 933 Si
1655 897 1704 933 tu
1722 903 1766 933 es
1783 923 1795 945 ‚

417 977 437 1001 n
469 960 576 1019 jube
599 976 669 1004 me
704 980 713 1005 ε
742 979 761 1002 »
796 964 894 1007 Non
925 962 1038 1005 enim
1070 976 1244 1020 possum
1266 961 1350 1005 hoc
1375 960 1421 1004 in
1441 975 1511 1004 me
1531 994 1543 1015 ‚
1567 959 1642 1003 sed
1664 960 1709 1003 in
1737 968 1795 1005 te.

415 1031 605 1088 Agnovit
622 1031 728 1091 quid
751 1032 831 1076 sibi
853 1041 962 1076 esset
985 1048 1008 1076 a
1026 1047 1070 1076 se
1087 1067 1098 1086 ‚
1119 1030 1226 1091 quid
1242 1031 1298 1075 ab
1313 1030 1409 1085 illo,
1431 1031 1553 1090 cujus
1573 1029 1800 1076 voluntate

414 1100 597 1144 credidit
620 1117 664 1145 se
681 1117 804 1161 posse
821 1138 832 1157 ‚
859 1101 980 1162 qnod
1008 1101 1128 1146 nulla
1165 1101 1394 1145 infirmitas
1423 1101 1615 1144 humana
1650 1102 1796 1160 possit.

414 1173 528 1228 Ergo
546 1206 557 1226 ‚
582 1191 600 1213 «
630 1172 672 1217 Si
694 1181 743 1216 tu
771 1188 814 1216 es
838 1189 849 1216 .·
871 1173 1008 1233 jube3
1038 1192 1058 1214 »
1086 1173 1188 1232 quia
1210 1188 1310 1217 cum
1327 1172 1527 1233 jusseris,
1552 1172 1641 1216 fiet.
1671 1173 1801 1225 Quod

414 1255 494 1299 ego
517 1257 606 1286 non
626 1242 749 1287 valeo
770 1242 1096 1302 praesumendo,
1119 1252 1166 1287 tu
1189 1252 1310 1302 potes
1335 1241 1549 1302 jubendo.
1575 1245 1632 1286 Et
1652 1243 1800 1286 Domi-

414 1326 495 1355 nus
513 1347 523 1366 ,
554 1331 574 1353 «
606 1312 742 1356 Veni²
759 1347 770 1367 ,
799 1331 818 1354 »
845 1313 1003 1373 inquit.
1030 1316 1086 1357 Et
1122 1314 1213 1357 sine
1235 1312 1323 1356 ulla
1346 1312 1620 1356 dubitatione
1648 1316 1799 1356 Petrus

413 1382 468 1426 ad
489 1383 670 1427 verbum
681 1384 898 1443 jubentis,
921 1385 976 1428 ad
998 1384 1269 1443 praesentiam
1289 1384 1589 1437 sustentantiS,
1615 1382 1670 1427 ad
1684 1399 1799 1443 prae-

410 1452 592 1496 sentiam
615 1453 820 1512 regentis,
842 1454 933 1497 sine
955 1453 1044 1498 ulla
1067 1453 1347 1498 cunctatione
1367 1452 1540 1497 desiluit
1567 1452 1613 1496 in
1632 1468 1764 1513 aquas
1783 1489 1795 1509 ‚

411 1532 454 1566 et
470 1522 694 1567 ambulare
717 1525 866 1583 coepit.
892 1525 1041 1569 Potuit
1062 1524 1183 1584 quod
1203 1524 1410 1568 Dominus
1429 1559 1439 1578 ‚
1466 1539 1555 1568 non
1569 1524 1615 1566 in
1633 1539 1700 1580 se,
1724 1527 1799 1569 sed

410 1592 455 1635 in
477 1593 673 1637 Domino.
702 1613 721 1635 «
747 1594 906 1638 Fuistis
939 1595 1054 1638 enim
1075 1594 1309 1654 aliquando
1340 1593 1553 1649 tenebrae,
1578 1609 1698 1639 nunc
1719 1610 1798 1639 au·-

413 1680 432 1703 »
470 1672 557 1706 tem
588 1662 691 1715 lux3
736 1665 812 1708 sed
842 1665 887 1708 in
919 1665 1150 1709 Dominoss.
1189 1684 1208 1706 »
1247 1665 1375 1718 Quod
1408 1680 1536 1709 nemo
1578 1675 1722 1724 potest
1751 1667 1796 1710 in

410 1733 545 1777 Paulo
562 1768 572 1788 ‚
599 1749 727 1778 nemo
749 1735 795 1777 in
815 1738 943 1779 Petro
957 1771 967 1790 ,
1001 1751 1130 1780 nemo
1165 1735 1210 1779 in
1233 1735 1317 1779 alio
1345 1734 1436 1780 ullo
1458 1736 1766 1795 Apostolorum
1781 1772 1792 1792 ,

408 1803 491 1847 hoc
509 1812 648 1862 potest
667 1804 713 1847 in
739 1805 966 1850 Domino⁴.
993 1806 1099 1849 Ideo
1118 1806 1231 1849 bene
1250 1805 1408 1849 Paulus
1437 1806 1601 1850 utiliter
1625 1822 1670 1850 se
1691 1822 1796 1851 con-

408 1882 621 1928 temnens,
638 1873 762 1917 illum
778 1874 1088 1919 commendans
1108 1894 1116 1919 :
1141 1894 1161 1916 «
1185 1874 1409 1935 Numquid
1429 1874 1610 1931 Paulus,
1631 1876 1791 1936 inquit,

410 1960 431 1983 »
466 1958 545 2002 pro
565 1944 689 1988 vobis
707 1945 937 1989 crucifixus
957 1955 1042 2003 est,
1077 1954 1152 1989 aut
1174 1945 1218 1989 in
1241 1945 1417 1988 nomine
1436 1944 1558 1989 Pauli
1587 1946 1793 2006 baptizati

408 2032 428 2055 »
465 2015 563 2059 estis
581 2016 629 2059 ⁵?
656 2034 675 2056 »
702 2018 800 2061 Non
819 2032 922 2075 ergo
941 2017 987 2060 in
1008 2032 1099 2072 me,
1139 2015 1215 2060 sed
1243 2030 1442 2075 mecum3
1466 2032 1555 2062 non
1584 2019 1668 2062 sub
1690 2034 1760 2063 me
1776 2055 1788 2076 ‚

406 2085 480 2128 sed
501 2085 588 2129 sub
609 2083 686 2129 illo

463 2157 539 2198 VI.
560 2157 677 2214 Ergo
692 2155 930 2201 ambulavit
942 2159 1094 2201 Petrus
1109 2171 1238 2216 super
1253 2172 1385 2217 aquas
1400 2157 1445 2200 in
1458 2158 1584 2217 jussu
1599 2160 1788 2215 Domini,

404 2225 540 2268 sciens
570 2226 653 2269 hoc
679 2241 722 2269 se
744 2242 767 2270 a
789 2241 832 2269 se
867 2226 1028 2270 habere
1056 2242 1145 2271 non
1176 2242 1319 2287 posse.
1345 2226 1452 2271 Fide
1474 2228 1610 2272 valuit
1627 2263 1638 2283 ‚
1670 2231 1791 2289 quod

404 2294 595 2338 humana
631 2295 858 2340 infirmitas
881 2312 970 2340 non
1002 2297 1177 2340 valeret.
1216 2298 1270 2340 Hi
1293 2306 1394 2340 sunt
1422 2298 1536 2340 firmi
1566 2298 1784 2344 Ecclesiae.

404 2364 654 2420 Attendite,
681 2365 849 2419 audite,
882 2366 1111 2425 intelligite
1128 2402 1138 2421 ‚
1174 2368 1301 2426 agite.
1327 2369 1478 2427 Neque
1500 2369 1619 2412 enim
1654 2385 1790 2429 agen-

403 2433 509 2476 dum
531 2443 594 2478 est
613 2450 713 2479 cum
750 2435 884 2480 firmis
907 2435 1038 2491 alibi,
1063 2446 1112 2481 ut
1134 2437 1219 2481 sint
1245 2438 1404 2481 infirmi
1426 2453 1435 2478 :
1461 2437 1538 2482 sed
1568 2439 1788 2498 agendum

450 2533 458 2549 ¹
483 2528 683 2570 Matth.x1v,
706 2530 804 2562 28-
827 2537 839 2553 ²
858 2530 939 2562 Ibid.
960 2539 1061 2573 2q.—-
1081 2530 1094 2554 3
1117 2531 1231 2573 Ephcs.
1253 2543 1288 2572 v,
1303 2533 1381 2564 8.-
1405 2531 1422 2562 4
1440 2532 1549 2565 Florus
1566 2534 1606 2566 ad
1629 2546 1640 2566 1
1663 2536 1735 2568 Cor.
1754 2547 1777 2568 ι.

403 2581 646 2625 —51Cor.1,
668 2586 719 2616 13.

1812 2588 1820 2770 9

1810 2771 1816 2938 ἕ

1808 3062 1811 3096 ἱ

1805 3151 1810 3178 f
