1898 3178
335 203 471 229 semro
503 203 722 240 Lxxxviu,
758 204 810 230 DE
845 200 990 231 visurus
1022 200 1186 231 MATTH.
1226 205 1298 229 ΧΧ.
1428 191 1510 230 445

133 284 152 307 >)
181 276 265 321 tre,
291 276 334 311 et
360 271 485 312 Pater
505 268 550 312 in
573 283 642 311 me
663 270 758 312 est?
780 272 801 313 J
810 285 877 313 am
901 269 1070 313 dudum
1104 268 1268 313 dixerat
1290 287 1298 312 :
1324 269 1409 321 Qui
1443 285 1512 313 me

133 354 153 376 υ
178 337 310 391 vidit,
328 337 436 382 vidit
457 347 500 382 et
519 341 708 382 Patrem.
727 357 747 379 »
772 340 857 383 Sed
872 338 1069 383 nondum
1086 338 1275 383 habebat
1288 337 1512 398 Philippus

129 423 282 451 sanum
317 407 516 463 oculum,
552 408 670 453 unde
700 408 867 453 videret
899 413 1070 454 Patrem
1099 429 1109 454 2
1140 418 1270 469 atque
1299 407 1398 453 ideo
1433 424 1513 453 nec

129 478 247 523 unde
267 478 433 523 videret
445 480 587 539 ipsum
604 478 763 524 Filium
782 481 897 524 Patri
909 480 1190 540 coaequalem.
1208 483 1361 540 Itaque
1378 480 1512 524 aciem

129 548 285 593 mentis
307 549 450 594 adhuc
471 550 657 595 sauciam
671 585 683 606 ‚
701 559 744 594 et
767 559 932 596 tantam
953 550 1098 596 lucem
1115 552 1302 611 aspicere
1323 566 1413 596 non
1432 566 1510 596 va-

127 617 312 675 lentem,
338 620 574 665 sanandam
609 630 738 681 atque
764 621 1023 666 firmandam
1050 620 1154 666 fidei
1186 621 1511 666 medicamentis

128 691 334 750 suscepit,
361 700 404 736 et
424 691 508 736 ait:
534 693 670 737 «Non
684 690 822 736 credis
839 727 849 747 ,
869 692 972 751 quia
991 706 1067 750 ego
1088 692 1133 735 in
1156 694 1298 747 Patre,
1319 701 1364 735 et
1385 695 1511 736 Pater

129 780 151 804 )›
175 763 222 806 in
244 778 314 807 me
335 764 424 808 est?
439 782 460 805 »
486 764 572 817 Qui
595 779 697 823 ergo
723 764 921 809 nondum
946 772 1088 822 potest
1120 762 1267 807 videre
1298 762 1419 823 quod
1440 763 1512 807 de-

79 866 83 867 r
127 842 445 877 monstraturus
463 843 527 878 est
548 834 780 890 Dominus,
797 850 886 879 non
904 842 1072 894 quaerat
1088 834 1206 893 prius
1220 832 1366 878 videre
1390 833 1511 893 quod

128 905 274 949 credat
302 923 312 950 :
336 904 413 949 sed
434 906 551 964 prius
572 904 721 950 credat
737 940 748 961 ,
774 914 824 950 ut
845 905 979 964 possit
1002 903 1154 950 oculus
1170 905 1311 949 sanari
1333 920 1422 964 quo
1443 904 1510 948 vi-

127 973 241 1019 deat.
266 975 364 1021 Sola
378 975 493 1020 enim
514 975 652 1020 forma
666 976 777 1020 servi
792 976 1078 1021 exhibebatur
1092 975 1320 1020 servilibus
1345 975 1479 1019 oculis
1499 994 1507 1018 :

127 1047 227 1105 quia
244 1045 317 1090 ille
338 1047 414 1107 qui
432 1062 520 1091 non
536 1047 734 1107 rapinam
749 1046 981 1091 arbitratus
999 1055 1063 1091 est
1078 1061 1167 1090 esse
1187 1045 1365 1106 aequalis
1381 1047 1507 1098 De01,

125 1117 159 1161 si
180 1117 234 1161 ab
254 1118 312 1162 eis
335 1134 443 1178 quos
465 1119 607 1163 sanari
627 1118 766 1164 voluit
782 1120 873 1178 jam
888 1118 1027 1164 videri
1048 1127 1190 1178 posset
1208 1116 1384 1176 aequalis
1401 1120 1506 1171 Deo,

124 1203 213 1232 non
231 1204 340 1248 opus
357 1189 537 1233 haberet
561 1189 839 1248 semetipsum
861 1188 1104 1232 exinanire.
1132 1197 1175 1231 et
1192 1187 1377 1231 formam
1400 1187 1510 1230 servi

125 1258 333 1318 accipere.
362 1260 446 1303 Sed
463 1260 564 1319 quia
587 1274 678 1303 non
700 1268 791 1302 erat
812 1258 931 1302 unde
954 1257 1176 1303 videretur
1194 1261 1329 1312 Deus,
1353 1266 1396 1300 et
1420 1265 1511 1301 erat

122 1329 242 1373 unde
254 1328 474 1374 videretur
491 1329 640 1386 homo3
666 1328 741 1388 qui
763 1332 876 1372 Deus
900 1338 1012 1383 erat,
1037 1327 1177 1373 factus
1196 1337 1259 1372 est
1280 1328 1412 1372 homo
1430 1362 1440 1382 ,
1461 1336 1510 1371 ut

123 1398 168 1443 id
189 1398 311 1459 quod
325 1399 573 1454 videbatur,
594 1407 765 1443 sanaret
786 1398 895 1442 illud
911 1398 1030 1442 unde
1047 1414 1137 1443 non
1152 1397 1396 1442 videbatur.
1414 1401 1429 1441 l
1437 1413 1511 1457 pse

123 1469 240 1513 enim
262 1469 345 1514 alio
373 1468 470 1514 loco
504 1469 563 1513 ait
589 1484 599 1509 z
630 1487 650 1511 «
674 1468 795 1512 Beati
827 1467 994 1512 mundo
1016 1467 1147 1512 corde
1163 1503 1174 1522 ,
1200 1468 1408 1527 quoniam
1430 1468 1512 1526 ipsi

126 1558 147 1582 »
174 1543 312 1585 Deum
327 1540 579 1585 videbunt&
597 1558 616 1582 »
636 1543 806 1584 Poterat
820 1539 973 1598 utique
989 1538 1213 1597 Philippus
1231 1537 1508 1598 respondere,

124 1620 167 1655 et
202 1611 345 1656 dicere
373 1627 382 1653 z
416 1612 624 1666 Domine,
658 1625 758 1654 ecce
791 1618 835 1653 te
863 1609 992 1653 video
1023 1628 1031 1653 :
1064 1608 1243 1653 talis-ne
1274 1619 1338 1653 est
1365 1613 1507 1663 Pater,

123 1681 254 1741 quale
276 1691 340 1727 est
360 1683 443 1726 hoc
458 1680 578 1741 quod
600 1680 752 1725 video?
773 1678 991 1733 Quoniam
1013 1678 1157 1722 dixisti
1182 1697 1202 1720 «
1226 1697 1235 1722 ε
1256 1679 1341 1732 Qui
1363 1694 1432 1722 me
1451 1679 1512 1722 vi-

126 1770 147 1794 »
172 1751 258 1807 dit,
289 1752 395 1797 vidit
416 1761 460 1796 et
486 1755 673 1796 Patrem.
698 1753 985 1809 »Antequam
1005 1749 1089 1794 hoc
1110 1749 1391 1808 responderet
1414 1749 1510 1793 Phi-

123 1823 268 1882 lippus
283 1858 294 1878 ,
336 1821 406 1868 vel
443 1822 622 1866 fortasse
655 1830 889 1880 antequam
929 1820 1166 1879 cogitaret,
1206 1836 1307 1864 cum
1339 1819 1512 1864 dixisset

124 1896 334 1940 Dominus
361 1913 369 1939 :
399 1913 417 1938 «
445 1888 532 1947 Qui
563 1909 633 1938 me
653 1892 785 1947 vidit,
810 1890 921 1936 vidit
942 1900 984 1935 et
1015 1895 1211 1948 Patrem,
1244 1910 1264 1933 »
1301 1893 1510 1937 continuo

124 1965 346 2026 subjunxit
368 1984 377 2010 ε
408 1983 428 2007 «
451 1967 550 2011 Non
571 1962 732 2018 credis,
767 1962 870 2023 quia
896 1977 976 2020 ego
997 1961 1043 2005 in
1072 1965 1197 2005 Patre
1212 1996 1222 2016 ,
1253 1970 1295 2005 et
1317 1965 1443 2006 Pater
1464 1963 1510 2005 in

126 2054 148 2078 »
173 2051 243 2080 me
265 2037 352 2080 est?
379 2053 399 2076 «
424 2034 507 2079 Illo
537 2034 652 2078 enim
672 2032 801 2079 oculo
822 2031 1020 2076 nondum
1042 2031 1189 2076 videre
1210 2041 1405 2091 poterat,
1429 2048 1510 2077 nec

125 2109 326 2160 Patrem,
366 2120 446 2149 nec
483 2104 696 2164 aequalem
733 2103 849 2148 Patri
883 2101 1067 2158 Filium,
1098 2103 1173 2145 sed
1205 2111 1255 2146 ut
1286 2112 1510 2146 sanaretur

126 2176 279 2221 oculus
300 2176 356 2220 ad
383 2175 644 2231 videndum,
675 2173 981 2233 inunguendus
1010 2182 1101 2217 erat
1136 2173 1190 2217 ad
1222 2173 1504 2218 credendum.

127 2248 232 2292 Ideo
254 2256 487 2306 antequam
506 2246 649 2290 videas
667 2245 787 2305 quod
801 2245 948 2289 videre
970 2260 1058 2288 non
1080 2253 1218 2303 potes,
1245 2246 1367 2288 crede
1388 2244 1510 2305 quod

59 2327 61 2330 ⁴
125 2317 326 2362 nondum
348 2316 482 2361 vides.
510 2315 698 2359 Ambula
728 2331 804 2374 per
826 2316 984 2369 fidem,
1010 2325 1060 2358 ut
1082 2315 1304 2374 pervenias
1327 2314 1381 2358 ad
1409 2330 1507 2374 spe-

127 2388 251 2433 ciem.
280 2386 450 2446 Species
471 2401 560 2429 non
591 2385 830 2429 laetificabit
856 2385 902 2428 in
932 2384 1095 2443 patria,
1133 2400 1263 2444 quem
1282 2384 1388 2429 fides
1418 2400 1509 2429 non

128 2458 374 2504 consolatur
406 2457 450 2500 in
481 2456 563 2500 via.
593 2456 660 2500 Sic
694 2456 807 2500 enim
842 2454 945 2499 dicit
967 2454 1228 2513 Apostolus:
1257 2473 1276 2496 »
1303 2455 1508 2509 Quandiu

177 2550 185 2566 ¹
204 2543 314 2585 Philip.
339 2552 425 2574 xxvi.
450 2558 489 2564 -
511 2549 522 2564 ²
540 2541 653 2574 Matth.
673 2552 707 2582 v,
723 2541 753 2573 8.
