1898 3178
360 263 498 291 SERMO
527 265 574 301 c,
610 264 664 290 DE
697 262 842 291 VERBIS
875 264 968 291 Luc„
1005 265 1066 291 lx.
1322 252 1404 291 549

56 326 193 372 endus
214 337 276 373 est
299 330 492 374 Creator.
512 332 620 387 Ego,
637 330 796 388 inquit,
824 329 880 374 ad
902 329 1187 388 Evangelium
1212 338 1254 373 te
1274 344 1401 385 voco,

0 402 1 405 ’
28 396 78 442 ad
99 397 216 442 aliud
238 414 346 457 opus
366 399 471 442 mihi
499 401 759 443 necessarius
780 415 824 443 es
851 419 860 444 :
886 401 1023 459 majus
1043 409 1105 444 est
1132 401 1216 444 hoc
1233 434 1245 453 ,
1270 415 1401 460 quam

31 465 143 526 quod
156 467 218 511 vis
229 466 385 512 facere.
416 486 433 507 «
462 469 560 512 Sine
581 477 775 513 mortuos
793 469 972 528 sepelire
989 478 1185 514 mortuos
1206 471 1349 514 suos1.
1380 488 1399 510 »

0 523 4 566 l
31 540 148 581 Pater
182 546 282 582 tuus
320 547 516 582 mortuus
548 547 612 582 est
637 558 646 583 2
679 548 780 583 sunt
816 539 887 583 alii
909 541 1068 584 mortui
1096 540 1172 600 qui
1193 539 1404 599 sepeliant

68 615 231 652 ortuos.
256 609 418 653 Mortui
439 608 695 668 sepelientes
718 619 911 654 mortuos
935 611 1010 670 qui
1037 612 1169 655 sunt?
1192 613 1401 654 Potes-ne

3 735 6 740 ,
68 686 219 721 ortuus
239 693 263 722 a
284 679 466 722 mortuis
487 678 689 738 sepeliri?
710 679 940 732 Quomodo
961 679 1191 724 involvunt
1205 714 1215 734 ,
1235 680 1268 722 si
1290 694 1401 723 mor-

5 749 84 810 ·zui
121 749 252 792 sunt?
288 748 519 801 Quomodo
552 757 727 808 portant
747 749 782 793 si
802 749 964 793 mortui
1001 751 1135 794 sunt?
1169 748 1401 802 Quomodo

48 816 233 877 langunt
249 853 260 873 ‚
286 820 319 863 si
342 819 502 864 mortui
523 821 653 864 sunt?
674 822 731 864 Et
763 819 993 864 involvunt
1007 855 1022 875 ,
1059 829 1101 863 et
1121 829 1297 879 portant
1312 854 1323 874 ‚
1357 829 1399 863 et

38 888 248 947 ›langunt‚
274 898 316 933 et
338 890 499 934 mortui
516 899 617 934 sunt
635 910 644 935 ε
662 890 765 950 quia
786 890 982 934 infideles
1004 899 1120 934 sunt.
1147 891 1302 934 Docuit
1320 905 1398 934 nos

39 958 136 1018 [uod
157 960 365 1019 scriptum
383 961 509 1005 estin
530 961 711 1006 Cantico
733 961 1014 1006 Canticorum
1030 996 1040 1016 ,
1061 959 1233 1005 dicente
1251 960 1399 1004 Eccle-

40 1028 76 1073 ia
100 1048 109 1073 :
136 1047 156 1070 «
180 1030 388 1074 Ordinate
404 1031 449 1074 in
471 1045 541 1074 me
557 1031 811 1075 charitatem
826 1034 858 1075 2.
878 1030 1030 1084 »Quid
1050 1040 1135 1085 est,
1157 1030 1397 1074 «Ordinate

0 1105 6 1132 1
72 1099 118 1142 in
140 1115 209 1142 me
230 1101 483 1145 charitatem
502 1102 550 1144 P»
564 1101 714 1145 Facite
733 1101 912 1160 gradus,
935 1110 978 1145 et
999 1101 1157 1160 cuique
1181 1099 1302 1160 quod
1323 1099 1397 1143 de-

0 1163 7 1202 l
45 1177 162 1224 etur,
189 1171 416 1214 restituite.
452 1170 594 1217 Nolite
617 1171 831 1215 anteriora
856 1171 1166 1230 posterioribus
1189 1169 1390 1214 subdere.

44 1248 165 1283 mate
186 1249 401 1298 parentes,
427 1240 501 1284 sed
523 1241 761 1299 praeponite
783 1243 921 1284 Deum
943 1239 1212 1299 parentlbus.
1239 1243 1394 1283 Atten-

0 1318 13 1343 ἓ·
46 1308 101 1353 'te
118 1319 302 1353 matrem
325 1310 702 1355 Machabaeorum:
723 1329 742 1352 «
768 1310 892 1365 Filii,
917 1310 1086 1369 inquit,
1112 1309 1257 1354 nescio
1275 1325 1388 1369 quo-

67 1380 199 1424 modo
235 1380 489 1438 apparuistis
523 1380 568 1422 in
596 1381 790 1424 ventress.
818 1398 837 1420 η
864 1381 1104 1438 Concipere
1127 1395 1200 1424 vos
1233 1380 1387 1438 potui,

0 1479 1 1483 ,
66 1464 158 1493 rere
180 1466 255 1494 vos
278 1450 402 1509 potui
421 1470 431 1506 3
456 1449 645 1494 formare
668 1465 757 1494 non
778 1450 902 1508 potui
925 1468 933 1494 :
954 1448 1078 1493 illum
1100 1465 1201 1506 ergo
1223 1449 1386 1504 audite,

6 1546 11 1564 a
48 1519 131 1564 lum
171 1521 276 1564 mihi
307 1520 582 1579 praeponite:
608 1519 743 1564 nolite
775 1519 1025 1574 attendere,
1067 1534 1122 1563 ne
1144 1520 1233 1563 sine
1267 1520 1390 1564 vobis

0 1602 2 1625 ὲ
49 1605 267 1634 maneam.
304 1590 513 1649 Praecepit
550 1598 593 1633 et
614 1590 750 1633 secuti
772 1598 887 1633 sunt.
913 1592 1043 1642 Quod
1076 1588 1225 1633 docuit
1252 1599 1390 1633 mater

2 1654 13 1695 b
54 1660 115 1705 ios
130 1695 141 1715 ,
163 1661 247 1705 hoc
270 1659 456 1704 docebat
477 1660 689 1706 Dominus
718 1661 840 1703 Jesus
861 1659 1058 1704 Christus
1078 1659 1210 1703 istum
1228 1659 1298 1703 cui
1317 1658 1386 1703 di-

0 1739 8 1768 )
55 1730 130 1775 bat
151 1750 160 1775 ε
185 1749 205 1772 «
233 1733 421 1789 Sequere
442 1745 525 1773 me.
549 1748 570 1771 »

0 1804 18 1838 [11
63 1803 145 1844 III.
171 1801 280 1854 Quia
299 1815 417 1844 nunc
440 1799 548 1843 alius
577 1798 822 1857 Discipulus
842 1797 959 1843 misit
979 1812 1023 1842 se
1044 1798 1089 1841 in
1117 1797 1286 1854 medio,
1314 1800 1385 1843 cui

2 1865 20 1909 id
60 1885 132 1915 mo
158 1869 325 1930 aliquid
356 1868 495 1914 dixit:
526 1888 546 1911 «
570 1871 811 1928 Prosequar
840 1877 910 1923 te,
947 1868 1156 1923 Domine,
1191 1869 1249 1913 ait
1267 1903 1278 1924 ,
1310 1868 1385 1913 sed

10 1952 21 1993 q
55 1940 162 1987 vado
180 1941 369 2000 primum
386 1940 635 1985 renuntiare
648 1940 715 1984 his
736 1940 810 1999 qui
826 1939 872 1983 in
895 1939 1026 1983 domo
1048 1948 1150 1983 sunt
1163 1940 1224 1983 4.»
1241 1940 1383 1985 Credo

20 2045 25 2049 -
57 2027 72 2056 2
95 2027 242 2057 sensus
265 2020 328 2055 est
350 2030 359 2055 ε
379 2010 588 2056 Nuntiem
609 2009 739 2064 meis,
759 2024 814 2053 ne
835 2008 949 2053 forte
966 2009 1189 2068 quomodo
1206 2010 1296 2053 fieri
1318 2026 1382 2055 so-

73 2117 84 2138 ,
113 2089 313 2142 quaerant
338 2095 421 2124 me.
447 2082 504 2124 Et
526 2079 735 2124 Dominus
760 2098 769 2123 :
799 2097 819 2120 «
842 2081 980 2124 Nemo
1008 2094 1173 2138 ponens
1202 2095 1381 2125 manum

0 2166 28 2198 m.
79 2167 186 2212 uper
207 2160 416 2205 aratrum,
433 2158 476 2193 et
499 2149 731 2208 respiciens
746 2157 877 2202 retro,
903 2157 1027 2207 aptus
1049 2158 1112 2193 est
1133 2164 1266 2208 regno
1287 2165 1380 2194 coe-

0 2219 28 2279 21⁰⁵
73 2236 198 2267 orum
212 2223 244 2265 ⁵.
272 2239 293 2262 »
319 2223 457 2264 Vocat
475 2228 518 2263 te
539 2219 691 2263 Oriens
708 2254 719 2274 ,
744 2227 787 2263 et
806 2227 856 2262 tu
872 2220 1057 2264 attendis
1078 2220 1375 2266 Occidentem.

0 2308 19 2335 ιε
66 2292 150 2337 hoc
170 2291 362 2350 capitulo
390 2291 473 2335 hoc
495 2290 719 2345 discimus,
747 2289 953 2349 quoniam
983 2304 1092 2349 quos
1123 2290 1262 2334 voluit
1289 2294 1377 2336 Do-

9 2361 24 2406 .’
90 2377 161 2416 us,
185 2362 264 2406 hos
284 2360 426 2418 elegit.
452 2359 596 2418 Elegit
612 2368 780 2415 autem,
800 2360 910 2404 sicut
931 2359 1034 2404 dicit
1055 2360 1288 2419 Apostolus
1303 2396 1314 2416 ,
1335 2372 1377 2406 et

2 2450 23 2477 r.
68 2432 237 2476 undum
258 2446 379 2476 suam
403 2430 605 2489 gratiam,
631 2439 674 2474 et
696 2429 935 2474 secundum
958 2429 1131 2474 illorum
1147 2431 1373 2490 justitiam.

0 2515 34 2566 pl?
73 2517 215 2557 Luc.1x‚
233 2516 287 2548 60.
308 2533 349 2538 —
369 2522 380 2538 ²
400 2517 491 2547 Cant.
509 2526 544 2554 ιι,
564 2514 642 2556 4—
661 2513 674 2536 3
693 2522 712 2546 2
731 2514 905 2546 Macchab.
926 2525 983 2551 vn,
1007 2523 1108 2546 22—
1127 2514 1142 2544 4
1158 2517 1234 2547 Luc.
1254 2527 1298 2557 ix,
1316 2517 1371 2548 61.

67 2569 70 2573 ’
93 2571 175 2604 lbid.
200 2573 254 2603 62.
