1898 3178
278 265 417 293 sunno
449 263 632 302 Lxxxm,
667 264 722 290 m:
755 262 899 291 venius
931 262 1094 292 :uA-reru„
1130 263 1256 291 xvm.
1384 250 1468 291 405

89 346 221 392 quam
238 331 508 391 septuaginta
523 337 687 388 septem
707 347 715 373 :
736 328 810 373 sed
833 338 1011 373 centum
1033 328 1198 373 denarii
1216 326 1329 372 forte
1351 327 1469 372 mille

89 418 198 449 asses
220 411 335 447 sunt.
363 402 446 447 Sed
468 400 575 461 quid
599 399 654 444 ad
675 399 824 444 decem
853 400 990 445 millia
1010 400 1304 445 talentorum?

19 471 21 478 ⁴
146 475 220 517 IV.
246 475 308 517 Ac
330 487 407 532 per
422 472 505 515 hoc
528 485 676 516 omnes
699 470 847 530 culpas
864 507 874 526 ,
901 487 999 531 quae
1020 472 1065 515 in
1088 486 1166 515 nos
1183 471 1468 515 committun-

20 534 24 590 ζ
87 553 174 597 tur,
206 542 344 602 parati
366 542 498 586 simus
517 543 760 600 ignoscere,
783 541 816 584 si
830 542 954 585 nobis
977 541 1269 586 desideramus
1288 541 1465 599 ignosci.

22 603 27 673 ⁸*
89 615 132 659 Si
155 615 269 658 enim
293 613 614 659 consideremus
635 621 811 673 peccata
826 622 967 657 nostra
980 648 990 668 ‚
1011 622 1054 657 et
1073 627 1351 657 numeremus
1363 611 1470 673 quid

86 685 225 740 facto,
250 684 358 745 quid
378 684 527 741 oculo,
553 683 660 744 quid
675 699 778 728 aure
792 719 802 738 ,
828 683 936 743 quid
957 683 1217 741 cogitatione
1234 718 1244 738 ,
1271 682 1378 744 quid
1399 684 1469 727 in-

85 755 428 799 numerabilibus
446 754 659 807 motibus;
683 754 828 799 nescio
848 763 996 798 utrum
1012 754 1277 799 dormiamus
1296 755 1386 799 sine
1403 763 1470 798 ta-

84 825 218 871 lento.
233 829 348 885 Ergo
361 826 554 886 quotidie
564 826 766 885 petimus,
781 825 979 886 quotidie
992 824 1160 869 divinas
1174 841 1296 869 aures
1305 826 1471 870 orando

27 924 29 935 2
83 897 330 957 pulsamus,
357 898 552 958 quotidie
574 913 652 942 nos
674 897 987 957 prosternimus
1020 906 1063 940 et
1098 897 1280 941 dicimus
1305 913 1315 940 .·
1351 916 1369 938 «
1392 897 1468 940 Di—

34 996 35 999 =
89 987 110 1010 »
144 970 267 1013 mitte
291 969 416 1013 nobis
437 969 585 1013 debita
609 978 781 1024 nostra,
813 970 923 1013 sicut
947 977 989 1012 et
1010 984 1087 1014 nos
1109 968 1366 1012 dimittimus
1389 967 1469 1012 de-

84 1057 106 1081 »
142 1039 359 1084 bitoribus
384 1040 539 1083 nostris
559 1041 589 1083 ¹.
606 1058 625 1080 »
651 1044 756 1093 Quae
787 1039 934 1083 debita
961 1040 1062 1083 tua?
1086 1039 1264 1091 Omnia,
1299 1054 1354 1082 an
1388 1036 1467 1082 ali-2

34 1131 38 1149 a
82 1125 215 1170 quam
237 1112 431 1169 partem?
453 1109 752 1169 Respondebis
775 1129 783 1153 :
806 1110 977 1153 Omnia.
1006 1109 1073 1154 Sic
1090 1124 1193 1167 ergo
1211 1117 1253 1152 et
1274 1118 1323 1152 tu
1346 1108 1472 1152 debi-

35 1203 37 1218 1
81 1180 164 1223 tori
187 1189 282 1223 tuo.
323 1183 445 1224 Hanc
481 1196 584 1239 ergo
617 1180 812 1239 regulam
841 1178 992 1238 ponis,
1026 1179 1140 1223 hanc
1173 1177 1468 1223 conditionem

35 1255 40 1304 ξ
80 1249 274 1309 loqueris
302 1270 309 1292 :
338 1251 420 1294 hoc
440 1259 568 1308 pacto
597 1259 640 1292 et
674 1249 835 1308 placito
858 1247 1037 1308 quando
1059 1264 1175 1302 oras⁷
1199 1264 1469 1294 commemo-

1 1315 42 1376 (μ,
81 1334 169 1375 ras,
205 1329 255 1363 ut
286 1319 402 1362 dicas
440 1338 447 1362 ;
483 1319 700 1362 «Dimitte
722 1318 870 1366 nobis.
905 1319 1016 1362 sicut
1038 1328 1080 1363 et
1108 1334 1187 1363 nos
1210 1319 1468 1364 dimittimus

0 1396 2 1409 ’
36 1389 44 1442 ,ἶ
84 1408 105 1432 »
141 1389 414 1434 debitoribus
435 1389 606 1433 nostris.
629 1407 650 1430 »

140 1463 193 1505 V.
215 1460 332 1514 Quid
350 1461 428 1504 sibi
455 1475 556 1519 ergo
576 1460 673 1505 vult
694 1460 938 1520 septuagies
968 1460 1148 1519 septies?
1170 1460 1353 1515 Audite,
1377 1461 1466 1507 fra-

41 1554 47 1601 3
81 1542 166 1576 tres
186 1567 197 1586 ‚
246 1547 455 1590 magnum
497 1532 752 1589 mysterium
771 1566 781 1585 ‚
827 1530 1081 1575 admirabile
1126 1543 1460 1577 sacramentum.

11 1591 45 1627 Εἰ
80 1602 267 1655 Quando
289 1602 499 1645 Dominus
522 1601 764 1660 baptizatus
786 1611 849 1644 est
864 1636 874 1655 ‚
902 1605 1040 1645 Lucas
1063 1602 1322 1660 evangelista
1346 1620 1467 1648 sanc-

2 1657 49 1697 [ω
80 1682 148 1717 tus
171 1672 233 1715 ibi
255 1672 608 1716 commemoravit
623 1671 918 1729 generationes
936 1672 1049 1730 ejus,
1068 1687 1156 1731 quo
1176 1672 1328 1716 ordine
1342 1708 1353 1727 ‚
1378 1690 1465 1735 qua

47 1786 51 1791 ,
79 1743 187 1787 serie
204 1777 214 1797 ‚
239 1758 328 1801 quo
350 1750 576 1785 stemmate
599 1741 653 1785 ad
679 1740 797 1785 illam
822 1742 1143 1800 generationem
1167 1753 1347 1787 ventum
1368 1743 1465 1788 fue-

80 1814 136 1858 rit
151 1849 162 1869 ,
187 1830 274 1874 qua
296 1822 423 1857 natus
445 1821 507 1856 est
529 1813 739 1857 Christus.
759 1813 992 1856 Matthaeus
1008 1815 1141 1872 coepit
1155 1815 1209 1858 ab
1224 1816 1441 1860 Abraham
1446 1853 1461 1873 ,

81 1894 123 1929 et
144 1885 262 1928 venit
278 1899 416 1944 usque
439 1883 493 1928 ad
510 1883 671 1943 Joseph
690 1882 1015 1928 descendend0²
1041 1904 1050 1928 :
1077 1887 1214 1929 Lucas
1232 1896 1375 1930 autem
1399 1904 1465 1932 as-

80 1954 308 1998 cendendo
329 1954 465 2013 coepit
483 1954 753 1997 numerare3.
782 1954 925 2006 Quare
950 1952 1024 1996 ille
1041 1953 1368 2011 descendendo,
1391 1957 1464 2002 ille

81 2024 388 2069 ascendendo?
417 2025 528 2077 Quia
547 2025 781 2069 Matthaeus
815 2024 1136 2083 generationem
1164 2026 1324 2070 Christi
1345 2043 1465 2072 com-

46 2124 47 2127 =
81 2095 337 2149 mendabat‚
371 2110 457 2154 qua
487 2094 709 2139 descendit
731 2094 786 2139 ad
807 2110 910 2152 nos3
934 2093 1033 2138 ideo
1054 2094 1232 2155 quando
1255 2106 1381 2142 natus
1401 2109 1464 2144 est

80 2166 275 2211 Christus
291 2200 302 2220 ‚
341 2165 478 2224 coepit
513 2179 741 2209 numerare
783 2164 1106 2210 descendendo.
1144 2169 1281 2212 Lucas
1316 2178 1462 2214 autem

49 2275 51 2278 .
81 2237 183 2297 quia
204 2245 310 2281 tunc
328 2236 462 2295 coepit
485 2251 736 2292 numerare,
763 2238 941 2297 quando
965 2238 1206 2297 baptizatus
1229 2249 1292 2284 est
1313 2241 1462 2285 Chris-

31 2326 37 2333 *
82 2317 172 2365 tus3
207 2308 269 2352 ibi
300 2316 363 2352 est
391 2308 564 2351 initium
595 2309 851 2353 ascensionis
893 2328 902 2353 :
950 2309 1030 2353 iste
1073 2310 1348 2356 ascendendo
1379 2329 1466 2357 nu-

54 2395 56 2397 ·
83 2393 248 2422 merare
266 2378 421 2437 coepit,
449 2379 721 2423 numerando
744 2389 888 2424 autem
915 2379 1149 2439 complevit
1168 2383 1466 2440 generationes

31 2472 35 2476 -
83 2448 354 2507 septuaginta
376 2457 558 2507 septem.
584 2451 621 2492 A
640 2464 729 2508 quo
752 2450 1036 2494 uumerabat?
1070 2451 1289 2496 Intendite
1311 2469 1333 2496 a
1356 2469 1459 2513 quo.
