1898 3178
376 171 460 213 154
816 183 851 212 s.
886 179 1120 210 AUGUS'rlm
1151 180 1334 210 museum

374 264 464 294 non
485 248 584 294 dico
597 283 608 305 ,
629 247 851 309 quomodo
868 245 979 291 libet
998 245 1290 306 intelligatur,
1314 261 1404 292 non
1425 246 1581 296 audeo.
1609 249 1762 294 Serve-

374 335 472 365 mus
489 320 652 379 majora
669 317 937 378 capientibus
948 352 960 373 ,
981 317 1181 362 infirmis1
1198 317 1360 362 infirmi
1376 316 1499 378 quod
1510 333 1758 377 possumus.

374 393 473 437 Non
503 389 601 435 dico
622 390 702 434 ista
725 387 788 432 illi
813 387 1011 432 Trinitati
1035 387 1157 433 velut
1175 388 1414 449 aequanda,
1437 387 1561 448 quasi
1583 388 1639 433 ad
1660 403 1765 433 ana-

373 461 561 521 logiam3
586 459 632 505 id
653 468 737 515 est,
763 459 820 505 ad
839 460 1052 505 rationem
1073 461 1310 520 quamdam
1332 459 1672 519 comparationis
1693 459 1764 504 di-

373 531 554 592 rigenda
579 551 588 577 z
611 547 703 576 non
724 531 809 576 hoc
829 530 944 576 dico.
973 530 1058 576 Sed
1078 531 1186 592 quid
1208 530 1333 575 dico?
1350 532 1465 575 Ecce
1485 530 1533 574 in
1553 539 1597 574 te
1617 531 1765 576 inveni

374 604 455 647 tria
477 602 773 662 separabiliter
791 602 1109 658 demonstrata,
1134 600 1479 661 inseparabiliter
1495 609 1673 660 operata
1691 619 1703 646 ε
1721 610 1765 646 et

375 688 526 718 eorum
541 674 673 718 trium
686 672 1037 734 unumquodque
1050 688 1213 721 nomen
1229 687 1254 716 a
1271 672 1412 717 tribus
1429 670 1598 717 factum
1609 706 1625 727 ‚
1645 670 1767 732 quod

373 753 523 788 tamen
539 759 630 789 non
646 744 702 790 ad
723 743 804 788 tria
817 779 829 799 ,
846 744 922 789 secl
939 742 994 788 ad
1009 743 1141 788 trium
1158 743 1317 786 horum
1330 757 1472 787 unum
1489 740 1655 802 aliquid
1667 757 1766 801 per-

375 816 548 860 tineret.
574 814 715 861 Crede
731 816 822 876 jam
841 814 905 863 ibi
927 815 1048 875 quod
1070 829 1160 862 non
1181 822 1305 873 potes
1334 812 1504 868 videre,
1529 813 1564 858 si
1586 813 1658 857 hic
1685 828 1766 856 au—

375 887 475 932 disti
503 896 548 930 et
580 885 726 934 vidisti
748 895 793 931 et
813 887 1008 933 tenuisti.
1050 888 1104 929 In
1130 894 1175 929 te
1200 884 1319 929 enim
1351 883 1472 944 quod
1505 892 1603 938 est,
1643 892 1768 942 potes

374 972 500 1003 nosse
521 958 568 1001 in
591 972 643 1002 eo
663 958 803 1018 quite
824 956 930 1001 fecit
961 955 1082 1017 quod
1109 964 1200 1011 est,
1239 953 1458 1015 quidquid
1479 962 1564 1009 est,
1589 952 1769 1013 quando

375 1038 499 1088 potes
521 1030 672 1073 nosse?
694 1030 751 1072 Et
773 1027 807 1072 si
828 1027 1012 1087 poteris,
1037 1025 1236 1070 nondum
1257 1034 1395 1085 potes.
1420 1027 1478 1068 Et
1500 1033 1647 1068 tamen
1667 1038 1769 1068 cum

379 1099 540 1159 poteris
555 1134 567 1153 ,
592 1099 809 1158 numquid
826 1098 885 1142 sic
907 1097 1067 1157 poteris
1085 1111 1209 1141 nosse
1226 1099 1367 1141 Deum
1386 1104 1433 1140 tu
1448 1130 1460 1150 ,
1481 1093 1705 1155 quomodo
1725 1109 1770 1138 se

374 1169 497 1214 novit
517 1170 664 1213 Deus?
683 1168 878 1213 Sufficiat
898 1183 1001 1227 ergo
1023 1167 1235 1213 Charitati
1257 1168 1422 1211 Vestrae
1447 1184 1457 1209 :
1482 1164 1606 1226 quod
1620 1165 1769 1224 potui·

375 1255 494 1296 mus,
517 1239 705 1284 diximus
729 1258 738 1283 z
763 1237 1036 1297 exigentibus
1058 1236 1267 1296 promissa
1285 1235 1557 1280 reddidimus
1578 1254 1588 1281 ε
1614 1243 1769 1279 caetera

375 1324 477 1369 quae
498 1308 700 1354 addenda
719 1317 842 1364 sunt,
867 1316 916 1352 ut
935 1306 1166 1367 proficiant
1187 1320 1336 1349 sensus
1358 1305 1509 1360 vestri,
1535 1320 1560 1348 a
1581 1303 1769 1349 Domino

376 1390 574 1439 quaerlte.

377 1554 1725 1576 WQQWWWWWWWWWWWMWWWMWWWWWWMMM
1729 1555 1766 1572 M

854 1695 1087 1743 SERMO
1124 1696 1271 1742 L1112.

379 1856 442 1897 De
469 1852 610 1897 verbis
631 1849 858 1910 Evangelii
889 1849 1047 1894 Matth.
1079 1863 1120 1893 v.
1152 1846 1305 1892 Beati
1331 1858 1573 1905 pauperes
1600 1844 1770 1902 spiritu.

439 1932 526 1966 etc.
555 1921 640 1966 Sed
660 1921 714 1964 de
731 1922 816 1964 hoc
833 1920 1019 1964 maxime
1033 1917 1154 1978 quod
1170 1917 1340 1961 dictum
1361 1923 1425 1960 est
1446 1934 1455 1960 :
1475 1913 1773 1960 Beatimun«

439 1988 660 2035 dicordes
675 2025 686 2046 ,
711 1990 941 2048 quoniam
963 1987 1057 2048 ipsi
1069 1987 1230 2033 Deum
1253 1983 1496 2030 videbant.

439 2154 474 2195 I.
489 2153 795 2197 Son-:inmune
803 2156 963 2194 sanctae
971 2147 1176 2207 Virginis,
1188 2162 1287 2207 quae
1296 2145 1592 2191 testimonium
1601 2142 1708 2187 dixit
1716 2140 1772 2186 de

381 2223 576 2277 Christo,
601 2231 645 2266 et
664 2221 962 2270 testimonium
985 2219 1144 2264 meruit
1161 2235 1184 2263 a
1204 2218 1377 2263 Christo
1392 2248 1403 2269 ,
1427 2213 1574 2272 palam
1594 2212 1768 2267 occisae,

382 2293 551 2338 occulte
566 2301 806 2347 coronatae,
823 2290 1109 2335 admonemur
1121 2284 1332 2331 Charitati
1350 2286 1514 2328 Vestrae
1533 2281 1588 2326 de
1598 2282 1674 2337 illa
1695 2297 1774 2326 ex-

382 2363 628 2406 hortatione
660 2361 804 2421 loqui,
844 2372 977 2419 quam
1013 2355 1146 2401 modo
1185 2355 1397 2400 Dominus
1437 2369 1490 2398 ex
1531 2352 1771 2412 Evangelio

382 2430 632 2492 proferebat
644 2466 656 2487 ,
672 2431 821 2475 dicens
839 2427 1001 2474 multas
1016 2441 1166 2471 causas
1187 2425 1328 2470 beatae
1345 2425 1468 2479 vitae,
1488 2438 1622 2484 quam
1641 2437 1771 2472 nemo

433 2533 442 2550 ¹
462 2528 586 2572 Supple
604 2527 806 2560 insinuamus.
829 2544 870 2551 .-
889 2533 901 2550 ²
921 2525 1005 2559 Alias
1026 2524 1064 2567 14
1082 2525 1165 2556 inter
1189 2523 1294 2556 addita
1316 2532 1333 2555 a
1352 2519 1591 2554 parisiensibus.
