1898 3178
407 182 493 224 474
843 193 876 221 s.
913 193 1143 223 Aueusnm
1174 195 1356 223 Emscom

404 370 864 389 mmmmmkmwwm
869 370 1072 387 mmmm
1080 370 1712 388 mmmmm=mm=m=xmm¹tum
1716 375 1774 397 ὶννζ

888 496 1118 543 SERMO
1166 497 1249 544 XC
1266 502 1294 541 ¹.

403 666 479 712 De
495 666 653 713 verbis
673 666 937 729 Evangelii
955 667 1136 712 Affattlz.
1168 684 1279 722 xxn,
1303 664 1387 710 abi
1405 664 1464 710 de
1495 668 1673 727 rmptz'is
1685 666 1789 729 filii

552 738 716 800 Regis.
745 737 929 783 Contra
949 736 1264 792 Donastz'tas,
1294 735 1355 780 de
1376 734 1634 782 charitate.

460 901 496 943 I.
522 900 710 944 Nums
726 898 806 942 filii
827 899 938 958 regis
964 899 1144 958 ejusque
1165 897 1416 943 convivium
1452 905 1616 941 norunt
1636 911 1786 942 omnes

401 967 570 1024 fideles,
588 977 630 1012 et
644 978 874 1028 apparatus
891 983 1052 1012 mensae
1072 968 1308 1012 Dominicae
1328 968 1525 1012 omnium
1547 975 1610 1011 est
1625 967 1786 1012 volun-

401 1040 479 1083 tati
494 1040 754 1099 propositus.
769 1043 954 1084 Interest
970 1048 1115 1083 autem
1128 1040 1350 1099 quomodo
1368 1039 1465 1099 quis
1478 1039 1670 1095 accedat,
1685 1053 1786 1083 cum

401 1108 605 1153 accedere
633 1125 723 1154 non
758 1119 944 1154 vetatur.
981 1110 1214 1169 Scripturae
1244 1110 1407 1170 quippe
1446 1118 1605 1154 sanctae
1627 1108 1787 1153 docent

401 1195 478 1225 nos
500 1181 727 1225 Dominica
749 1179 838 1225 duo
858 1196 947 1225 esse
968 1181 1165 1225 convivia
1183 1202 1194 1238 3
1217 1197 1354 1225 unum
1373 1196 1460 1241 quo
1482 1180 1665 1226 veniunt
1680 1180 1786 1224 boni

401 1259 444 1294 et
464 1250 582 1306 mali,
600 1250 784 1295 alterum
807 1267 896 1311 quo
918 1266 1006 1295 non
1025 1251 1238 1295 accedunt
1260 1249 1376 1295 mali.
1403 1253 1518 1309 Ergo
1538 1250 1787 1296 convivium

400 1321 596 1376 Domini,
622 1322 740 1366 unde
767 1321 900 1366 modo
925 1337 1025 1365 cum
1055 1322 1341 1379 Evangelium
1370 1321 1588 1379 legeretur
1620 1320 1788 1365 audivi·
1818 1326 1823 1327 ⁷

400 1405 523 1445 mus,
557 1391 689 1434 habet
723 1392 875 1451 utique
897 1392 1036 1435 bonos
1060 1400 1103 1434 et
1135 1389 1285 1434 malos.
1313 1391 1473 1433 Omnes
1510 1390 1588 1448 qui
1622 1390 1676 1433 ab
1703 1391 1788 1434 hoc

401 1459 601 1504 convivio
644 1469 982 1516 excusaverunt,
1022 1459 1123 1503 mali
1157 1469 1258 1503 sunt
1283 1478 1292 1504 :
1319 1459 1395 1503 sed
1426 1474 1517 1503 non
1539 1473 1688 1504 omnes
1711 1460 1787 1520 qui

401 1530 695 1586 intraverunt,
730 1531 835 1575 boni
862 1540 977 1574 sunt.
1014 1530 1226 1590 Alloquor
1256 1545 1359 1589 ergo
1387 1545 1489 1585 VOS,
1519 1530 1594 1589 qui
1626 1530 1672 1573 in
1704 1531 1789 1575 hoc

402 1600 601 1644 convivio
633 1600 738 1644 boni
775 1599 1071 1655 discumbitis,
1107 1600 1376 1660 quicumque
1413 1599 1633 1644 attenditis
1667 1601 1789 1660 quod

401 1670 567 1714 dictum
590 1679 655 1714 est
676 1689 684 1714 :
720 1689 739 1712 «
765 1672 849 1723 Qui
882 1669 1120 1715 manducat
1143 1680 1187 1715 et
1208 1670 1318 1714 bibit
1350 1669 1553 1728 indigne,
1574 1669 1789 1730 judicium

403 1759 424 1782 »
459 1740 541 1784 sibi
562 1739 800 1785 manducat
821 1749 864 1785 et
886 1740 1000 1785 bibit
1014 1744 1045 1784 ².
1070 1759 1090 1782 »
1115 1742 1275 1785 Omnes
1298 1740 1373 1800 qui
1393 1740 1499 1784 tales
1521 1741 1619 1784 estis
1637 1775 1648 1795 ,
1675 1739 1786 1785 allo-

400 1826 512 1871 quor
539 1827 636 1867 vos,
669 1820 718 1855 ut
753 1810 856 1856 foris
887 1827 977 1856 non
1006 1812 1208 1872 quaeratis
1246 1811 1412 1864 bonos,
1445 1810 1563 1853 intus
1594 1810 1786 1855 toleretis

400 1882 551 1926 malos.

461 1955 518 1995 II.
538 1953 636 1997 Non
657 1951 813 1996 dubito
835 1950 985 1995 audire
1008 1949 1121 1995 velle
1142 1950 1407 1995 Charitatem
1429 1951 1627 1994 Vestram
1646 1985 1657 2005 ,
1687 1951 1786 2011 qui-

401 2036 502 2065 nam
520 2022 588 2066 isti
605 2030 728 2076 sunt,
748 2021 802 2065 de
826 2020 987 2081 quibus
1009 2019 1236 2079 alloquens
1255 2019 1486 2079 disputavi,
1507 2029 1557 2064 ut
1574 2018 1676 2066 foris
1693 2036 1783 2065 non

400 2100 598 2152 quaerant
622 2092 760 2136 bonos
777 2126 786 2146 ,
804 2092 922 2135 intus
944 2090 1130 2135 tolerent
1146 2089 1295 2134 malos.
1321 2091 1364 2135 Si
1379 2106 1527 2135 omnes
1559 2090 1662 2134 mali
1683 2100 1784 2136 sunt

400 2163 517 2207 intus
536 2198 546 2218 ,
571 2178 680 2222 quos
716 2177 812 2205 sum
847 2161 1094 2206 allocutus?
1118 2161 1161 2206 Si
1184 2169 1330 2205 autem
1363 2177 1512 2207 omnes
1544 2163 1649 2206 boni
1681 2171 1783 2206 sunt

401 2233 538 2287 intus,
578 2248 688 2292 quos
726 2232 876 2276 monui
898 2241 948 2276 ut
977 2231 1163 2276 tolerent
1186 2231 1353 2276 malos?
1376 2233 1498 2286 Prius
1529 2248 1632 2291 ergo
1654 2231 1782 2293 adju-

401 2312 529 2347 vante
551 2303 758 2358 Domino,
785 2302 839 2346 de
861 2304 941 2347 hac
958 2303 1196 2362 quaestione
1217 2312 1268 2347 ut
1288 2318 1536 2362 possumus,
1562 2318 1776 2348 exeamus.

400 2374 569 2417 Bonum
593 2374 625 2417 si
662 2371 852 2432 perfecte
883 2372 1139 2432 liquidoque
1168 2372 1408 2432 perpendas
1429 2408 1439 2428 ,
1475 2388 1604 2417 nemo
1637 2374 1778 2418 bonus

465 2474 472 2489 ¹
495 2467 576 2499 Alias
612 2468 649 2510 14
668 2479 707 2500 ex
731 2469 824 2501 editis
838 2479 855 2500 a
886 2469 1060 2501 Sirmondo·
1084 2485 1122 2492 ·-
1142 2468 1274 2501 Habitus
1291 2469 1481 2511 Carthagine
1501 2469 1531 2501 in
1563 2469 1719 2502 Restituta
1741 2486 1779 2493 ·-

404 2527 418 2543 ²
442 2532 453 2553 1
473 2524 545 2554 Cor.
568 2533 624 2564 xn,
643 2531 696 2564 29.

1873 2388 1898 2419 l‘U]
