1898 3178
288 254 438 285 >sumito
471 253 642 290 vam,
678 254 731 280 DE
764 252 910 282 vaunis
941 252 1105 282 MATTH.
1141 256 1202 281 Χῖε
1358 243 1440 281 275

69 434 773 452 MMWWMMNWMUWWWWWWMW

983 436 1406 454 mmmm
1411 437 1446 453 M

510 575 742 622 SERMO
778 576 1014 623 LXV1111.

69 761 179 804 Item
191 758 246 803 de
260 758 399 804 verbis
414 758 636 817 Evangelii
649 758 807 803 Matth.
824 776 892 804 xr:
910 759 1152 820 Confiteor
1163 757 1262 814 tibi,
1277 759 1447 815 Pater,

405 828 614 875 Domine
634 828 747 875 coelc'
760 838 807 874 et
827 838 984 887 terrae,
1008 839 1097 876 etc.

124 1017 161 1059 Ι.
201 1016 453 1059 Aumvnvms
474 1014 638 1058 Filium
660 1015 737 1059 Dei
760 1013 977 1059 dicentem
1007 1033 1017 1059 ε
1047 1014 1304 1060 «Confiteor
1335 1013 1446 1068 tibi,

0 1107 4 1134 ;
67 1100 88 1124 υ
124 1086 265 1139 Pater,
291 1084 474 1128 Domine
491 1083 592 1128 coeli
624 1093 667 1128 et
692 1092 834 1128 terrae.
867 1102 887 1126 »
913 1084 1031 1137 Quid
1051 1084 1090 1128 ei
1108 1084 1373 1128 confitetur?
1397 1084 1449 1126 In

63 1168 153 1212 quo
169 1168 272 1198 eum
288 1153 465 1198 laudat?
503 1154 647 1208 «Quia
681 1153 976 1205 abscondisti,
1005 1154 1171 1211 inquit,
1198 1154 1291 1196 haec
1324 1167 1347 1196 a
1381 1167 1450 1196 sa-

66 1240 87 1264 »
105 1222 325 1281 pientibus
347 1230 390 1264 et
410 1223 716 1279 prudentibus,
741 1229 784 1264 et
801 1220 998 1264 revelasti
1017 1236 1064 1264 ea
1076 1221 1308 1280 parvulis².
1326 1240 1345 1263 »
1363 1221 1450 1275 Qui

1 1316 11 1344 ς
60 1302 164 1341 sunt
186 1291 400 1351 sapientes
414 1301 456 1336 et
468 1290 736 1350 prudentes?
758 1291 843 1344 Qui
866 1291 1066 1350 parvuli?
1089 1296 1193 1345 Quae
1214 1291 1286 1336 ille
1305 1291 1452 1337 occul-

0 1387 13 1414 ι.
63 1362 171 1407 tavit
186 1361 455 1421 sapientibus
468 1370 511 1404 et
527 1359 816 1420 prudentibus
829 1395 840 1415 ‚
865 1369 909 1404 et
923 1361 1129 1406 revelavit
1143 1362 1360 1421 parvulis?
1375 1365 1452 1407 Sa-

0 1457 16 1486 2.
62 1433 229 1492 pientes
251 1440 295 1476 et
315 1431 553 1491 prudentes
574 1429 670 1476 illos
687 1430 901 1489 significat
915 1465 926 1486 ,
950 1429 1004 1474 de
1025 1431 1186 1491 quibus
1203 1431 1364 1476 Paulus
1380 1431 1450 1476 di-

0 1521 18 1557 ρι
63 1504 123 1549 cit
147 1522 156 1548 :
181 1522 202 1545 α
220 1502 304 1547 Ubi
322 1503 522 1562 sapiens?
544 1501 622 1546 ubi
639 1500 810 1546 scriba?
830 1501 907 1545 ubi
929 1501 1195 1562 conquisitor
1216 1503 1345 1563 hujus
1367 1519 1450 1548 sae—

65 1591 87 1617 »
102 1573 371 1619 cuIiPNonne
384 1572 562 1616 stultam
579 1571 804 1617 fecitDeus
816 1572 1069 1632 sapientiam
1083 1573 1214 1633 hujus
1226 1574 1444 1618 mundi³?»

0 1671 8 1699 ἃ
59 1644 205 1692 Etiam
223 1659 342 1688 nunc
362 1643 507 1687 adhuc
527 1641 706 1686 fortasse
727 1642 900 1700 quaeris,
917 1643 994 1701 qui
1010 1651 1113 1687 sunt
1124 1643 1209 1687 isti.
1237 1647 1367 1688 Forte
1383 1643 1448 1689 illi

0 1739 24 1771 ῃ,
63 1723 189 1764 sunt,
214 1714 290 1772 qui
310 1712 501 1755 multum
529 1711 592 1755 de*
615 1714 707 1755 Deo
741 1711 1037 1770 disputantes,
1070 1712 1179 1755 falsa
1201 1713 1406 1763 dixerunt
1431 1734 1442 1761 ς

60 1783 201 1834 inflati
218 1782 426 1828 doctrinis
439 1781 541 1835 suis,
556 1784 697 1825 Deum
714 1780 907 1825 invenire
927 1789 970 1824 et
986 1795 1245 1839 cognoscere
1268 1783 1446 1828 minime

63 1843 324 1914 potuerunt,
349 1861 393 1897 et
425 1867 505 1912 pro
532 1855 644 1907 Deo,
676 1851 798 1910 cujus
830 1859 894 1895 est
921 1851 1446 1911 incomprehensibilisin-

61 1923 326 1983 visibilisque
362 1917 625 1977 substantia,
675 1929 941 1980 putaverunt
980 1924 1120 1965 Deum
1154 1937 1243 1966 esse
1277 1927 1442 1982 aerem,

63 1995 296 2049 aetherem,
340 1996 481 2038 Deum
511 2007 600 2037 esse
632 1991 766 2036 solem
784 2026 795 2047 ‚
830 1994 969 2036 Deum
1009 2007 1098 2036 esse
1133 1992 1299 2053 aliquid
1325 1996 1448 2055 quod

62 2064 304 2121 sublimiter
325 2063 541 2106 eminetin
550 2070 760 2106 creatura.
779 2062 1066 2106 Attendeutes
1088 2062 1206 2106 enim
1227 2066 1446 2124 magnitu-

65 2134 187 2193 dines
211 2143 255 2178 et
276 2130 624 2194 pulchritudines
657 2140 702 2177 et
727 2131 1005 2178 fortitudines
1036 2141 1328 2179 creaturarum
1345 2171 1356 2191 ‚
1381 2137 1444 2182 ibi

62 2213 365 2265 femanserunt
375 2239 386 2258 ,
411 2205 662 2249 Creatorem
680 2217 770 2247 non
784 2202 1061 2247 invenerunt.

60 2310 82 2335 ’.ζ-
124 2279 183 2321 ΙΙ.
220 2274 374 2333 Arguit
395 2272 492 2317 illos
505 2272 615 2316 liber
637 2272 865 2332 Sapientiae
889 2273 967 2316 ubi
988 2273 1147 2317 dicitur
1183 2294 1191 2319 :
1233 2276 1444 2322 «sienim

66 2362 92 2402 ,ῃ
126 2354 300 2390 tantum
322 2340 751 2405 potuerunkvalere‚
782 2351 834 2387 ut
864 2352 1038 2402 possent
1060 2344 1271 2390 aestimare
1311 2363 1448 2392 saecu-

71 2433 93 2469 »
125 2415 234 2471 lum,
245 2411 468 2475 quomodo
476 2413 566 2473 ejus
575 2412 809 2460 Dominum
825 2428 915 2458 non
931 2412 1098 2459 facilius
1115 2414 1375 2463 invenerunt
1386 2421 1446 2463 42²»

132 2527 142 2546 ¹
171 2521 256 2555 Alias
274 2521 315 2555 de
332 2519 475 2555 Diversis
491 2528 546 2553 αι.
570 2535 612 2543 -
630 2525 643 2542 ²
662 2519 782 2553 Matth.
802 2530 846 2562 xi,
872 2520 926 2554 25.
945 2536 987 2545 --
1007 2519 1020 2544 3
1042 2531 1055 2553 1
1075 2523 1148 2555 Cor.
1165 2532 1189 2563 ι,
1207 2531 1261 2556 20.
1280 2540 1322 2549 --
1338 2523 1355 2556 4
1370 2528 1447 2570 Sap.

70 2583 137 2619 xm,
150 2587 185 2620 9.
205 2581 211 2583 ’

1226 2633 1289 2672 18.
