1898 3178
377 219 459 260 248
802 229 835 258 S.
873 229 1102 258 Auousrmr
1134 231 1316 259 Emscm’t

371 300 436 343 hit
454 334 466 354 ,
500 300 531 342 si
557 307 713 358 potest.
742 296 856 350 Quid
879 296 977 340 tulit
998 307 1151 356 potens
1173 299 1367 342 nocens?
1389 294 1507 352 Quid
1545 312 1752 356 magnum

375 368 506 413 tulit?
526 369 654 422 Quod
677 367 763 421 sur,
779 367 900 426 quod
921 366 1146 425 effractor,
1171 377 1221 412 ut
1241 367 1431 412 multum
1448 368 1619 422 saeviat,
1639 365 1761 427 quod

371 439 498 484 latro.
522 440 564 483 Si
591 448 633 482 et
655 438 711 482 ad
738 438 878 496 ipsum
896 453 1052 497 corpus
1081 438 1369 483 occidendum
1393 439 1628 498 permissus
1660 438 1760 482 suem

372 511 448 564 rit,
469 509 576 569 quid
588 507 710 554 ‚tollit
725 509 805 552 nisi
823 508 944 569 quod
959 509 1101 553 latro?
1124 509 1361 563 Honoravi,
1384 525 1485 553 eum
1504 509 1608 564 dixi,
1626 509 1756 553 latro.

372 583 480 624 Nam
517 578 847 639 qualiscumque
868 579 1001 635 latro,
1035 581 1167 624 homo
1190 589 1266 623 est.
1295 579 1425 632 Quod
1446 579 1580 623 febris
1600 614 1612 633 ,
1643 577 1763 639 quod

370 651 585 709 scorpius,
610 650 732 710 quod
753 649 917 709 fungus
939 650 1093 694 malus.
1122 654 1208 694 Ista
1240 659 1331 694 tota
1358 651 1553 709 potentia
1581 650 1764 695 saevien-

372 721 478 764 tium
501 729 587 775 est,
608 719 750 765 facere
771 719 893 780 quod
913 719 1089 779 fungus.
1118 719 1386 765 Manducant
1422 720 1621 765 homines
1655 719 1761 765 fun-

372 807 474 850 gum
491 791 673 847 malum,
690 801 733 836 et
749 792 1011 837 moriuntur.
1038 795 1152 837 Ecce
1167 792 1213 835 in
1229 807 1315 852 qua
1338 791 1573 852 fragilitate
1595 801 1660 837 est
1677 791 1762 836 vita

368 864 560 906 humana
586 882 594 907 :
622 877 755 922 quam
776 863 1042 922 quandoque
1064 861 1293 907 relicturus
1314 877 1373 918 es,
1393 861 1483 907 noli
1503 877 1582 923 pro
1604 861 1678 906 illa
1702 862 1761 907 sic

370 948 582 991 pugnare,
602 942 653 977 ut
674 942 723 976 tu
746 932 1020 993 relinquaris.

428 1004 549 1046 XVI.
579 1003 678 1047 Vita
700 1011 845 1047 nostra
868 1002 1066 1047 Christus
1088 1011 1151 1046 est
1175 1022 1184 1047 z
1206 1003 1429 1047 Christum
1446 1002 1638 1048 attende.
1666 1004 1760 1047 Pati

371 1073 490 1117 venit
505 1108 516 1127 ,
537 1074 614 1117 sed
628 1082 672 1118 et
688 1073 918 1132 glorificari
946 1093 954 1117 ε
989 1074 1232 1128 contemni,
1271 1075 1346 1117 sed
1385 1075 1516 1118 etiam
1552 1074 1730 1118 exaltari
1752 1094 1761 1119 ;

373 1145 507 1200 mori,
548 1143 623 1188 sed
655 1146 785 1189 etiam
820 1160 1058 1204 resurgere.
1096 1146 1216 1204 Opus
1247 1155 1288 1189 te
1325 1155 1455 1190 terret
1473 1181 1484 1200 ,
1519 1145 1764 1190 mercedem

370 1215 483 1257 vide.
510 1217 653 1267 Quare
677 1215 740 1260 vis
759 1215 986 1274 pervenire
1004 1213 1217 1259 delicatus
1239 1214 1295 1259 ad
1314 1231 1408 1259 eam
1434 1231 1541 1270 rem,
1563 1214 1619 1261 ad
1633 1230 1766 1275 quam

376 1300 460 1328 uon
491 1285 689 1345 perducit
717 1287 797 1330 nisi
827 1286 979 1330 labor?
1012 1286 1096 1330 Sed
1117 1287 1242 1329 times
1264 1302 1318 1329 ne
1349 1286 1504 1345 perdas
1537 1296 1763 1344 argentum

377 1366 518 1410 tuum,
545 1357 647 1416 quia
672 1357 726 1400 ad
750 1367 976 1414 argentum
1000 1365 1127 1400 tuum
1145 1372 1245 1400 eum
1265 1372 1421 1415 magno
1440 1356 1590 1401 labore
1610 1371 1766 1416 perve-

374 1426 489 1469 nisti.
514 1427 557 1470 Si
580 1426 634 1470 ad
659 1436 885 1484 argentum
906 1427 1028 1486 quod
1050 1425 1316 1486 quandoque
1338 1426 1407 1470 vel
1428 1428 1615 1471 moriens
1636 1427 1766 1471 amis—

374 1510 499 1539 surus
523 1511 586 1550 es,
621 1512 710 1540 non
733 1496 965 1555 pervenisti
987 1497 1078 1540 sine
1099 1496 1277 1554 labore,
1309 1496 1364 1540 ad
1393 1498 1527 1540 vitam
1560 1505 1767 1540 aeternam

375 1567 464 1609 sine
486 1566 636 1610 labore
653 1568 714 1611 vis
750 1567 1005 1626 pervenire?
1026 1567 1207 1611 Charior
1228 1567 1282 1611 sit
1303 1567 1382 1611 tibi
1408 1566 1482 1611 illa
1497 1603 1508 1623 ,
1548 1567 1604 1611 ad
1634 1583 1768 1627 quam

376 1646 471 1696 post
493 1652 642 1681 omnes
663 1636 834 1681 labores
851 1638 910 1682 sic
933 1637 1176 1696 pervenies,
1190 1647 1240 1682 ut
1262 1653 1491 1697 nunquam
1510 1638 1696 1682 amittas.
1726 1638 1769 1683 Si
1825 1691 1830 1696 .

378 1709 457 1750 hoc
480 1707 557 1750 tibi
573 1707 754 1751 charum
771 1716 850 1761 est,
872 1708 927 1751 ad
946 1706 1068 1767 quod
1090 1717 1188 1766 post
1211 1722 1360 1752 omnes
1379 1707 1548 1752 labores
1573 1709 1633 1752 sic
1667 1723 1769 1767 per-

376 1778 551 1832 venisti,
577 1787 626 1821 ut
648 1777 882 1837 aliquando
900 1778 1133 1822 amissurus
1151 1779 1204 1823 sis
1221 1796 1232 1831 ;
1257 1788 1422 1839 quanto
1437 1779 1571 1838 magis
1584 1778 1658 1823 illa
1675 1793 1769 1838 per·

377 1857 506 1906 petua
528 1847 773 1891 desiderare
794 1848 1022 1891 debemus?

438 1919 579 1960 XVII.
609 1917 762 1961 Verbis
776 1918 968 1976 ipsorum
987 1932 1041 1961 ne
1059 1917 1267 1971 credatis,
1288 1933 1368 1962 nec
1391 1918 1592 1963 timeatis.
1616 1921 1768 1964 Hostes

381 2002 458 2030 nos
485 1986 640 2031 dicunt
667 1986 886 2031 idolorum
906 2003 1099 2031 suorum.
1134 1989 1200 2032 Sic
1237 1997 1412 2047 praestet
1444 1992 1556 2032 Deus
1576 2024 1587 2043 ,
1620 1998 1663 2033 et
1695 1989 1769 2033 det

379 2059 523 2101 onmia
551 2056 597 2101 iri
634 2066 872 2116 potestate,
911 2057 1135 2117 quomodo
1170 2057 1292 2102 dedit
1324 2058 1445 2118 quod
1467 2059 1656 2104 stactam
1685 2070 1764 2105 est.

382 2131 472 2171 Hoc
509 2128 626 2172 enim
665 2127 850 2171 dicimus
890 2128 1100 2172 Charitati
1134 2131 1320 2182 Vestrae,
1361 2145 1416 2173 ne
1459 2128 1624 2175 faciatis
1659 2130 1737 2174 ista
1754 2165 1766 2185 ,

380 2197 558 2257 quando
579 2199 625 2241 in
647 2206 859 2257 potestate
882 2207 1019 2242 vestra
1044 2214 1133 2242 non
1155 2208 1233 2254 est,
1252 2209 1302 2243 ut
1322 2200 1488 2244 faciatis
1510 2199 1633 2244 illud.
1663 2204 1768 2244 Pra-

382 2283 532 2311 vorum
555 2267 782 2311 hominum
824 2277 913 2321 est,
948 2266 1212 2312 furiosorum
1246 2268 1689 2324 Circumcellionum,
1726 2279 1769 2314 et

383 2338 457 2380 ubi
476 2347 731 2396 potestatem
756 2353 844 2382 non
866 2339 1030 2383 habent
1059 2339 1234 2394 saevire,
1269 2349 1311 2384 et
1340 2339 1450 2384 velle
1480 2341 1588 2384 mori
1609 2355 1767 2400 prope-

382 2415 478 2449 rant
506 2408 596 2450 sine
620 2422 762 2452 causa.
788 2407 978 2452 Audistis
999 2424 1099 2468 quae
1131 2409 1254 2453 vobis
1281 2409 1464 2468 legimus
1481 2444 1492 2464 ,
1519 2425 1668 2454 omnes
1691 2410 1768 2470 qui

382 2490 521 2534 nuper
542 2476 587 2519 in
609 2476 880 2535 Mappalibus
901 2478 1083 2522 affuistis
1098 2480 1207 2535 (2).«
1224 2481 1335 2524 Cum
1358 2478 1458 2523 data
1480 2479 1604 2524 vobis
1634 2478 1768 2524 fuerit

385 2563 405 2585 n
442 2555 551 2589 terra
576 2547 618 2589 in
640 2555 896 2604 potestatem
913 2583 924 2603 ,
960 2548 1107 2608 (prius
1132 2550 1216 2604 ait,
1248 2550 1293 2593 in
1328 2558 1586 2608 potestatem
1603 2585 1614 2605 ,
1640 2550 1764 2594 etsie
