1898 3178
372 236 511 267 senno
542 237 755 276 Lxxxvm,
790 238 846 265 DE
878 235 1035 266 VERBIS'
1055 235 1220 264 Mum.
1255 236 1331 264 xx.
1460 222 1544 263 443

167 303 375 347 Dominus
391 301 453 346 illi
463 304 553 362 jam
570 301 797 345 confitenti
820 317 868 346 ac
891 300 1075 345 dicenti:
1100 319 1120 342 «
1138 299 1346 344 Dominus
1363 314 1485 344 meus
1503 309 1545 344 et

170 391 190 414 »
218 376 330 417 Deus
347 374 497 416 meus?
512 373 619 425 Quia
633 370 778 415 vidisti
796 387 880 427 me,
897 372 1055 431 inquit,
1076 369 1294 415 credidisti
1312 389 1321 415 ;
1342 369 1455 414 beati
1468 370 1544 429 qui

169 461 189 484 »
215 458 304 487 non
315 442 480 498 vident,
497 451 539 486 et
553 441 754 486 credunt.
767 443 907 494 »Quos
922 441 1046 497 dixit,
1058 440 1226 496 fratres,
1242 440 1323 485 nisi
1336 442 1434 484 nos?
1446 442 1544 485 Non

165 513 267 574 quia
283 513 395 558 solos
415 529 510 569 nOS,
525 513 600 558 sed
614 522 658 558 et
672 521 768 573 post
784 528 876 557 003.
899 516 1000 557 Post
1020 528 1202 572 parvum
1224 511 1339 556 enim
1353 520 1541 570 tempUS,

163 593 444 644 posteaquam
476 585 531 628 ab
563 583 698 629 oculis
731 582 986 628 mortalibus
1018 583 1190 628 recessit
1221 591 1270 627 ut
1301 583 1544 627 firmaretur

162 654 268 699 fides
291 655 336 699 in
360 653 594 711 cordibus,
619 655 886 715 quicumque
909 653 1210 710 crediderunt,
1235 669 1325 698 non
1348 653 1543 698 videntes

161 724 456 781 crediderunt,
474 735 517 770 et
537 740 741 784 magnum
756 725 961 769 meritum
982 724 1136 769 habuit
1153 724 1260 768 fides
1276 739 1427 769 eorum
1444 743 1453 768 ι
1473 724 1543 768 cui

159 795 263 840 fidei
287 795 592 855 comparandae
607 832 617 851 ‚
635 811 708 841 cor
730 805 901 840 tantum
925 794 1212 840 admoverunt
1233 795 1374 855 pium,
1397 810 1486 840 non
1501 803 1544 839 et

163 867 415 928 palpantem
435 883 631 912 manum.

222 940 302 982 ΙΙΙ.
335 940 440 982 Η300
463 953 566 997 ergo
598 937 700 982 fecit
721 937 958 992 Dominus,
994 945 1044 981 ut
1074 935 1276 981 invitaret
1305 934 1360 979 ad
1392 934 1540 979 fidem.

162 1010 267 1053 Haec
288 1007 395 1053 fides
427 1025 545 1053 nunc
568 1019 707 1054 servet
728 1010 774 1053 in
795 1007 1012 1063 Ecclesia,
1040 1016 1134 1052 toto
1156 1007 1262 1052 orbe
1282 1006 1455 1050 diffusa.
1488 1008 1545 1050 Et

161 1094 281 1124 nunc
314 1081 497 1139 majores
519 1080 719 1124 sanitates
754 1088 979 1139 operatur,
1014 1087 1192 1138 propter
1226 1092 1333 1136 quas
1370 1092 1460 1121 non
1482 1085 1545 1120 est

161 1149 421 1209 dedignatus
440 1159 546 1194 tunc
563 1151 767 1194 exhibere
781 1149 875 1194 illas
889 1149 1090 1193 minores.
1109 1148 1229 1193 Sicut
1245 1147 1359 1191 enim
1376 1147 1544 1192 animus

160 1220 315 1264 melior
331 1231 394 1265 est
414 1237 621 1280 corpore3
643 1222 701 1265 sic
723 1230 766 1264 et
788 1221 941 1265 melior
959 1219 1073 1264 salus
1095 1218 1250 1274 animi,
1276 1233 1409 1278 quam
1431 1217 1544 1262 salus

159 1292 366 1350 corporis.
389 1290 524 1335 Modo
541 1306 640 1335 caro
663 1307 776 1335 caeca
798 1306 887 1335 non
909 1290 1046 1350 aperit
1067 1289 1215 1335 oculos
1233 1288 1443 1333 miraculo
1460 1291 1545 1333 Do-

158 1362 290 1417 mini,
315 1371 359 1405 et
377 1377 451 1406 cor
472 1377 637 1406 caecum
660 1363 798 1421 aperit
820 1361 969 1406 oculos
990 1360 1178 1405 sermoni
1200 1360 1390 1405 Domini.
1410 1360 1543 1405 Modo

158 1447 248 1476 non
263 1432 445 1490 resurgit
463 1432 644 1476 mortale
660 1431 859 1487 cadaver,
880 1431 1063 1488 resurgit
1080 1430 1238 1485 anima,
1256 1445 1355 1489 quae
1371 1440 1543 1474 mortua

152 1502 324 1563 jacebat
345 1503 390 1547 in
406 1504 505 1547 vivo
522 1503 745 1548 cadavere.
771 1502 905 1548 Modo
931 1517 1055 1547 aures
1078 1501 1269 1561 corporis
1290 1500 1432 1545 surdae
1454 1517 1543 1546 non

158 1575 414 1634 aperiuntur
436 1593 445 1619 :
467 1574 543 1618 sed
564 1589 696 1634 quam
714 1573 841 1618 multi
862 1573 1029 1617 habent
1050 1587 1174 1616 aures
1195 1572 1361 1616 clausas
1382 1572 1540 1628 cordis,

158 1660 258 1704 quae
280 1653 427 1689 tamen
447 1644 583 1688 verbo
601 1644 695 1690 ,Dei
717 1652 973 1703 penetrante
1004 1651 1232 1702 patescunt
1247 1677 1258 1697 ,
1292 1652 1342 1687 ut
1364 1643 1543 1686 credant

159 1716 236 1775 qui
258 1730 348 1759 non
369 1713 628 1769 credebant,
654 1723 697 1758 et
719 1715 832 1758 hene
853 1714 1002 1759 vivant
1022 1713 1099 1773 qui
1119 1712 1233 1757 male
1252 1712 1479 1769 vivebant,
1499 1723 1542 1758 et

158 1785 367 1830 obediant
388 1786 570 1845 quinon
593 1784 860 1846 obediebant
885 1803 894 1829 ε
920 1793 964 1828 et
982 1783 1166 1828 dicimus
1191 1802 1200 1828 z
1226 1783 1306 1827 Ille
1327 1783 1539 1844 credidit3

158 1871 207 1900 ac
229 1856 587 1910 miramur‚·cum
619 1853 818 1899 audimus
839 1854 894 1898 de
921 1854 987 1898 his
1015 1868 1125 1913 quos
1153 1853 1388 1913 aliquando
1409 1853 1541 1899 duros

157 1940 430 1971 noveramus.
460 1926 550 1970 Cur
576 1939 677 1982 ergo
700 1939 818 1968 nunc
839 1924 1004 1968 miraris
1026 1924 1275 1968 credentem
1291 1958 1302 1979 ,
1327 1924 1540 1969 innocen-

156 2006 245 2042 tem
260 2031 272 2053 ,
295 2000 384 2041 Deo
401 1996 680 2055 servientem3
698 1996 777 2040 nisi
798 1996 901 2055 quia
917 1995 1127 2055 conspicis
1142 1994 1382 2050 videntem,
1407 2011 1540 2055 quem

157 2082 339 2112 noveras
356 2081 546 2112 caecum:
569 2067 778 2126 conspicis
804 2066 1043 2121 viventem,
1069 2080 1201 2124 quem
1222 2080 1402 2109 noveras
1424 2081 1541 2110 mor-

158 2147 283 2183 tuum
301 2160 312 2196 3
336 2138 547 2197 conspicis
562 2137 811 2182 audientem
824 2172 834 2192 ,
853 2152 983 2197 quern
1006 2152 1185 2181 noveras
1202 2136 1409 2180 surdum?
1429 2138 1538 2182 Nam

157 2208 301 2253 videte
319 2207 442 2252 aliter
459 2217 670 2263 mortuos,
691 2207 746 2252 de
763 2207 922 2268 quibus
941 2207 1122 2251 mortuis
1140 2205 1312 2250 dicebat
1328 2207 1538 2252 Dominus

157 2277 330 2322 cuidam
350 2277 450 2323 ideo
478 2278 689 2334 tardanti,
714 2293 770 2322 ne
791 2278 1025 2323 Dominum
1048 2285 1318 2337 sequeretur,
1347 2277 1448 2337 quia
1469 2293 1539 2322 se-

157 2347 292 2407 pelire
312 2356 479 2408 patrem
507 2348 682 2393 volebat
705 2367 715 2393 :
743 2369 763 2392 «
791 2349 912 2404 Sine,
942 2348 1110 2409 inquit,
1143 2356 1336 2391 mortuos
1357 2347 1536 2407 sepelire

159 2436 179 2460 »
206 2427 400 2463 mortuos
422 2420 562 2463 suos¹.
585 2436 605 2459 »
630 2420 757 2464 Certe
777 2419 938 2464 mortui
959 2418 1196 2478 sepultores
1218 2433 1307 2463 non
1322 2427 1424 2463 sunt
1444 2434 1537 2464 cor-

155 2503 262 2547 pore
282 2489 445 2532 mortui
469 2507 478 2534 :
501 2489 603 2549 quia
619 2489 654 2534 si
670 2490 754 2536 hoc
773 2499 912 2535 essent
926 2525 938 2546 ‚
964 2498 1134 2534 mortua
1156 2504 1337 2549 corpora
1353 2488 1535 2549 sepelire

205 2579 214 2595 ¹
235 2572 356 2606 Matth.
376 2583 444 2614 vin,
470 2581 525 2605 22.
