1898 3178
326 263 463 292 sen-wo
495 263 563 301 LI,
598 263 652 290 DE
683 260 919 293 comconma
950 260 1114 293 MATTH.
1149 264 1201 293 ΕΤ
1233 264 1324 293 Ltc.
1427 255 1505 294 111

136 348 158 372 »
192 330 288 374 nuit
320 329 474 374 Sadoc.
499 328 640 373 Sadoc
661 336 807 372 autem
828 329 977 385 genuit
997 329 1168 373 Achim.
1187 329 1343 374 Achim
1365 338 1511 374 autem

133 417 155 441 »
189 398 336 456 genuit
357 396 504 441 Eliud.
530 395 663 442 Eliud
685 406 829 442 autem
852 398 1004 456 genuit
1023 397 1215 443 Eleazar.
1239 399 1418 443 Eleazar
1430 415 1510 443 au-

134 487 154 512 »
188 477 276 513 tem
298 466 450 526 genuit
463 467 657 512 Mathan.
676 467 857 512 Mathan
869 476 1014 511 autem
1031 469 1181 526 genuit
1200 469 1353 514 Jacob.
1373 470 1510 514 Jacob

131 555 154 580 »
187 546 332 582 autem
361 537 512 595 genuit
530 537 715 597 Joseph,
739 537 885 581 virum
906 537 1054 582 Mariae
1080 557 1090 583 2
1115 538 1170 583 de
1191 555 1278 600 qua
1299 548 1425 584 natus
1447 548 1512 583 est

129 624 151 650 n
187 610 333 663 Jesus,
367 608 444 667 qui
465 616 645 652 vocatur
679 607 910 652 Christus¹.
941 625 963 649 »
997 608 1066 652 Sic
1089 623 1189 667 ergo
1211 625 1289 669 per
1313 608 1512 655 ordinem

126 677 529 738 successionemque
571 686 801 738 parentum
838 687 881 723 et
921 679 1252 737 progenitorum
1291 680 1512 726 invenitur

125 748 323 793 Christus
341 747 455 792 filius
482 748 621 793 David
635 783 647 804 ‚
662 747 779 793 filius
799 748 1037 793 Abraham.

183 821 303 865 VIII.
320 819 404 864 Cui
427 819 487 863 rei
513 818 699 865 fideliter
720 829 946 876 enarratae,
972 820 1100 865 istam
1122 820 1390 867 calumniam
1413 821 1506 880 pri-

123 905 240 936 mam
271 900 474 946 movent,
513 891 616 951 quia
651 892 849 952 sequitur
890 892 1010 937 idem
1023 893 1286 949 Matthaeus,
1309 903 1355 938 et.
1383 892 1504 938 dicit.

127 979 149 1002 >1
182 963 343 1006 Omnes
357 961 655 1020 generationes
672 962 967 1008 ahAbraham
979 962 1187 1022 usquead
1201 963 1338 1008 David
1349 998 1360 1018 ,
1381 977 1511 1021 gene-

126 1050 149 1073 »
182 1032 371 1077 rationes
392 1032 724 1092 quatuordeeim
746 1053 754 1078 ε
781 1043 824 1078 et
845 1048 870 1078 a
887 1033 1026 1078 David
1049 1047 1191 1094 usque
1220 1033 1277 1079 ad
1306 1034 1511 1078 transmi-

127 1120 151 1145 »ι
185 1103 427 1161 grationem
451 1103 708 1160 Babylonis,
737 1104 1035 1162 generationes
1057 1104 1389 1164 quatuordecim
1423 1123 1432 1148 :
1468 1112 1512 1148 et

126 1191 146 1215 »
182 1188 206 1218 a
226 1173 605 1231 transmigratione
625 1173 860 1231 Babylonis
877 1189 1017 1234 usque
1038 1173 1094 1218 ad
1106 1175 1350 1229 Christum,
1378 1189 1511 1233 gene·-

126 1261 151 1284 ».
183 1243 373 1287 rationes
391 1243 760 1303 quatuordecim2.
788 1261 808 1284 »
835 1244 1005 1288 Deinde
1015 1244 1222 1304 subjecit,
1246 1253 1297 1289 ut
1317 1253 1511 1289 narraret

122 1311 345 1372 quomodo
371 1321 499 1357 natus
528 1321 591 1358 est
624 1313 822 1358 Christus
847 1313 902 1356 de
929 1314 1066 1357 Maria
1095 1314 1290 1372 virgine,
1323 1314 1508 1374 subjun-

122 1398 251 1442 gens,
280 1392 323 1427 et
354 1382 526 1438 dicens,
556 1401 576 1426 (ι
601 1383 764 1428 Christi
797 1392 943 1428 autem
974 1384 1197 1441 generatio
1225 1384 1286 1428 sie
1317 1385 1444 1428 eratss.
1483 1401 1506 1425 »

119 1453 294 1496 Etenim
311 1452 464 1498 ordine
481 1462 714 1512 parentum
726 1454 1000 1498 enumeravi-t
1016 1469 1157 1512 quare
1174 1453 1344 1498 dicatus
1360 1453 1508 1499 Chris-

119 1530 192 1568 tur
213 1522 331 1568 filius
349 1523 488 1568 David
503 1557 514 1577 ,
540 1523 654 1567 filius
675 1523 895 1568 Abraham
919 1541 928 1567 :
953 1522 1183 1582 quomodo>
1209 1533 1357 1568 autem
1378 1532 1506 1568 natus

118 1593 194 1648 sit,
227 1603 270 1637 et
301 1594 414 1638 inter
434 1594 633 1639 homines
656 1593 932 1652 apparuerit,
965 1594 1129 1638 narrari
1147 1595 1237 1653 jam
1271 1593 1431 1651 debet,
1465 1602 1508 1638 et

118 1679 386 1723 consequens
409 1674 474 1708 est
493 1664 584 1723 ipsa
608 1664 797 1713 narratio
812 1698 822 1718 ‚
848 1678 927 1722 per
959 1679 1092 1723 quam
1115 1663 1332 1708 credimus
1354 1663 1507 1708 Domi-

118 1749 227 1778 num
254 1743 451 1779 nostrum
473 1736 624 1778 Jvesum.
643 1734 866 1779 Christum
888 1749 979 1778 non
1000 1733 1141 1779 solum
1163 1744 1318 1779 natum
1339 1734 1394 1778 de
1416 1737 1506 1779 Deo

118 1805 404 1864 sempiterno,
440 1814 706 1849 coaeternum
734 1805 777 1849 ei³
802 1805 879 1864 qui
901 1805 1050 1862 genuit
1072 1814 1173 1850 ante
1208 1805 1353 1850 omnia
1390 1814 1505 1849 tem-

117 1890 222 1934 pora
237 1909 248 1930 ,
280 1883 380 1920 ante
402 1889 577 1919 omnem
599 1882 864 1929 creaturam,
886 1889 963 1933 per
995 1889 1127 1933 quem
1150 1874 1265 1919 fact-a
1286 1883 1390 1918 sunt
1411 1889 1506 1918 om-

117 1946 216 2003 nia,
240 1945 316 1990 sed
346 1946 476 1990 etiam
497 1947 585 2005 jam
618 1954 774 1989 natum
794 1946 851 1989 de
880 1945 1047 2004 Spiritu
1080 1954 1230 1990 sancto
1266 1959 1316 1988 ex
1337 1945 1504 2004 virgine

116 2016 255 2062 Maria
271 2051 284 2071 ‚
309 2017 430 2076 quod
456 2016 617 2075 pariter
636 2016 911 2060 confitemur.
943 2014 1288 2059 Reminiscimini
1311 2014 1428 2058 enim
1463 2024 1507 2059 et

116 2087 250 2133 nostis
265 2121 276 2140 ‚
300 2088 317 2143 (
338 2085 571 2131 Catholicis
593 2086 756 2146 quippe
777 2084 936 2145 loquor
958 2084 1166 2129 fratribus
1197 2084 1328 2139 meis,
1355 2086 1371 2142 )
1392 2085 1505 2130 hanc

47 2151 49 2153 ¹
119 2171 207 2213 esse
229 2156 360 2200 fidem
377 2165 570 2201 nostram
585 2190 598 2211 ,
617 2156 701 2200 hoc
720 2170 798 2199 nos
814 2155 1013 2214 profiberis
1026 2164 1071 2199 etz
1084 2155 1297 2199 confiteri.
1326 2157 1410 2199 Pro
1424 2154 1506 2200 ista

118 2225 206 2270 fide
226 2225 457 2271 interfecta
476 2234 578 2271 sunt
589 2225 725 2271 millia
739 2228 982 2283 Martyrum
996 2260 1007 2280 ‚
1031 2234 1126 2270 hoto
1144 2225 1249 2270 orbe
1271 2233 1501 2269 tent-arum.

180 2298 258 2341 IX.
290 2298 384 2341 Hoc
406 2297 522 2340 enim
541 2295 662 2357 quod
680 2296 877 2356 sequitur
896 2295 1054 2341 volunt:
1064 2294 1128 2339 illi
1148 2294 1312 2350 ridere,
1332 2295 1414 2355 qui
1425 2311 1505 2340 vo-

119 2366 221 2411 lunt
239 2367 373 2411 fidem
396 2367 604 2425 derogare
625 2365 745 2410 libris
767 2364 1038 2423 Evangelicis
1064 2384 1073 2410 ;
1096 2374 1147 2409 ut
1168 2380 1252 2409 nos,
1277 2364 1414 2409 veluti
1435 2381 1506 2410 os-

122 2436 306 2482 tendant
326 2447 488 2482 temere
511 2435 743 2481 credidisse
766 2435 889 2495 quod
907 2435 1067 2479 dicitur
1080 2469 1091 2489 ,
1122 2453 1142 2476 ι(
1159 2436 1272 2479 Cum
1289 2444 1400 2480 esset
1417 2434 1510 2480 des·

123 2525 143 2549 »
178 2517 360 2567 ponsata
367 2517 505 2554 mater
517 2506 949 2567 ejusMariasoseph,
967 2507 1507 2566 antequameonvenirent,

169 2598 177 2615 ¹
198 2592 474 2633 Mattl1.1,6-16.
500 2609 540 2616 —
563 2598 576 2614 ²
592 2590 674 2624 Ibida
695 2601 746 2632 ¹7·
769 2607 808 2614 -
829 2589 942 2623 ³1bid.
967 2591 1017 2623 18.
