1898 3178
377 189 456 227 264
808 203 838 226 s.
878 200 1102 225 AUGUSTIM
1140 199 1317 225 EPISCOPI

369 277 445 310 est.
468 269 564 310 Jam
584 275 785 320 venerat,
812 274 853 308 et
877 280 964 308 non
989 264 1304 322 agnoscebatur
1326 284 1334 308 2
1361 272 1403 307 et
1425 263 1522 308 ideo
1540 272 1583 308 et
1600 265 1644 307 in
1661 264 1755 323 ipso

371 340 540 380 ,Ioanne
568 336 807 380 errabatur.
834 337 946 379 Ecce
968 344 1031 379 est
1052 334 1123 378 hic
1158 350 1290 395 quem
1313 333 1670 378 desideraverunt
1691 334 1757 378 vi-

371 409 473 451 dere
498 407 917 465 Patriarchae‚quen1
940 407 1346 465 praenuntiaverunt
1358 406 1605 464 Prophetae,
1624 416 1756 465 quem

370 478 646 538 praesignavit
674 480 776 521 Lex.
809 496 828 517 «
848 480 961 521 Ecce
983 481 1133 535 Agnus
1156 477 1259 528 Dei,
1289 492 1388 520 ecce
1410 477 1487 535 qui
1509 474 1624 520 tollit
1653 490 1758 535 pec-

376 568 396 590 »
431 559 526 593 cata
560 547 730 592 mundi.
761 566 780 589 n
806 551 861 592 Et
897 548 969 592 ille
999 548 1163 592 bonum
1199 547 1497 591 testimonium
1534 546 1760 605 perhibuit

372 620 559 664 Domino
576 655 586 674 ,
612 629 655 664 et
684 620 896 664 Dominus
924 618 988 662 illi
1013 639 1022 664 ;
1053 639 1071 661 «
1095 622 1147 663 In
1178 619 1290 662 natis
1323 618 1579 673 mulierum,
1616 617 1760 677 inquit

375 709 394 732 n
432 691 664 746 DominuS,
694 706 824 735 nemo
858 691 1040 736 surrexit
1074 691 1212 750 major
1234 692 1402 734 Joanne
1427 688 1621 748 Baptista
1648 707 1657 733 :
1682 689 1759 748 qui

377 780 396 802 »
433 771 579 806 autem
611 761 753 806 minor
775 762 899 806 estin
921 777 1056 820 regno
1073 760 1310 816 coelorum,
1334 760 1471 819 major
1493 768 1557 803 est
1576 758 1653 802 illo
1669 760 1683 784 1
1702 777 1711 803 :
1734 776 1755 799 »

372 834 512 877 minor
534 843 730 892 tempore
748 869 758 887 ‚
782 835 919 893 major
950 833 1187 891 majestate.
1217 833 1270 876 Se
1292 831 1436 890 ipsum
1458 829 1610 876 volens
1626 829 1760 873 intel-

373 903 445 961 ligi
467 904 550 947 hoe
573 904 689 947 dixit.
717 903 852 947 Valde
875 904 988 947 inter
1021 902 1218 946 homines
1246 905 1434 946 Joannes
1462 911 1526 945 est
1547 915 1730 958 magnus
1745 935 1756 954 ‚

373 990 461 1035 quo
483 975 597 1019 solus
620 976 732 1018 inter
754 975 951 1018 homines
973 974 1108 1033 major
1126 982 1189 1017 est
1210 973 1407 1018 Christus
1421 974 1453 1016 2.
1472 976 1620 1016 Potest
1641 980 1684 1014 et
1701 971 1761 1015 sic

373 1045 607 1103 distingui,
635 1054 677 1088 et
693 1044 800 1088 solvi
827 1065 835 1088 :
863 1064 880 1084 e«
910 1048 960 1088 ln
977 1044 1088 1087 natis
1103 1042 1335 1086 mulierum
1359 1058 1448 1086 non
1466 1041 1648 1086 surrexit
1669 1055 1762 1085 ma-

374 1134 394 1154 »
425 1118 494 1174 jor
517 1118 685 1160 Joanne
707 1116 897 1174 Baptista
925 1135 932 1160 :
954 1116 1029 1175 qui
1047 1125 1193 1159 autem
1212 1115 1356 1158 minor
1374 1114 1500 1158 estin
1518 1128 1651 1171 regno
1673 1127 1762 1156 coe-

375 1203 396 1226 »
431 1186 574 1231 lorum
593 1223 603 1241 ,
636 1188 771 1247 major
793 1198 855 1231 est
878 1186 969 1231 illo.
995 1205 1015 1228 n
1040 1190 1138 1232 Non
1160 1187 1219 1230 sic
1253 1185 1476 1246 quomodo
1506 1184 1640 1244 paulo
1662 1193 1763 1228 ante

373 1258 477 1300 dixi.
490 1277 508 1298 «
521 1258 604 1310 Qui
619 1268 765 1301 autem
784 1259 925 1301 minor
943 1259 1063 1300 estin
1080 1272 1213 1315 regno
1228 1256 1457 1308 coelorum,
1474 1256 1612 1314 maJ'or
1631 1263 1722 1298 est:
1739 1272 1759 1295 »

376 1343 557 1385 regumn
596 1328 810 1373 coelorum
833 1328 964 1382 dixit,
989 1328 1066 1371 ubi
1092 1326 1245 1384 An'geli
1265 1335 1395 1370 sunt:
1422 1326 1498 1384 qui
1521 1339 1622 1382 ergo
1651 1325 1765 1368 inter

380 1399 566 1457 Angelos
585 1400 725 1442 minor
748 1409 835 1454 est,
862 1401 1031 1442 Joanne
1053 1399 1189 1457 major
1213 1406 1289 1441 est.
1312 1394 1648 1441 Commendavit
1667 1409 1765 1453 reg—

377 1485 483 1512 uum
506 1468 626 1529 quod
651 1468 944 1513 desideremus
966 1488 975 1513 z
1002 1468 1227 1528 proposuit
1247 1468 1484 1522 civitatem,
1509 1468 1633 1526 cujus
1649 1465 1764 1510 cives

379 1555 468 1583 esse
483 1541 720 1599 cupiamus.
744 1540 897 1593 Quales
919 1540 979 1583 ibi
1001 1540 1146 1584 cives?
1166 1554 1299 1599 quam
1320 1538 1463 1596 magni
1486 1537 1624 1581 cives?
1638 1537 1766 1590 Quis-

378 1612 476 1671 quis
504 1612 564 1654 ibi
588 1613 728 1655 minor
756 1622 844 1666 est,
866 1614 1034 1655 Joanne
1056 1612 1192 1670 major
1215 1619 1294 1654 est.
1321 1612 1419 1662 Quo
1441 1609 1644 1654 Joanne?
1667 1609 1765 1661 Quo

379 1697 507 1725 nemo
530 1683 666 1741 major
686 1683 869 1726 surrexit
890 1682 935 1726 in
957 1682 1067 1726 natis
1091 1680 1340 1725 mulierum.

440 1757 518 1797 III.
543 1754 801 1798 Audivimus
823 1769 974 1798 verum
996 1763 1039 1797 et
1062 1754 1228 1798 bonum
1249 1752 1548 1796 testimonium
1566 1760 1610 1795 et
1630 1753 1767 1795 Joan-

379 1824 446 1866 nis
468 1824 522 1867 de
539 1826 712 1868 Christo
729 1861 738 1876 ,
761 1835 802 1869 et
825 1825 982 1869 Christi
1005 1824 1059 1868 de
1083 1828 1265 1868 ¹loanne.
1288 1824 1403 1875 Quid
1421 1822 1501 1866 sibi
1518 1837 1622 1880 ergo
1644 1821 1763 1877 vult,

381 1892 500 1953 quod
524 1894 638 1936 misit
660 1894 711 1935 ad
741 1908 840 1936 eum
863 1893 1105 1951 Discipulos
1127 1908 1226 1936 suos
1251 1893 1461 1946 Joannes,
1487 1906 1588 1935 cum
1620 1890 1766 1935 inclu-

382 1980 450 2006 sus
474 1973 582 2006 esset
606 1964 647 2006 in
670 1979 839 2007 carcere
858 1964 946 2022 jam
973 1961 1252 2016 occidendus,
1267 1971 1310 2004 et
1327 1961 1384 2004 ait
1407 1960 1628 2021 discipulis
1650 1963 1734 2005 suis
1754 1981 1763 2006 z

386 2054 403 2074 «
440 2037 503 2077 lte
521 2070 531 2088 ‚
557 2033 688 2077 dicite
712 2033 772 2076 illi
795 2053 803 2076 z
826 2036 887 2075 Tu
911 2048 954 2076 es
977 2033 1052 2092 qui
1076 2043 1284 2076 venturus
1309 2048 1368 2085 es,
1395 2048 1449 2075 an
1467 2031 1601 2076 alium
1618 2047 1767 2091 expec-

384 2124 401 2143 »
439 2114 580 2147 tamus
595 2106 643 2146 ³3?
663 2124 678 2142 n
703 2107 797 2161 Ipsa
823 2112 883 2147 est
907 2112 995 2147 tota
1016 2101 1239 2146 laudatio?
1258 2102 1336 2145 Illa
1357 2101 1550 2146 laudatio
1572 2102 1686 2146 facta
1703 2112 1768 2147 est

381 2174 629 2217 dubitatio?
645 2174 761 2226 Quid
784 2174 905 2226 dicis,
923 2175 1111 2217 Joannes
1127 2175 1144 2215 P
1161 2172 1232 2217 eui
1250 2171 1356 2217 dicis
1370 2175 1387 2217 Ρ
1400 2173 1507 2232 quid
1531 2172 1667 2216 dicis?
1691 2175 1768 2216 Ju-

380 2246 461 2289 ‹liei
485 2245 795 2304 dicis,-p1'aeco
830 2243 951 2289 dieis.
989 2247 1054 2287 Tu
1086 2244 1271 2302 digitum
1306 2243 1557 2298 intendisti,
1584 2251 1633 2286 tu
1663 2258 1765 2286 eum

381 2316 606 2359 ostendisti
627 2351 637 2371 ‚
663 2325 713 2359 tu
735 2315 875 2359 dixisti
901 2335 908 2359 :
938 2334 959 2356 «
990 2317 1104 2358 Ecce
1122 2319 1272 2372 Agnus
1296 2314 1400 2368 Dei,
1432 2328 1530 2357 eece
1551 2313 1626 2372 qui
1649 2312 1766 2358 tollit

383 2404 401 2425 >2
438 2396 614 2443 peccata
632 2386 801 2430 mundi.
828 2404 848 2426 »
872 2387 937 2428 Tu
959 2384 1101 2428 dixisti
1128 2403 1136 2428 z
1168 2403 1187 2425 «
1217 2386 1303 2429 Nos
1325 2398 1474 2427 omnes
1493 2382 1549 2428 de
1571 2381 1764 2442 plenitu-

427 2487 434 2501 ¹
457 2482 574 2512 Matth.
596 2492 643 2521 ¹1,
664 2493 716 2514 ιι.
738 2500 778 2505 -
799 2489 812 2505 ‘²
830 2481 975 2513 Videlib.
1000 2493 1024 2513 11
1044 2485 1155 2513 contra
1171 2481 1335 2512 adversar.
1350 2483 1424 2520 [εξ-ν.
1442 2485 1475 2512 et
1492 2480 1611 2522 Proph.
1630 2491 1701 2522 cap.
1724 2480 1755 2513 5.

383 2534 700 2568 —3311111l1.x1.:3.
