1898 3178
352 241 435 278 608
780 254 813 278 s.
850 249 1080 280 Ancusnm
1113 251 1293 280 EPISCOPI

350 317 488 369 erat¹‚
522 330 688 360 sursum
728 316 916 375 aspicere
947 332 1035 361 non
1071 325 1240 376 poterat
1268 333 1279 360 .·
1304 316 1405 376 quia
1440 330 1610 361 sursum
1643 330 1733 371 cor,

349 387 441 429 sine
464 402 590 431 causa
616 385 864 431 audiebat‘2.
896 388 980 432 Sed
1003 387 1138 432 erexit
1167 403 1259 432 eam
1285 387 1508 432 Dominus.
1537 390 1613 431 Est
1635 402 1736 445 ergo

349 462 459 514 spes,
485 457 557 500 scd
586 456 706 511 filiis,
733 473 963 517 quousque
985 458 1130 502 veniat
1151 456 1422 517 diesjudicii.
1448 457 1639 502 Multum
1654 457 1732 500 sibi

347 527 422 572 dat
447 529 591 572 homo.
619 530 674 572 Et
695 528 803 588 quid
825 539 887 573 est
909 530 1072 573 homo?
1096 531 1245 573 Justus
1268 530 1400 573 homo
1426 543 1634 586 magnum
1657 527 1736 572 ali-

346 598 454 658 quid
482 608 545 643 est
577 600 723 644 homo.
768 600 852 645 Sed
883 610 1027 644 tamen
1054 602 1196 660 justus
1218 601 1377 654 homo,
1405 599 1540 658 gratia
1564 599 1642 644 Dei
1673 607 1736 643 est

340 669 481 728 justus
501 670 646 714 homo.
679 672 789 715 Nam
817 689 825 715 :
859 690 875 711 «
903 669 1019 724 Quid
1045 680 1106 715 est
1130 671 1285 723 homo,
1318 670 1399 714 nisi
1427 669 1547 729 quod
1572 684 1735 714 memor

349 758 367 780 »
395 755 438 784 es
462 741 611 799 ejusss?
638 759 657 782 »
684 741 758 785 Vis
783 740 931 785 videre
960 741 1068 801 quid
1095 750 1158 785 est
1179 741 1342 785 homo?
1369 759 1387 781 «
1411 741 1564 784 Omnis
1603 740 1735 785 homo

352 830 368 849 »
398 810 633 854 mendax4.
658 829 677 851 »
703 811 984 856 Cantavimus
1004 827 1012 852 :
1035 831 1054 852 «
1075 814 1246 869 Exurge
1262 846 1272 865 ,
1293 811 1491 865 Domine,
1517 825 1605 853 non
1623 825 1736 869 prae-

350 899 368 921 ι)
396 880 537 925 valeat
571 882 745 927 h0m05.
775 901 793 923 υ
829 881 945 935 Quid
973 892 1057 937 est,
1093 901 1112 922 «
1140 884 1236 927 Non
1268 881 1499 941 praevaleat
1531 881 1688 925 homo?
1711 899 1730 921 »

345 954 498 995 Nonne
524 952 717 1011 Apostoli
741 953 938 996 homines
961 953 1110 996 erant?
1133 967 1278 996 nonne
1301 954 1514 1008 Martyres
1539 951 1735 995 homines

343 1024 490 1066 erant?
514 1025 610 1081 Ipse
633 1023 841 1068 Dominus
865 1025 987 1067 Jesus
1002 1026 1116 1067 Deus
1129 1038 1218 1067 esse
1241 1037 1331 1066 non
1355 1021 1578 1075 desistens,
1600 1022 1732 1066 homo

343 1109 433 1137 esse
457 1094 660 1152 dignatus
683 1103 760 1137 est.
789 1093 906 1146 Quid
923 1103 987 1137 est
1009 1109 1137 1152 ergo:
1159 1112 1178 1134 «
1200 1096 1370 1151 Exurge
1385 1128 1396 1148 ,
1417 1093 1622 1147 Domine,
1644 1108 1732 1136 non

345 1182 364 1204 »
393 1162 621 1223 praevaleat
656 1165 816 1207 homo?
839 1182 858 1203 »
886 1164 928 1208 Si
951 1165 1091 1208 omnis
1116 1165 1246 1208 homo
1282 1163 1467 1207 mendax
1491 1183 1499 1208 ε
1532 1166 1729 1222 Exurge,

342 1236 497 1279 veritas
514 1270 524 1290 ,
550 1251 639 1279 non
667 1234 899 1294 praevaleat
925 1234 1099 1279 falsitas.
1129 1238 1270 1280 Homo
1298 1250 1398 1293 ergo
1416 1270 1426 1289 ,
1461 1235 1495 1279 si
1523 1234 1616 1278 vult
1644 1250 1732 1279 esse

342 1305 507 1365 aliquid
535 1305 638 1350 boni
653 1340 663 1360 ,
685 1321 775 1350 non
797 1306 850 1350 sit
873 1305 927 1350 de
949 1321 1027 1350 suo
1053 1306 1242 1366 proprio.
1266 1305 1308 1350 Si
1332 1307 1446 1349 enim
1467 1304 1522 1349 de
1545 1320 1624 1349 suo
1642 1320 1733 1349 esse

342 1376 550 1429 voluerit,
576 1377 764 1421 mendax
787 1377 883 1421 erit.
910 1377 951 1421 Si
975 1391 1102 1420 vermi⁷
1124 1391 1212 1421 esse
1236 1375 1421 1421 voluerit
1440 1375 1494 1420 de
1517 1376 1616 1431 Dei,
1641 1391 1730 1420 non

343 1446 398 1490 de
416 1463 494 1491 suo
514 1447 610 1491 erit.

404 1520 483 1561 III.
511 1520 624 1575 Ergo
646 1551 656 1572 ,
679 1536 698 1558 «
717 1519 916 1576 Exurge,
943 1517 1127 1561 Domine
1145 1552 1155 1571 ,
1174 1532 1263 1561 non
1285 1516 1520 1576 praevaleat
1540 1517 1687 1561 homo.
1707 1535 1727 1558 »

345 1592 534 1633 Tantum
562 1588 700 1632 valuit
723 1587 999 1632 mendacium
1029 1598 1128 1632 ante
1151 1588 1390 1642 diluvium,
1416 1597 1465 1632 ut
1487 1597 1584 1647 post
1612 1587 1731 1631 dilu-

340 1659 458 1703 vium
489 1669 587 1703 octo
616 1659 814 1703 homines
837 1659 1184 1704 remansissentss.
1212 1662 1292 1703 Per
1317 1659 1428 1718 ipsos
1446 1669 1558 1703 terra
1583 1674 1730 1703 rursus

341 1729 516 1789 impleta
535 1738 598 1773 est
617 1729 869 1773 hominibus
887 1728 1193 1784 mendacibus,
1216 1739 1259 1773 et
1275 1729 1436 1774 electus
1459 1739 1522 1774 est
1544 1729 1731 1789 populus

340 1800 432 1844 Dei.
453 1804 583 1845 Facta
602 1809 704 1844 sunt
721 1800 929 1844 miracula
951 1800 1087 1844 multa
1105 1836 1115 1855 ,
1141 1804 1380 1860 prae'rogata
1398 1801 1543 1845 divina
1564 1801 1726 1844 benefi-

339 1872 417 1915 cia.
440 1872 505 1915 Ad
522 1880 678 1915 terram
695 1871 988 1930 promissionis
1005 1870 1242 1926 perductus
1256 1880 1334 1922 est,
1352 1871 1405 1911 ab
1419 1869 1727 1927 AEgyptiorum

339 1945 545 1985 servitute
568 1942 791 1982 liberatus.
829 1938 1056 1997 Prophetae
1088 1939 1133 1981 in
1161 1938 1236 1982 illo
1259 1938 1429 1982 excitati
1453 1948 1579 1993 sunt,
1613 1948 1726 1983 tem-

339 2011 461 2070 plum
496 2009 689 2068 accepit,
721 2007 1008 2053 sacerdotium
1042 2009 1231 2068 accepit,
1263 2009 1514 2053 unctionem
1537 2011 1722 2069 accepit,

339 2082 476 2140 legem
502 2080 681 2139 accepit.
706 2079 788 2124 Sed
808 2080 862 2122 de
880 2080 972 2138 ipso
991 2089 1138 2139 postea
1153 2079 1318 2123 dictum
1339 2090 1400 2124 est
1419 2100 1426 2123 ;
1450 2100 1469 2121 ι(
1486 2080 1583 2123 Filii
1597 2080 1725 2125 alieni

345 2172 362 2193 »
389 2152 558 2196 mentiti
583 2160 685 2195 sunt
708 2150 814 2193 mihi
830 2151 860 2193 ⁷.
892 2168 911 2189 »
937 2149 1004 2193 Ad
1027 2159 1266 2193 extremum
1289 2151 1441 2194 missus
1462 2160 1525 2194 est
1546 2149 1620 2194 ille
1649 2166 1725 2210 per

340 2223 576 2282 Prophetas
599 2230 698 2265 ante
721 2220 968 2279 promissus.
999 2239 1018 2261 «
1042 2223 1137 2264 Non
1162 2220 1393 2279 praevaleat
1423 2221 1555 2266 homo
1572 2256 1582 2276 ,
1611 2240 1630 2262 »
1656 2219 1724 2265 vel

396 2350 400 2364 ¹
426 2343 502 2374 (Lod.
523 2342 608 2373 Cass.
634 2351 670 2378 11,
699 2340 754 2372 fol.
778 2339 842 2381 49:
878 2342 978 2371 Curva
997 2343 1086 2378 erat,
1110 2343 1204 2371 ωτι-τε
1232 2340 1395 2379 inhiabat,
1414 2345 1528 2371 terram
1550 2340 1720 2379 diligebat,

338 2400 365 2430 in
386 2404 470 2431 terra
504 2408 591 2439 spem
622 2407 709 2428 suam
738 2400 907 2438 posuerat,
927 2406 1070 2434 sursum,
1091 2402 1152 2427 etc.
1187 2413 1228 2419 -
1249 2403 1260 2417 2
1288 2396 1354 2428 Cod
1395 2399 1477 2428 Cass.
1509 2408 1543 2437 n,
1569 2396 1625 2429 fol.
1646 2396 1717 2437 49:

337 2456 412 2493 Quia
438 2465 557 2487 sursum
589 2465 646 2486 cor
666 2453 788 2494 erigere
807 2453 874 2484 sine
893 2463 987 2484 causa
1007 2452 1197 2484 aestimabat.
1221 2469 1260 2474 —
1294 2451 1306 2474 3
1326 2453 1401 2484 Psal.
1424 2464 1496 2491 vni,
1532 2452 1563 2484 5.
1585 2452 1652 2482 —4
1673 2453 1717 2485 Id.

336 2523 410 2552 cxv,
437 2523 483 2543 11.
508 2528 548 2534 —
563 2509 704 2548 ⁵1d.1x,
724 2518 777 2543 20.
798 2526 840 2533 -
861 2507 876 2531 ⁶
896 2521 906 2541 1
926 2511 1011 2541 Petr.
1032 2520 1077 2550 111,
1099 2518 1151 2542 20.
1170 2525 1211 2532 —-
1231 2516 1243 2541 7
1264 2509 1331 2541 Psat
1366 2519 1441 2550 xvii,
1461 2510 1512 2549 46.
