1898 3178
298 233 437 259 SERMO
469 231 596 267 Χινι,
631 232 685 256 m:
718 230 966 260 ustroiussus
997 233 1040 259 m
1075 234 1221 260 Ezecn.
1396 225 1449 262 17

75 305 315 357 querentur
351 303 501 340 contra
520 329 530 349 ,
555 294 866 352 redarguerent
889 312 959 341 eos
977 331 987 351 ‚
1019 306 1261 355 satagerent
1291 299 1451 345 lucrari

73 366 170 410 illos
191 385 201 411 2
235 367 269 409 si
290 374 462 420 errant,
486 373 738 409 revocarent
759 364 884 420 illos3
911 366 944 408 si
972 376 1178 424 pereunt,
1205 380 1452 427 quaererent

73 436 182 480 illos.
207 438 305 480 Non
321 435 475 479 frustra
495 450 597 493 ergo
610 469 620 489 ,
642 449 740 478 cum
759 435 848 493 jam
868 433 1038 478 dixisset
1056 438 1270 496 superius:
1293 439 1453 492 «Quod

76 525 97 548 »
131 520 318 549 crassum
355 515 440 559 est,
476 503 779 548 interfecistis:
816 522 835 543 »
861 503 931 547 hic
959 505 1116 549 iterum
1147 507 1192 550 in
1223 508 1453 553 novissimo

75 575 220 634 posuit
238 593 247 619 :
277 594 296 616 «
318 577 376 618 Et
394 572 515 633 quod
536 573 649 618 forte
666 572 748 616 fuit
766 607 777 627 ,
802 572 1061 618 confecistis.
1090 592 1109 614 »
1137 579 1233 634 Ipsa
1254 587 1317 622 est
1341 580 1455 623 enim

76 646 258 705 repetita
287 645 523 700 sententia,
548 644 630 688 nisi
651 659 702 687 ex
724 643 788 686 his
820 659 919 702 quae
951 659 1080 703 supra
1106 645 1214 690 dixit
1235 657 1336 694 nata
1357 658 1420 693 est
1447 669 1455 694 ;

83 733 101 754 «
137 714 268 767 Quod
285 715 485 769 errabat,
508 729 598 758 non
618 713 847 757 revocastis
867 734 877 770 3
903 723 943 757 et
963 714 1083 773 quod
1100 716 1252 774 periit,
1276 734 1365 763 non
1388 735 1458 763 re·

77 801 97 825 »
132 784 317 843 quisistis
340 803 349 829 ;
378 801 398 825 »
424 791 466 827 et
492 783 576 828 hoc
608 782 810 827 faciendo
827 817 838 838 ‚
868 782 987 842 quod
1023 783 1136 829 forte
1157 795 1248 842 est,
1274 788 1456 833 interfe-

77 871 98 894 )›
133 853 264 898 cistis.
289 870 310 894 ))

148 924 269 966 XVI.
298 921 485 966 Proinde
512 921 614 965 audi
641 921 748 980 quid
775 931 979 981 sequatur
1009 923 1063 968 de
1090 926 1170 970 ista
1197 928 1458 987 negligentia

72 991 310 1046 malorum,
346 992 434 1036 imo
466 990 674 1036 falsorum
706 1000 928 1050 pastorum
955 1012 963 1037 :
1001 1012 1019 1034 «
1046 997 1103 1038 Et
1134 996 1335 1056 dispersae
1357 1010 1458 1044 sunt

77 1080 97 1103 »
133 1077 232 1106 oves
254 1076 385 1116 meae,
405 1077 457 1105 eo
474 1062 595 1121 quod
613 1077 702 1105 non
719 1063 774 1105 sit
795 1072 963 1120 pastor,
988 1073 1031 1108 et
1052 1064 1180 1110 factae
1201 1078 1301 1112 sunt
1318 1071 1364 1113 in
1385 1086 1459 1114 co-

78 1149 99 1171 »
135 1140 369 1174 mesturam
390 1130 593 1174 omnibus
615 1131 759 1174 bestiis
781 1133 913 1187 agri1.
945 1152 961 1171 »
993 1135 1214 1177 Furantur
1235 1137 1329 1193 lupi
1351 1139 1459 1181 insi-

76 1200 243 1244 diantes
259 1233 270 1254 ‚
291 1199 466 1257 rapiunt
484 1198 631 1242 leones
653 1197 886 1241 frementes
905 1232 914 1251 ‚
942 1213 1041 1242 cum
1059 1215 1158 1244 oves
1179 1218 1270 1246 non
1291 1205 1459 1251 haerent

74 1270 248 1329 pastori.
271 1272 380 1314 Nam
409 1282 594 1326 praesens
616 1276 680 1310 est
700 1276 869 1325 pastor,
895 1267 970 1310 sed
986 1269 1097 1312 male
1118 1273 1346 1328 agentibus
1368 1292 1459 1321 non

72 1349 136 1383 est
155 1348 314 1399 pastor.
342 1340 398 1381 Et
417 1337 632 1381 inhaerent
652 1336 898 1394 pastoribus
918 1352 1009 1381 non
1031 1341 1302 1400 pastoribus3
1323 1359 1366 1388 se
1389 1346 1453 1404 ip-

74 1425 163 1464 SOS,
184 1424 274 1454 non
295 1422 394 1452 oves
416 1406 693 1466 pascentibus
720 1424 728 1451 :
755 1415 799 1450 et
819 1405 988 1452 lethalis
1011 1423 1130 1453 error
1157 1415 1452 1473 consequitur.

74 1482 195 1523 Eunt
215 1480 260 1522 in
280 1478 438 1522 bestias
470 1476 770 1536 depraedantes
795 1491 862 1532 se,
898 1486 942 1521 et
969 1478 1024 1522 de
1055 1479 1229 1525 illarum
1252 1494 1390 1530 morte
1414 1502 1458 1530 se

76 1551 218 1594 satiari
235 1550 471 1609 cupientes.
495 1547 617 1592 Tales
635 1547 751 1591 enim
773 1556 875 1592 sunt
897 1563 1045 1594 omnes
1060 1585 1071 1605 ,
1093 1553 1168 1611 qui
1191 1554 1384 1612 gaudent
1404 1557 1458 1602 de

76 1620 293 1664 erroribus
330 1618 477 1664 alienis
504 1637 515 1674 3
549 1617 697 1661 bestiae
737 1626 839 1661 sunt
875 1627 1009 1676 pastae
1042 1622 1256 1667 mortibus
1290 1624 1458 1685 disper-

76 1705 236 1734 sarum.

135 1761 277 1803 XVII.
307 1776 327 1799 «
352 1760 408 1801 Et
430 1756 632 1815 dispersae
652 1765 755 1800 sunt
774 1790 785 1811 ‚
815 1766 859 1801 et
881 1769 1133 1803 erraverunt
1162 1777 1261 1807 oves
1287 1778 1395 1810 meae
1412 1768 1457 1811 in

79 1827 1457 1881 nomnfflnnmnoem‚effinomnfflnfflfflfflnahmnz»Bffifflae

78 1917 101 1945 a
123 1899 344 1944 montibus
372 1907 416 1942 et
445 1897 655 1952 collibus,
688 1906 836 1942 tumor
861 1907 1056 1944 terrenus
1079 1910 1122 1945 et
1144 1905 1346 1962 superbia
1377 1922 1457 1951 sae-

77 1969 181 2014 culi.
206 1968 373 2013 Extulit
391 1982 435 2012 se
457 1967 659 2026 superbia
678 1968 863 2022 Donati,
901 1968 1004 2013 fecit
1026 1970 1108 2014 sibi
1129 1981 1297 2030 partem
1318 1994 1326 2019 :
1350 1977 1457 2021 sub-

77 2054 261 2098 sequens
283 2053 384 2082 eum
406 2037 714 2090 Parmenianus
735 2036 851 2080 iuius
872 2039 1144 2085 confirmavit
1164 2057 1368 2088 errorem.
1382 2045 1460 2090 ule

79 2122 203 2152 mons
220 2115 312 2161 est,
329 2106 402 2149 ille
424 2105 544 2148 collis
565 2114 642 2147 est.
670 2105 738 2147 Sic
759 2106 900 2146 omnis
916 2108 1149 2162 cujuslibet
1170 2121 1322 2157 auctor
1342 2127 1460 2158 erro-

79 2179 136 2222 ris
151 2187 321 2221 terrena
335 2174 519 2218 elatione
530 2172 836 2227 intumescens,
852 2173 1064 2229 promittit
1077 2176 1231 2223 ovibus
1247 2182 1458 2240 requiem,

82 2262 239 2308 pascua
260 2246 378 2289 bona
399 2263 407 2288 :
433 2253 476 2288 et
496 2241 731 2302 aliquando
762 2243 991 2288 inveniunt
1010 2245 1072 2288 ibi
1094 2262 1194 2293 oves
1221 2265 1381 2308 pascua
1407 2254 1462 2299 de

83 2317 230 2377 pluvia
251 2315 351 2370 Dei,
378 2328 467 2357 non
489 2311 543 2356 de
567 2312 724 2356 duritia
750 2314 908 2357 montis
931 2333 939 2358 :
964 2315 1128 2361 habent
1165 2319 1281 2363 enim
1310 2331 1353 2366 et
1384 2324 1465 2383 ipsi

88 2386 327 2445 Scripturas
344 2420 354 2438 7
379 2384 544 2427 habent
566 2392 844 2427 sacramenta.
871 2386 968 2430 Non
999 2396 1099 2431 sunt
1116 2387 1195 2432 ista
1217 2393 1430 2438 montium
1452 2414 1461 2440 :

87 2456 161 2502 sed
192 2471 291 2499 cum
324 2453 607 2498 inveniuntur
642 2453 688 2496 in
717 2453 965 2510 montibus,
997 2455 1109 2500 male
1141 2471 1388 2507 remanetur
1419 2465 1464 2509 in

135 2547 144 2562 ¹
163 2538 280 2573 Ezech.
299 2547 412 2577 xxxiv,
428 2536 459 2568 5.
479 2553 521 2559 —
537 2542 549 2559 ²
569 2535 649 2568 lbid.
669 2535 702 2567 6.

299 2599 435 2632 cxxv.
1280 2600 1304 2638 2
