1898 3178
1851 61 1853 77 >

1850 88 1852 111 Ι

1849 161 1852 214 3

454 231 537 268 372
875 237 909 266 s.
944 237 1174 268 AUGUSTlm
1205 241 1386 268 EPTSCOPI

449 305 544 350 dit?
560 320 694 366 quare
717 304 840 348 nobis
857 304 1224 350 medicamentum
1242 321 1332 350 non
1355 304 1409 349 de
1424 305 1611 349 armario
1637 319 1734 359 suo,
1759 288 1851 347 sed'

451 375 506 420 de
518 375 726 433 sanguine
741 389 819 418 suo
834 374 938 419 fecit
949 376 967 419 P
978 377 1094 434 Ergo
1108 374 1219 420 illud
1233 392 1369 436 genus
1385 385 1649 435 aegrotorum
1663 374 1740 434 qui
1754 367 1850 443 mi-{

452 447 537 491 tius
559 445 852 504 aegrotabant,
873 446 950 506 qui
971 461 1015 490 se
1036 456 1246 506 aegrotare
1266 447 1512 492 sentiebant
1527 482 1537 502 ,
1562 456 1612 490 ut
1639 460 1850 490 sanarem·
1887 497 1898 503 ι,

452 526 540 571 tur,
557 515 726 560 medico
741 516 1035 561 cohaerebant.
1058 517 1127 561 Illi
1141 527 1288 562 autem
1311 518 1385 577 qui
1408 516 1690 577 periculosius
1707 506 1849 575 aegro-J

452 589 619 643 tabant,
646 587 815 633 medico
839 588 1126 645 insultabant,
1151 598 1338 648 aegrotos
1353 588 1748 633 calumniabantur.
1770 585 1847 631 Ad
1886 592 1898 647 J

451 668 692 703 extremum
714 675 803 719 quo
820 661 1027 719 processit
1047 661 1271 720 phrenesis
1293 661 1518 719 ipsorum?
1543 662 1600 704 Ut
1620 659 1837 703 medicum
1884 664 1896 718 [J

451 739 678 786 tenerent,
703 730 911 789 ligarent,
936 730 1232 789 flagellarent,
1265 730 1397 789 spinis
1414 738 1696 784 coronarent,
1722 724 1847 793 ligno}

450 802 793 861 suspenderent,
832 817 959 846 cruce
991 811 1212 846 necarent,
1246 801 1360 854 Quid
1394 801 1592 845 miraris?
1621 799 1845 845 Medicum}
1883 793 1898 858 “f

450 872 610 918 occidit
632 883 819 932 aegrotus
846 893 855 919 :
880 874 956 918 sed
982 889 1085 917 eum
1113 873 1310 917 medicus
1332 873 1498 918 occisus
1523 872 1688 917 sanavit
1708 873 1845 932 phre-‚
1888 872 1898 929 j·

453 945 663 989 neticum.
1888 935 1897 943 ²

494 1017 546 1058 V.
566 1015 711 1059 Primo
729 1015 844 1059 enim
860 1030 950 1059 non
972 1013 1230 1059 obliviscens
1251 1014 1297 1058 in
1313 1029 1441 1059 cruce
1455 1028 1680 1074 personam
1701 1028 1835 1068 suam,

454 1094 498 1129 et
516 1084 818 1129 demonstrans
835 1085 961 1129 nobis
978 1085 1232 1144 patientiam
1247 1100 1388 1139 suam,
1404 1093 1447 1128 et
1468 1082 1713 1143 exemplum
1736 1099 1835 1142 prae·

454 1156 561 1200 bens
599 1154 811 1214 diligendi
843 1155 1043 1199 inimicos
1080 1164 1249 1199 nostros
1268 1176 1278 1212 3
1303 1154 1456 1199 videns
1479 1170 1551 1199 eos
1588 1152 1834 1198 circumfre·
1879 1163 1888 1167 ”

458 1240 576 1269 mere
596 1260 606 1280 ,
640 1226 711 1285 qui
737 1234 918 1270 noverat
943 1225 1146 1270 morbum
1164 1225 1339 1270 illorum
1356 1260 1366 1280 ,
1391 1224 1495 1284 quia
1521 1225 1742 1278 medicus,
1768 1240 1828 1283 qu

457 1306 636 1341 noverat
659 1296 906 1355 phrenesim
929 1296 974 1339 in
991 1311 1077 1356 qua
1099 1305 1291 1339 mentem
1312 1294 1614 1355 perdiderant,
1637 1294 1833 1339 continu(

458 1367 513 1411 ad
530 1370 702 1410 Patrem
729 1386 737 1411 z
763 1386 782 1408 «
807 1370 955 1420 Pater,
981 1367 1156 1424 ignosce
1173 1365 1279 1420 illis,
1305 1366 1406 1424 quia
1430 1366 1630 1409 nesciunt
1654 1363 1761 1424 quid
1782 1362 1832 1407 fa·

461 1457 478 1477 »
515 1437 676 1481 ciunt¹.
704 1455 724 1477 n
751 1436 917 1480 Putatis
945 1445 1114 1489 autem,
1146 1436 1247 1494 quia
1275 1451 1364 1479 non
1391 1434 1455 1478 illi
1489 1434 1632 1479 Judaei
1666 1434 1832 1492 malign

458 1516 582 1551 erant
598 1543 609 1562 ,
638 1507 761 1562 saevi,
787 1507 984 1559 cruenti,
1010 1506 1284 1559 turbulenti,
1308 1507 1473 1550 inimici
1495 1506 1605 1550 Filio
1629 1506 1705 1550 Dei
1723 1507 1740 1549 P
1759 1508 1831 1549 Pu·

463 1578 556 1622 tatis
581 1578 683 1637 quia
700 1578 867 1621 vacavit
888 1592 971 1620 vox
992 1576 1082 1631 illa,
1109 1585 1152 1619 et
1172 1577 1311 1620 inanis
1330 1577 1414 1621 fuit
1434 1595 1443 1621 ε
1468 1580 1649 1631 «Pater,
1673 1576 1830 1635 ignosc«
1856 1602 1857 1610 κ

466 1668 484 1689 »
520 1646 629 1701 illis,
660 1648 762 1707 quia
795 1647 994 1691 nesciunt
1029 1645 1137 1706 quid
1164 1645 1362 1691 faciunt?
1398 1666 1418 1688 »
1451 1648 1611 1691 Omnes
1644 1646 1822 1691 videbat

462 1718 538 1763 sed
561 1734 659 1763 suos
686 1717 858 1762 futuros
888 1717 948 1761 ibi
981 1719 1284 1775 cognoscebat.
1311 1719 1509 1779 Denique
1537 1728 1734 1763 mortuus
1755 1727 1819 1762 est

465 1789 566 1848 quia
579 1789 638 1833 sic
661 1787 932 1847 expediebat,
948 1797 997 1832 ut
1020 1796 1159 1831 morte
1182 1803 1256 1831 sua
1277 1788 1494 1833 occideret
1512 1797 1712 1833 mortem.
1731 1790 1828 1832 Mor
1844 1780 1895 1830 ΓΙ

468 1869 568 1899 tuus
598 1868 661 1897 est
686 1862 818 1908 Deus,
858 1867 906 1897 ut
934 1858 1231 1912 compensatio
1266 1857 1388 1899 fieret
1410 1855 1593 1900 coelestis
1628 1856 1827 1916 cujusdar
1847 1849 1890 1905 §3³

470 1924 738 1969 mercimonii
756 1960 766 1979 ,
788 1940 843 1968 ne
863 1933 1047 1968 mortem
1070 1925 1238 1969 videret
1259 1927 1407 1970 homo.
1433 1930 1547 1970 Deus
1568 1928 1683 1971 enim
1706 1928 1827 1973 Chris
1848 1935 1860 1976 i
1879 1921 1898 1950 ³⁰

473 2005 556 2050 tus,
582 1995 657 2039 sed
673 2010 762 2039 non
779 1995 840 2038 ibi
858 2004 1055 2039 mortuus
1068 1995 1149 2038 ubi
1168 1998 1295 2039 Deus.
1314 1995 1433 2040 Idem
1454 1998 1570 2041 enim
1595 2001 1724 2053 Deus,
1741 1998 1825 2042 idel
1841 1984 1898 2041 ,33³³

476 2068 606 2111 homo
637 2085 645 2111 :
673 2082 786 2110 unus
820 2066 937 2109 enim
968 2066 1188 2120 Christus,
1228 2069 1340 2110 Deus
1373 2076 1415 2111 et
1443 2068 1590 2112 homo.
1618 2071 1761 2113 Homo
1792 2083 1825 2113 a}
1849 2010 1896 2115 l*Lt

476 2147 673 2198 sumptus
696 2146 759 2181 est
775 2172 787 2192 ,
811 2146 862 2181 ut
878 2136 923 2180 in
942 2135 1097 2181 melius
1118 2147 1412 2193 mutaremur,
1432 2155 1523 2184 non
1545 2142 1685 2184 Deum
1707 2139 1763 2184 ad
1779 2138 1825 2183 de
1851 2138 1860 2186 Ι
1881 2136 1898 2175 τ’[

476 2211 632 2255 teriora
652 2208 846 2252 detorsit.
867 2208 1109 2266 Assumpsit
1126 2209 1240 2252 enirn
1264 2208 1386 2269 quod
1409 2225 1498 2255 non
1515 2219 1622 2264 erat,
1648 2225 1737 2254 non
1754 2225 1820 2254 am

477 2283 531 2326 sit
552 2280 673 2341 quod
694 2289 800 2324 erat.
823 2281 936 2324 Cum
958 2294 1058 2337 ergo
1085 2283 1196 2324 Deus
1225 2290 1334 2324 esset
1355 2289 1397 2324 et
1425 2281 1557 2325 homo
1575 2316 1586 2335 ,
1611 2280 1760 2325 volens
1781 2296 1824 2324 n(
1840 2220 1898 2333 ld*

480 2353 626 2397 vivere
661 2351 715 2395 de
749 2366 827 2395 suo
845 2386 855 2405 ,
891 2359 1090 2395 mortuus
1117 2360 1180 2394 est
1207 2350 1262 2394 de
1298 2360 1461 2396 nostro.
1489 2351 1615 2395 Unde
1635 2351 1750 2395 enim
1770 2351 1822 2411 ips
1848 2344 1887 2387 ἐξ·

481 2433 722 2469 moreretur
753 2438 843 2467 non
876 2422 1067 2467 habebat
1093 2441 1102 2467 :
1127 2423 1200 2466 sed
1235 2438 1315 2467 nec
1347 2439 1426 2468 nos
1448 2422 1566 2467 unde
1600 2399 1894 2468 viveremuli<³³

481 2494 596 2547 Quid
618 2495 734 2538 enim
765 2493 839 2538 ille
860 2502 976 2549 erat,
1005 2494 1081 2552 qui
1110 2509 1198 2538 non
1232 2494 1423 2539 habebat
1450 2493 1568 2538 unde
1590 2456 1829 2569 moreretur!
1848 2507 1855 2535 τ
1872 2487 1897 2518 '3³

1887 2560 1898 2578 ἶ]

532 2585 540 2601 ¹
563 2581 639 2612 Luc.
660 2590 748 2620 xxm,
768 2578 820 2620 34,
1822 2602 1826 2661 ἰ
