1898 3178
390 154 444 192 56
814 169 845 194 s.
882 164 1113 194 Auens-nm
1143 165 1325 195 EPIScoPI

386 231 558 275 infirmo
581 232 702 274 fratri
729 250 737 275 ;
758 246 812 274 ne
832 232 945 275 forte
966 232 1276 290 purasjierbas
1291 230 1558 285 mandendo,
1577 240 1621 274 et
1643 246 1771 289 puras

386 316 518 360 aquas
545 301 737 345 bibendo
759 291 1063 345 conculcemus
1081 317 1239 362 pascua
1261 303 1338 346 Dei
1356 337 1366 357 ,
1400 311 1443 345 et
1463 317 1564 346 oves
1587 302 1772 345 infirmae

385 371 688 415 conculcatum
717 369 983 415 manducent
999 407 1010 427 ,
1041 381 1084 416 et
1117 372 1343 416 turbatum
1378 372 1548 416 bibant.
1581 360 1638 415 ‘Et
1671 387 1738 415 vae
1759 406 1770 427 ,

386 452 562 502 propter
574 443 705 486 istum
717 442 793 500 qui
811 441 914 486 dicit
927 461 935 486 :
955 462 971 483 «
987 445 1079 501 Ego
1086 442 1238 502 judico
1251 444 1366 486 inter
1380 458 1506 487 ovem
1519 452 1563 486 et
1575 444 1740 487 ovem1.
1750 459 1771 484 »

443 516 540 556 XV.
566 531 586 554 «
619 516 701 556 Pro
730 512 819 556 istis
841 513 934 557 haec
956 513 1062 559 dicit
1085 515 1294 558 Dominus
1314 516 1430 556 Deus
1451 512 1505 556 ad
1527 528 1599 557 eos
1628 532 1637 556 :
1658 514 1774 556 Ecce

319 593 332 602 ·
386 602 407 624 »
443 599 522 641 ego
545 584 698 643 judico
724 584 836 627 inter
873 599 999 628 ovem
1021 583 1180 629 fortem
1199 619 1209 639 ‚
1233 593 1275 628 et
1303 585 1416 627 inter
1439 597 1567 628 ovem
1585 582 1777 627 imbecil-

388 671 408 694 »
445 654 576 696 lam&
606 672 625 694 »
644 652 777 698 Aliud
809 653 974 713 aliquid
991 654 1122 699 dicat.
1150 657 1247 698 Jam
1266 654 1511 697 audivimus
1535 652 1590 696 de
1613 653 1678 696 his
1700 654 1776 712 qui

381 722 640 768 conculcant
661 725 833 779 herbas,
860 734 903 769 et
927 726 1186 784 perturbant
1209 739 1342 784 aquas
1368 742 1378 768 ε
1403 723 1635 768 audiamus
1651 723 1772 768 aliud

386 809 520 851 genus
540 793 658 849 mali,
678 802 720 837 et
740 809 948 853 magnum
972 810 1109 853 genus
1124 793 1241 838 mali.
1269 797 1422 838 Postea
1447 793 1502 838 de
1525 793 1655 838 hircis
1672 793 1776 837 nul-

386 863 472 907 lam
491 863 595 908 facit
612 865 878 908 mentionem
906 885 915 910 2
945 864 1078 909 semel
1095 864 1191 909 illos
1213 864 1472 919 nominavit,
1497 874 1547 908 ut
1570 864 1777 909 sciremus

387 949 490 979 esse.
524 938 619 994 Ipse
638 935 752 978 enim
770 934 867 979 illos
890 936 1001 979 bene
1026 936 1161 980 novit.
1187 938 1340 979 Postea
1363 936 1423 979 sic
1446 934 1665 994 loquitur,
1685 943 1777 978 tan-

387 1021 518 1064 quam
534 1021 684 1051 omnes
713 1022 812 1050 oves
831 1007 929 1050 sint.
958 1007 1104 1051 Primo
1122 1006 1346 1066 quomodo
1368 1007 1458 1065 ipse
1474 1005 1609 1061 videt,
1626 1015 1775 1065 postea

389 1091 490 1120 vero
513 1077 736 1134 quomodo
760 1092 837 1120 nos
856 1076 1055 1120 videmus
1073 1111 1083 1131 ,
1104 1077 1277 1121 locutus
1299 1086 1376 1120 est.
1401 1077 1518 1120 Hirci
1536 1076 1654 1119 enim
1676 1077 1778 1136 quia

388 1146 535 1188 insunt
551 1179 561 1198 ,
588 1154 630 1188 et
652 1146 755 1203 quia
777 1146 823 1187 in
844 1145 931 1187 fine
953 1145 1273 1203 separabuntur
1287 1181 1296 1196 ,
1338 1156 1490 1190 notum
1516 1145 1569 1188 sit
1592 1145 1746 1189 ovibus
1768 1165 1776 1190 ε

386 1215 519 1259 modo
541 1224 750 1274 tanquam
771 1215 884 1258 inter
899 1231 1023 1259 ovem
1047 1224 1090 1259 et
1111 1231 1236 1259 ovem
1254 1215 1467 1260 discerno.
1481 1218 1578 1260 Non
1602 1216 1681 1259 scit
1698 1216 1778 1259 nisi

387 1284 771 1344 praedestinatione
795 1293 838 1327 et
870 1284 1140 1343 praescientia
1163 1300 1263 1329 oves
1284 1295 1327 1329 et
1349 1286 1490 1330 hircos
1510 1320 1521 1339 ,
1546 1284 1621 1328 ille
1643 1284 1776 1340 solus,

387 1356 462 1414 qui
487 1354 789 1411 praedestinare
813 1355 954 1413 potuit
974 1390 983 1408 ,
1012 1356 1087 1414 qui
1112 1356 1321 1411 praescire.
1349 1355 1482 1399 Modo
1505 1355 1607 1415 quia
1629 1370 1780 1399 omnes

388 1426 469 1470 sub
492 1426 614 1484 signo
626 1425 787 1469 Christi
808 1434 925 1478 sunt,
942 1434 985 1469 et
1009 1440 1158 1470 omnes
1177 1425 1231 1468 ad
1256 1426 1432 1483 gratiam
1454 1425 1530 1469 Dei
1546 1424 1778 1481 accedunt,

389 1511 513 1539 ovem
533 1505 574 1539 te
596 1504 743 1554 putas,
770 1496 940 1539 hircum
963 1505 1005 1539 te
1023 1494 1135 1539 forte
1158 1499 1271 1539 Deus
1293 1496 1417 1539 novit
1441 1515 1449 1539 ε
1471 1495 1547 1540 sed
1570 1504 1782 1555 tanquam

390 1567 479 1610 ovis
501 1565 602 1609 audi
625 1563 745 1625 quod
767 1564 888 1609 audis
918 1585 926 1609 2
952 1583 971 1606 «
1003 1568 1115 1610 Ecce
1143 1580 1224 1623 ego
1243 1565 1394 1625 judico
1415 1565 1528 1609 inter
1550 1579 1676 1609 ovem
1693 1564 1784 1610 sor-

393 1655 412 1676 »
449 1646 534 1680 tem
553 1672 563 1689 ‚
590 1646 632 1679 et
653 1637 765 1679 inter
788 1651 914 1679 ovem
937 1635 1215 1680 imbecillam.
1245 1654 1266 1677 n

450 1708 568 1750 XVI.
598 1724 618 1747 «
644 1705 861 1758 Quoniam
884 1705 1093 1749 lateribus
1130 1715 1172 1749 et
1194 1706 1386 1749 humeris
1408 1705 1558 1750 vestris
1581 1704 1782 1765 impelle-

394 1796 413 1818 »
452 1778 561 1820 batis
578 1812 588 1831 ‚
615 1786 658 1819 et
677 1776 880 1820 cornibus
916 1777 1066 1820 vestris
1089 1776 1394 1836 percutiebatis
1410 1811 1421 1830 ‚
1446 1785 1489 1819 et
1511 1790 1641 1819 omne
1659 1777 1781 1836 quod

393 1865 413 1887 »
450 1847 681 1890 deficiebat
703 1846 1069 1904 comprimebatiS‚
1095 1846 1379 1906 quoadusque
1395 1845 1694 1905 dispergeretis
1711 1861 1781 1890 eas
1817 1876 1820 1878 v
1866 1870 1867 1874 =

394 1935 414 1957 »
450 1916 635 1961 forasss.»
658 1916 763 1968 Quis
785 1917 868 1961 hoc
886 1932 975 1961 non
991 1915 1240 1975 intelligat?
1261 1917 1358 1975 quis
1375 1932 1466 1960 non
1483 1917 1782 1961 exhorrescat?

394 1988 435 2031 Si
465 1985 598 2030 nullae
615 2001 714 2030 oves
734 1985 836 2030 foris
860 1995 977 2041 sunt,
999 2002 1088 2030 non
1106 1996 1168 2029 est
1189 1986 1370 2030 factum.
1397 1987 1438 2031 Si
1457 1996 1602 2031 autem
1625 1986 1782 2031 multas

393 2072 494 2101 oves
517 2056 628 2100 foras
643 2072 784 2100 errare
807 2055 1070 2115 plangimus,
1100 2072 1165 2101 vae
1186 2072 1375 2117 quorum
1398 2058 1588 2101 humeris
1606 2066 1650 2101 et
1670 2057 1782 2102 late-

394 2128 512 2171 ribus
530 2137 573 2171 et
590 2127 796 2172 cornibus
818 2126 984 2171 factum
1007 2137 1084 2172 est.
1111 2130 1208 2172 Non
1226 2129 1341 2171 enim
1364 2129 1456 2172 haec
1474 2127 1682 2184 facerent,
1703 2130 1781 2173 nisi

394 2197 525 2241 fortes
554 2212 669 2241 oves.
697 2202 802 2250 Quae
825 2207 925 2241 sunt
947 2198 1112 2242 fortes?
1137 2200 1198 2241 De
1221 2198 1306 2242 suis
1325 2198 1492 2242 viribus
1515 2214 1783 2257 praesumen-

396 2278 472 2312 tes.
498 2271 606 2321 Quae
623 2278 725 2312 sunt
747 2267 909 2312 fortes?
928 2271 987 2312 De
1006 2283 1083 2312 sua
1098 2269 1265 2328 justitia
1284 2267 1531 2327 gloriantes.
1557 2272 1653 2313 Non
1675 2269 1781 2313 divi-

394 2348 541 2382 serunt
569 2354 690 2394 oves,
721 2354 811 2383 non
845 2338 958 2383 foras
993 2340 1225 2394 miserunt,
1259 2340 1340 2383 nisi
1363 2340 1438 2400 qui
1469 2356 1512 2383 se
1530 2341 1670 2400 justos
1692 2355 1781 2384 esse
1817 2366 1820 2369 Δ

394 2409 627 2452 dixerunt:
667 2410 835 2453 humeri
871 2409 1053 2453 audaces
1086 2408 1142 2453 ad
1176 2408 1493 2468 impellendum
1513 2443 1524 2465 ‚
1567 2409 1668 2469 quia
1691 2423 1781 2453 non

446 2499 452 2513 ¹
472 2491 588 2524 Ezech.
612 2501 724 2533 mum,
747 2504 798 2535 17.
818 2510 859 2516 —-
877 2500 889 2517 ²
908 2493 988 2527 Ibid.
1009 2502 1061 2526 20.
1082 2506 1121 2517 -Α
1141 2491 1153 2516 3
1172 2493 1253 2525 Ibid.
1278 2503 1331 2526 21.
