1898 3178
421 225 503 265 498
859 231 892 259 5.
929 233 1160 260 Aucusnm
1193 232 1374 259 Episcorl

419 320 440 343 »
465 309 595 355 esset,
626 315 716 344 non
743 298 940 358 rapinam
964 298 1196 342 arbitratus
1218 306 1280 341 est
1308 311 1397 340 esse
1418 294 1597 355 aequalis
1618 297 1749 341 De01.
1778 313 1800 337 »

419 372 562 417 Habet
579 372 693 416 viam
719 389 728 414 ε
759 389 781 413 <2
800 369 998 414 Verbum
1021 384 1120 413 caro
1142 367 1307 413 factum
1329 377 1393 412 est
1414 386 1422 412 ε
1450 385 1471 408 »
1495 367 1630 411 habet
1649 367 1764 411 viam
1791 385 1801 411 :

421 462 441 485 «
467 442 757 502 Semetipsum
777 440 1036 497 exinanivit,
1070 439 1256 486 formam
1278 440 1388 484 servi
1411 439 1638 498 accipiens.
1661 456 1682 480 »
1707 441 1805 497 Ipse

416 522 479 558 est
500 513 639 573 patria
661 528 749 573 quo
771 512 883 556 imus
897 547 909 568 ‚
930 512 1021 571 ipse
1042 511 1112 557 via
1128 528 1215 572 qua
1236 512 1364 556 imus.
1391 514 1474 555 Per
1493 510 1636 570 ipsum
1662 509 1718 554 ad
1737 509 1807 568 ip-

415 597 512 628 sum
532 598 681 628 eamus
698 618 710 640 ,
735 592 778 628 et
799 598 891 628 non
913 582 1170 628 errabimus.

419 774 1800 795 mmmmmmmwmmmmmxmlmmmmmffl

869 929 1097 977 SERMO
1147 928 1301 975 XCIII
1321 933 1352 973 2.

421 1117 478 1159 De
514 1112 656 1159 verbis
688 1111 916 1170 Evangelii
946 1113 1105 1157 Matth.
1131 1130 1220 1157 xxv
1248 1130 1257 1156 ε
1291 1108 1459 1157 Simile
1497 1110 1584 1155 erit
1607 1125 1807 1172 regnum

686 1180 915 1227 coelorum
937 1180 1107 1227 decem
1128 1180 1416 1244 virginibus,
1442 1189 1530 1225 etc.

478 1357 513 1398 Ι.
540 1357 771 1398 HEsrmmo
804 1355 875 1396 die
896 1355 971 1413 qui
1006 1352 1215 1407 affuistis,
1255 1352 1582 1411 promissionem
1615 1361 1808 1397 nostram

416 1424 595 1479 tenetis,
633 1439 732 1483 quae
762 1423 894 1467 hodic
923 1438 1013 1468 non
1040 1421 1139 1467 solis
1165 1422 1311 1477 vobis,
1349 1423 1421 1466 sed
1452 1421 1652 1481 pluribus
1677 1423 1807 1467 etiam

415 1493 492 1553 qui
512 1501 839 1547 convenerunt,
864 1492 1051 1536 Domino
1069 1490 1304 1551 adjuvante
1321 1527 1330 1545 ,
1352 1490 1575 1536 reddenda
1595 1501 1672 1536 est.
1698 1495 1808 1546 Quae

418 1564 504 1607 sint
527 1562 678 1607 decem
701 1563 886 1620 virgines
906 1598 916 1617 ‚
953 1578 1139 1622 quarum
1169 1563 1254 1606 sint
1277 1563 1472 1622 quinque
1504 1563 1740 1622 prudentes
1764 1573 1808 1608 et

416 1634 610 1692 quinque
633 1632 802 1686 stultae,
827 1647 918 1676 non
931 1631 1056 1676 facile
1071 1632 1264 1691 indagari
1284 1635 1465 1692 potest3.
1493 1636 1807 1678 Verumtamen

415 1703 658 1749 secundum
681 1718 730 1747 ea
761 1719 860 1762 quae
892 1704 1090 1748 continet
1123 1704 1215 1763 ipsa
1246 1703 1402 1760 lectio,
1440 1720 1571 1765 quam
1596 1705 1807 1750 Charitati

415 1777 580 1819 Vestrae
596 1774 726 1818 etiam
748 1773 878 1818 hodie
892 1773 1013 1819 volui
1030 1774 1217 1829 recitari,
1238 1784 1455 1835 quantum
1471 1775 1579 1819 mihi
1596 1776 1806 1820 Dominus

415 1844 688 1888 intellectum
711 1843 874 1888 donare
898 1842 1121 1902 dignatur,
1146 1859 1238 1889 non
1261 1845 1368 1888 mihi
1390 1845 1564 1889 videtur
1584 1845 1663 1889 ista
1685 1861 1816 1905 para--

417 1913 520 1959 bola
536 1913 607 1957 vel
628 1913 866 1958 similitudo
885 1913 939 1957 ad
968 1929 1037 1957 eas
1061 1912 1171 1958 solas
1190 1915 1426 1974 pertinere,
1453 1931 1552 1975 quae
1569 1916 1742 1975 propria
1764 1920 1815 1964 eti

418 1983 711 2029 excellentiori
745 1984 971 2028 sanctitate
1004 1984 1191 2042 virgines
1220 1985 1265 2027 in
1292 1984 1483 2029 Ecclesia
1505 1983 1816 2047 nominantur-,¹>

417 2072 525 2116 quas
547 2055 675 2099 etiam
708 2054 932 2099 usitatiore
962 2054 1179 2098 vocabulo
1209 2053 1564 2112 Sanctimouiales
1589 2048 1816 2115 appellaret

418 2126 722 2172 consuevimus
747 2141 756 2166 t
778 2125 850 2169 sed
866 2159 876 2179 ,
903 2125 983 2167 nisi
1000 2122 1145 2178 fallor,
1170 2123 1265 2167 haec
1295 2123 1533 2169 similitudo
1554 2125 1608 2169 ad
1631 2115 1815 2171 univer-²2³³

419 2212 510 2242 sam
532 2194 771 2240 Ecclesiam
794 2194 996 2254 pertinet.
1022 2193 1226 2246 Quamvis
1248 2194 1326 2238 etsi
1347 2193 1439 2238 illas
1458 2195 1567 2240 solas
1588 2191 1811 2255 intellige-l

420 2283 590 2323 remus,
623 2282 722 2326 quae
756 2264 1111 2310 Sanctimoniales
1132 2274 1372 2320 vocantur,
1400 2265 1618 2327 numquid
1655 2263 1813 2337 deceni}-
1855 2287 1869 2312 ·„

421 2340 548 2384 sunt?
561 2338 700 2392 Absit,
715 2346 766 2381 ut
786 2345 903 2381 tanta
921 2335 1142 2394 virginum
1159 2335 1398 2380 multitudo
1414 2337 1469 2380 ad
1490 2346 1579 2381 tam
1600 2338 1758 2397 exiguu
1789 2350 1798 2388 j
1850 2371 1856 2378 .

422 2422 654 2452 numerum
676 2416 920 2452 revocetur.
953 2407 1084 2449 Forte
1107 2414 1255 2449 autem
1280 2404 1396 2450 dicat
1424 2406 1577 2466 aliquis
1600 2426 1608 2451 :
1633 2408 1751 2460 Quid

423 2479 573 2522 multae
589 2486 691 2522 sunt
705 2477 884 2521 nomine
899 2511 909 2530 ,
930 2485 973 2520 et
995 2484 1083 2520 tam
1103 2490 1253 2535 paucae
1275 2485 1375 2520 sunt
1394 2477 1438 2520 in
1454 2476 1650 2533 veritate,
1672 2487 1721 2522 ut
1736 2479 1805 2523 vii

470 2581 480 2593 ¹
509 2574 619 2616 Philip.
639 2585 674 2614 11,
694 2574 727 2605 (3.
749 2591 789 2595 —
811 2579 822 2596 ²
839 2573 923 2605 Alias
939 2572 979 2604 23
999 2572 1040 2604 de
1059 2571 1163 2604 veihis
1183 2572 1313 2604 Domini.
1332 2589 1367 2594 -
1396 2571 1408 2594 3
1428 2573 1539 2605 Matth.
1561 2583 1634 2614 xxv,
1651 2582 1684 2614 2,
1700 2573 1730 2605 3.
