1898 3178
291 237 430 264 SERMO
461 236 617 273 xcvul,
654 237 707 262 DE
741 235 884 264 vEuBis
916 238 1008 263 Luc.
1047 238 1122 263 vii.
1318 226 1396 263 531

36 301 216 346 suodam
246 302 377 346 modo
400 303 657 355 innuerent,
689 302 831 347 mirati
852 311 953 346 sunt
983 310 1148 345 tantum
1171 301 1270 360 quia
1292 300 1405 346 facta

59 380 152 415 nt:
173 371 245 415 alii
265 386 368 416 vero
386 381 429 415 et
445 370 556 416 facta
574 371 735 424 mirati,
755 381 798 416 et
821 371 1040 416 intellecta
1061 371 1256 416 assecuti.
1283 370 1405 416 Tales

40 442 103 489 ..fs
123 441 170 484 in
189 440 336 485 schola
353 441 511 486 Christi
533 455 622 485 esse
643 440 870 488 debemus.
896 442 980 494 Qui
1003 441 1118 485 enim
1139 440 1246 486 dicit
1267 441 1407 486 Chris-

0 508 4 551 ἱ
33 533 46 551 »ι
78 528 121 557 m
135 521 363 571 propterea
385 520 556 555 tantum
571 510 722 555 fecisse
745 512 953 557 miracula
967 546 978 566 ,
996 521 1047 556 ut
1061 527 1152 556 non
1168 521 1307 558 essent
1327 511 1409 555 nisi

0 595 4 616 ι
42 582 249 637 iii-acula,
267 591 409 642 potest
420 582 546 627 illum
563 581 706 626 dicere
721 582 850 626 etiam
866 583 1031 627 nescire
1047 582 1168 642 quod
1189 598 1279 627 non
1300 590 1410 626 esset

0 662 6 693 e
56 668 196 712 mpus
215 667 463 711 pomorum,
478 652 656 713 quando
676 652 783 696 ficus
804 653 1002 713 quaesivit
1019 653 1066 696 in
1087 654 1255 698 arbore.
1276 671 1297 695 «
1311 655 1411 698 Non

42 724 192 767 »enim
210 732 301 768 erat
321 723 436 768 illius
455 724 576 784 pomi
607 725 825 783 tempus¹,
849 742 869 766 »
894 724 1006 768 sicut
1029 723 1303 782 Evangelista
1328 732 1411 767 tes-

0 798 10 832 t
49 802 144 840 atur
185 812 194 838 ε
229 803 273 838 et
319 802 468 839 tamen
512 793 704 838 esuriens
747 808 876 854 poma
913 794 1113 853 quaesivit
1147 793 1193 838 in
1238 794 1408 838 arbore.

0 873 12 903 ω
43 870 60 905 b
96 864 223 908 ristus
244 864 489 919 nesciebat,
513 865 634 924 quod
657 864 841 910 rusticus
869 864 1062 908 sciebat?
1084 863 1210 917 Quod
1232 872 1413 909 noverat

0 944 8 973 1
34 934 193 979 rboris
216 934 374 990 cultor,
413 950 503 980 non
536 944 718 980 noverat
749 935 914 981 arboris
943 936 1136 980 creator?
1169 935 1282 979 Cum
1312 949 1415 992 ergo

0 1000 5 1044 ἵ
46 1005 219 1051 auriens
239 1020 368 1064 poma
390 1005 590 1065 quaesivit
618 1005 663 1050 in
687 1005 842 1051 arbore
860 1040 871 1061 ,
901 1005 1164 1064 significavit
1184 1020 1229 1049 se
1250 1003 1417 1065 aliquid

50 1077 189 1122 .urire
205 1112 216 1132 ,
249 1086 293 1121 et
314 1076 481 1137 aliquid
503 1076 621 1121 aliud
643 1092 839 1137 quaerere
858 1096 867 1122 ε
898 1086 942 1121 et
963 1077 1164 1121 arborem
1185 1075 1306 1120 illam
1327 1076 1418 1119 sine

101 1157 175 1192 ctu
192 1146 306 1192 foliis
327 1147 501 1206 plenam
526 1148 709 1207 reperit,
731 1157 773 1192 et
795 1146 1044 1202 maledixit,
1074 1156 1118 1191 et
1139 1148 1268 1190 aruit.
1299 1145 1418 1199 Quid

75 1218 154 1262 bor
187 1216 349 1262 fecerat
370 1218 563 1262 fructum
585 1233 673 1262 non
695 1216 953 1262 afferendo?
973 1220 1082 1271 Quas
1108 1217 1235 1276 culpa
1256 1216 1418 1261 arboris

42 1277 370 1333 ssfoecunditas?
405 1286 489 1332 Sed
518 1297 621 1332 sunt
642 1287 716 1347 qui
741 1287 936 1332 fructum
958 1286 1185 1332 voluntate
1206 1286 1310 1331 dare
1330 1302 1421 1331 non

0 1372 13 1397 ε
42 1335 49 1389 ³*
70 1367 225 1403 ssunt.
249 1357 430 1402 Illorum
454 1367 518 1402 est
540 1357 668 1417 culpa
689 1358 890 1402 sterilitas
906 1392 917 1413 ‚
945 1373 1135 1418 quorum
1154 1357 1419 1402 foecunditas

7 1510 12 1517 ’
164 1516 252 1544 non
274 1500 507 1554 habentes,
534 1499 653 1558 pleni
675 1498 790 1544 foliis
823 1508 866 1543 et
897 1498 1067 1544 fructus
1102 1515 1192 1544 non
1213 1499 1417 1543 ferentes.

0 1580 13 1610 ι’
62 1585 123 1616 oc
164 1569 276 1625 dixi,
323 1579 373 1614 ut
412 1569 720 1628 persuaderem
756 1569 992 1613 Dominum
1034 1579 1233 1614 nostrum
1271 1571 1421 1613 Jesum

0 1636 31 1678 θ’,
68 1641 250 1685 *ristum
266 1605 364 1684 ideo
383 1639 597 1685 miracula
624 1637 799 1693 secisse,
830 1647 881 1682 ut
903 1638 1070 1699 aliquid
1098 1639 1183 1683 illis
1204 1638 1420 1683 miraculis

58 1711 312 1766 nificaret,
337 1719 386 1754 ut
408 1719 588 1770 excepto
615 1724 666 1754 eo
683 1673 803 1769 quod
818 1709 926 1753 mira
950 1718 993 1753 et
1009 1724 1163 1767 magna
1178 1743 1190 1764 ‚
1211 1717 1254 1752 et
1270 1707 1418 1754 divina

20 1796 22 1806 ¹
78 1792 179 1838 ant,
205 1782 368 1842 aliquid
392 1781 494 1825 inde
516 1781 643 1825 etiam
666 1780 941 1824 disceremus.

0 1871 26 1890 ψ
53 1842 62 1895 ἶ
81 1855 165 1902 ·1V.
193 1852 427 1897 Videamus
464 1867 567 1911 ergo
589 1850 698 1911 quid
719 1866 797 1896 nos
832 1851 996 1896 discere
1027 1849 1168 1896 voluit
1201 1850 1246 1894 in
1281 1850 1420 1895 tribus

0 1937 35 1958 ι’
87 1922 235 1977 ruiis,
281 1937 390 1999 quos
428 1921 665 1966 suscitavit.
709 1921 995 1965 Resuscitavit
1031 1920 1163 1965 filiam
1202 1929 1420 1965 mortuam

23 2086 25 2100 ι
14 2061 292 2119 ritudine
311 2061 528 2106 liberaret.
566 2063 623 2105 Et
645 2075 746 2105 cum
768 2061 935 2119 pergit,
968 2069 1141 2105 mortua
1163 2060 1414 2118 nuntiatur·

41 2155 86 2186 *s
82 2132 226 2192 quasi
254 2132 343 2190 jam
374 2129 534 2174 frustra
566 2129 844 2189 fatigaretur,
878 2131 1177 2177 renuntiatum
1210 2139 1275 2174 est
1304 2095 1416 2189 patri

42 2231 45 2239 .
61 2198 66 2207 ’
100 2222 140 2247 a.
158 2200 343 2247 «Puella
359 2210 531 2246 mortua
544 2209 623 2255 est,
640 2200 748 2260 quid
762 2201 905 2246 adhuc
919 2199 1071 2260 fatigas
1083 2201 1409 2258 Magistrum2?»

133 2282 279 2318 autem
302 2271 509 2332 perrexit,
546 2280 589 2315 et
615 2272 674 2316 ait
694 2272 806 2331 patri
840 2270 999 2331 puellae
1023 2290 1032 2316 ε
1061 2290 1082 2313 «
1106 2271 1204 2317 Noli
1234 2271 1385 2315 timere
1400 2306 1411 2328 ‚

68 2373 87 2396 w
127 2342 390 2388 ntummodo
411 2342 555 2387 crede.
584 2359 605 2383 »
630 2342 760 2388 Venit
778 2341 833 2387 ad
855 2343 1052 2397 domum,
1077 2351 1121 2386 et
1142 2342 1307 2386 invenit
1323 2343 1415 2402 jam

94 2414 243 2475 equia
263 2412 408 2459 funeri
429 2412 574 2458 debita
594 2422 834 2472 praeparata
851 2448 861 2468 ‚
888 2423 931 2458 et
952 2413 1058 2457 dicit
1081 2412 1166 2456 illis
1191 2428 1200 2454 :
1231 2431 1250 2454 α
1272 2413 1415 2460 Nolite

0 2498 46 2553 gea
63 2538 68 2543 q
97 2489 189 2530 ere
214 2503 224 2531 ε
248 2501 338 2530 non
360 2485 475 2529 enim
498 2492 563 2529 est
582 2492 754 2529 mortua
775 2482 920 2544 puella
938 2517 949 2539 ‚
974 2483 1050 2528 sed
1080 2482 1257 2532 dormit.
1281 2500 1302 2525 »
1330 2485 1416 2529 Ve-

0 2579 7 2612 5
64 2574 83 2590 <⁷
104 2570 212 2603 Marc.
229 2580 272 2611 xi,
295 2568 346 2603 13.
361 2585 403 2594 -
422 2568 500 2601 21d.
523 2578 558 2607 v,
578 2567 632 2601 35.

1187 2620 1254 2661 34.
