1898 3178
432 234 514 271 322
862 241 897 269 s.
932 240 1164 269 Anonsrinr
1197 242 1377 270 muscorr

427 323 560 368 quem
580 307 846 368 pulsavimus
865 341 876 362 ‚
901 316 952 351 ut
976 307 1235 352 haberemus
1256 308 1376 352 unde
1392 316 1434 351 et
1456 322 1534 352 nos
1556 308 1806 353 meditando

427 378 642 423 aleremur
656 412 668 434 ‚
693 386 736 422 et
752 376 876 422 vobis
895 376 1119 437 loquendo
1139 377 1496 422 ministraremus.

431 547 1311 564 wmmwwmmmwm'mwwmwm
1315 548 1667 564 mmmssmm
1671 548 1810 563 WUWMW

864 677 1094 724 SERMO
1143 678 1315 724 LXXII
1337 681 1366 722 ¹.
1859 676 1864 720 ‚⁸

458 853 519 894 De
542 849 683 894 verbis
706 849 934 909 Evangelii
954 851 1112 895 Matth.
1134 869 1198 894 ΧΠ
1222 869 1231 895 z
1257 851 1359 894 Aut
1378 849 1536 911 facite
1560 847 1784 894 arborem

637 919 815 966 bonam
831 956 841 976 ‚
868 931 913 965 et
919 921 1147 983 fructum
1169 920 1271 983 ejas
1295 919 1491 977 bonam,
1518 929 1609 965 ete.

490 1093 526 1134 Ι.
553 1093 793 1136 ΑοΜοΝυΙΤ
815 1106 893 1137 nos
912 1092 1122 1136 Dominus
1142 1094 1267 1136 Jesus
1283 1092 1481 1136 Christus
1498 1126 1508 1147 ,
1534 1100 1583 1135 ut
1602 1091 1730 1136 bonae
1751 1106 1814 1135 ar-

431 1161 559 1205 bores
581 1162 730 1217 simus,
746 1171 790 1206 et
808 1161 978 1206 fructus
999 1163 1136 1207 bonos
1158 1163 1320 1206 habere
1342 1163 1570 1222 possimus.
1585 1162 1655 1207 Ait
1671 1163 1786 1206 enim
1804 1181 1814 1207 ε

435 1252 455 1275 «
490 1235 580 1277 Aut
613 1231 743 1278 facite
778 1233 978 1278 arborem
1001 1234 1159 1279 bonam
1179 1269 1189 1289 a
1217 1242 1261 1277 et
1282 1232 1474 1278 fructum
1506 1234 1597 1292 ejus
1617 1233 1814 1291 bonum3
1858 1287 1861 1290 ‚

436 1322 455 1344 n
492 1312 568 1348 aut
588 1302 719 1349 facite
741 1304 942 1348 arborem
962 1304 1138 1357 malam,
1159 1313 1203 1348 et
1221 1302 1411 1348 fructum
1438 1305 1530 1364 ejus
1550 1303 1730 1348 malum.
1756 1306 1820 1347 De
1858 1323 1861 1360 ς

437 1393 457 1416 »
492 1374 644 1418 fructu
679 1374 795 1418 enim
821 1375 952 1418 arbor
985 1375 1308 1433 cognoscitur2.
1340 1391 1358 1415 »
1389 1374 1474 1418 Ubi
1506 1375 1563 1418 ait
1593 1393 1602 1418 2
1631 1374 1819 1418 «Facite
1860 1399 1885 1418 =.

435 1463 456 1485 »
492 1445 691 1488 arborem
710 1445 888 1500 bonam,
910 1453 954 1489 et
971 1443 1161 1488 fructum
1188 1446 1279 1504 ejus
1294 1444 1463 1488 bonum
1480 1479 1491 1499 ‚
1517 1462 1537 1486 »
1559 1445 1644 1489 hoc
1667 1445 1820 1504 utique

432 1530 521 1559 non
544 1524 609 1558 est
630 1513 886 1570 admonitio,
913 1513 988 1558 sed
1009 1523 1279 1574 praeceptum
1301 1514 1476 1558 salubre
1490 1549 1500 1569 ‚
1525 1515 1596 1559 cui
1614 1514 1820 1559 obedien-

433 1584 494 1629 tia
525 1587 762 1629 necessaria
790 1594 868 1628 est.
909 1584 1039 1638 Quod
1074 1593 1219 1628 autem
1243 1584 1376 1628 dicit:
1407 1604 1426 1626 «
1452 1586 1600 1629 Facite
1620 1585 1820 1630 arborem

436 1674 454 1696 η
490 1655 666 1711 malam,
684 1665 728 1700 et
749 1654 943 1699 fructum
967 1656 1058 1715 ejus
1079 1655 1243 1700 malum
1259 1691 1272 1711 ‚
1294 1675 1313 1696 »
1334 1671 1423 1700 non
1442 1665 1711 1716 praeceptum
1736 1666 1815 1712 est,

435 1735 486 1771 ut
501 1724 632 1771 facias
649 1747 661 1783 3
680 1726 756 1770 sed
777 1726 959 1770 monitio
976 1760 986 1779 ‚
1011 1734 1062 1769 ut
1083 1741 1248 1770 caveas.
1276 1728 1439 1770 Contra
1455 1727 1534 1771 hos
1550 1727 1664 1770 enim
1682 1726 1817 1782 dixit,
1852 1766 1853 1784 ἶ

435 1797 513 1857 qui
534 1797 750 1856 putabant
769 1812 837 1851 se,
863 1804 963 1840 cum
985 1795 1086 1839 mali
1099 1805 1239 1840 essent
1256 1831 1267 1851 ,
1291 1795 1413 1856 loqui
1435 1797 1550 1842 bona
1573 1813 1696 1856 posse
1715 1832 1726 1852 ‚
1751 1796 1821 1842 vel

437 1869 552 1912 bona
575 1882 706 1926 opera
738 1867 912 1910 habere.
941 1868 1033 1910 Hoc
1062 1867 1271 1910 Dominus
1292 1869 1414 1911 Jesus
1444 1868 1549 1912 dicit
1566 1883 1655 1912 non
1678 1883 1815 1927 posse.

438 1939 560 1983 Prius
582 1946 647 1981 est
680 1937 798 1980 enim
826 1934 1063 1980 mutandus
1085 1936 1240 1991 homo,
1272 1946 1321 1980 ut
1350 1952 1478 1996 opera
1502 1947 1743 1982 mutentur.
1778 1938 1821 1983 Si
1850 1958 1851 1961 ¹

438 2010 553 2054 enim
574 2017 722 2053 manet
742 2007 905 2051 homo
894 2023 940 2050 m
962 2022 1013 2051 eo
1043 2007 1163 2084 quod
1184 2007 1322 2051 malus
1340 2017 1431 2062 est,
1453 2009 1566 2053 bona
1590 2024 1720 2068 opera
1740 2010 1820 2053 ha-

440 2167 570 2212 opera
590 2149 753 2194 habere
776 2164 865 2193 non
835 2113 1039 2207 ‘potest

514 2225 572 2266 ΙΙ.
604 2220 710 2274 Quis
735 2228 881 2263 autem
915 2234 939 2262 a
968 2218 1153 2262 Domino
1184 2219 1326 2263 bonus
1355 2219 1557 2264 inventus
1591 2229 1682 2275 est,
1720 2236 1849 2265 cum.¹
1888 2254 1892 2257 -

442 2294 638 2339 Christus
661 2306 741 2351 pro
762 2290 905 2350 impiis
926 2298 1124 2334 mortuus
1148 2290 1248 2334 sit3.
1240 2293 1258 2325 ἱ)
1278 2293 1438 2335 Omnes
1469 2306 1573 2351 eigo
1595 2291 1727 2336 malas
1754 2307 1823 2336 ar-

445 2365 568 2408 bores
599 2362 787 2417 invenit,
811 2361 887 2405 sed
908 2359 1030 2404 dedit
1053 2369 1311 2419 potestatem
1333 2362 1443 2406 filios
1479 2363 1556 2407 Dei
1587 2363 1700 2417 fieri,
1725 2378 1822 2407 cre-
1848 2387 1850 2390 -
1876 2392 1893 2420 „s

445 2434 648 2479 dentibus
680 2434 726 2477 in
763 2432 939 2478 nomine
971 2433 1102 2491 ejus4.
1135 2433 1338 2493 Quisquis
1371 2433 1503 2490 igitur
1538 2434 1671 2478 homo
1692 2434 1822 2478 hodie
1848 2430 1898 2497 ‘jn

506 2537 514 2552 ¹
536 2530 619 2561 Alias
652 2538 690 2561 12
716 2530 756 2561 de
773 2528 881 2560 verbis
911 2526 1044 2559 Domini.
1064 2534 1135 2550 —2
1167 2529 1281 2560 Matth.
1314 2529 1440 2570 x11‚33.
1466 2546 1505 2552 -
1532 2527 1545 2552 3
1564 2532 1653 2562 Rom.
1674 2541 1707 2571 v,
1726 2530 1758 2561 6.
1781 2546 1822 2553 —-·

447 2586 566 2618 Ηοᾱη.
587 2598 611 2626 ι,
632 2595 684 2617 12.

1852 2880 1862 2959 ,ιι-
