1898 3178
314 206 452 235 SERMO
484 206 632 245 LxxiX,
668 208 721 233 DE
757 205 899 233 vensis
932 205 1097 232 Mar-rii.
1137 205 1243 231 xvn.
1380 190 1459 228 367

86 272 329 331 Prophetae,
374 281 424 316 ut
455 272 642 316 breviter
678 271 923 331 loquamur.
967 273 1077 315 Sunt
1115 268 1229 313 enirn
1260 266 1471 311 beneficia

84 342 161 386 Dei
196 358 272 401 per
299 345 537 400 Martyrem
558 350 754 385 sanctum
771 377 782 396 ,
807 357 905 401 quae
928 340 1278 385 recitabuntur1.
1306 336 1471 381 Audia-

83 427 195 456 mus.
223 412 390 456 Placuit
423 415 553 456 Petro
576 412 656 455 tria
693 412 787 455 fieri
810 410 1088 455 tabernacula
1106 445 1117 466 ,
1142 408 1285 466 Moysi
1315 422 1470 461 unum,

83 481 192 526 Eliae
214 498 353 527 unum
369 518 380 537 ,
405 491 448 526 et
467 482 639 527 Christo
658 497 812 526 unum.
832 482 1085 526 Delectabat
1102 496 1202 525 eum
1222 478 1380 523 montis
1403 493 1472 522 so-

82 551 225 598 litudo
248 572 256 597 z
278 553 458 597 taedium
476 553 726 612 patiebatur
743 568 766 596 a
788 551 983 596 tumultu
1000 567 1147 596 rerum
1164 552 1471 595 humanarum.

87 623 172 668 Sed
192 624 270 668 tria
291 624 573 668 tabernacula
594 639 728 684 quare
758 623 982 683 quaerebat
999 658 1009 678 ,
1035 622 1116 666 nisi
1138 622 1239 682 quia
1263 620 1474 665 unitatem

85 695 208 753 Legis
222 730 233 750 ,
256 696 498 754 Prophetiae
517 704 561 740 et
582 694 807 752 Evangelii
825 694 1023 739 nondum
1041 693 1260 738 sciehat1?
1280 691 1476 750 Denique

84 765 202 809 nube
234 766 489 810 emendatus
521 774 599 810 est.
645 784 664 807 «
690 768 794 810 Haec
823 780 874 809 eo
907 764 1141 825 lequente,
1177 764 1341 823 inquit,
1377 776 1476 806 ecce

87 855 108 878 »
143 837 281 881 nubes
302 836 449 881 lucida
482 837 764 882 obumbravit
795 852 880 881 eos.
923 855 943 877 »
970 839 1083 880 Ecce
1102 851 1242 879 unum
1277 834 1479 878 taberna-

85 906 232 952 culum
252 908 392 952 nubes
414 907 519 952 feeit
546 928 554 953 :
579 917 628 952 tu
658 908 739 951 tria
760 923 894 968 quare
918 906 1176 967 quaerebas?
1198 924 1217 946 «
1242 908 1298 949 Et
1319 920 1401 949 vox
1423 902 1477 946 de

88 996 109 1021 »
144 978 261 1023 nube
283 997 293 1023 ε
321 979 403 1023 Hic
430 988 494 1024 est
516 979 650 1028 Filius
671 994 793 1023 meus
814 978 1020 1034 dilectus,
1046 978 1091 1022 in
1113 993 1202 1038 quo
1229 977 1337 1020 mihi
1355 990 1478 1020 com-

89 1067 110 1091 »
145 1049 306 1110 placui,
325 1051 443 1095 hunc
459 1050 640 1095 audite2.
666 1070 685 1092 »
705 1051 919 1112 Loquitur
933 1050 1047 1095 Elias
1065 1069 1074 1095 :
1096 1050 1187 1104 sed,
1209 1069 1229 1090 «
1251 1050 1379 1092 Hunc
1400 1062 1479 1097 au-

88 1139 109 1162 »
144 1119 249 1165 dite.
278 1140 298 1163 »
338 1123 552 1182 Loquitur
584 1125 757 1180 Moyses
785 1142 794 1167 :
819 1122 917 1177 sed,
943 1141 963 1164 «
989 1124 1118 1166 Hunc
1151 1119 1313 1164 audite.
1343 1138 1362 1160 »
1390 1122 1477 1163 Lo-

86 1201 285 1252 quuntur
301 1194 556 1253 Prophetae,
573 1193 768 1254 loquitur
784 1196 871 1237 Lex
897 1212 905 1238 ε
931 1192 1022 1248 sed,
1052 1211 1072 1233 «
1094 1194 1223 1236 Hune
1251 1190 1398 1234 audite
1414 1224 1426 1245 ‚
1454 1208 1474 1230 »

86 1278 237 1308 vocem
268 1265 420 1324 Legis,
459 1274 504 1309 et
530 1265 725 1324 linguam
750 1266 1084 1324 Prophetarum,
1107 1266 1204 1323 Ipse
1225 1263 1271 1306 in
1293 1261 1376 1306 illis
1409 1276 1480 1305 so-

88 1334 201 1388 nuit,
221 1335 312 1393 ipse
333 1336 378 1379 in
396 1351 439 1379 se
461 1336 555 1395 ipso
575 1336 753 1397 quando
772 1345 836 1380 est
852 1335 1053 1394 dignatus
1072 1335 1288 1394 apparuit.
1312 1353 1332 1375 «
1350 1335 1481 1376 Hunc

90 1422 110 1446 »
146 1404 294 1448 audite
315 1424 323 1448 :
353 1424 372 1446 »
398 1406 518 1450 huno
541 1406 782 1450 audiamus.
810 1406 997 1459 Quando
1015 1403 1303 1463 Evangelium
1324 1403 1482 1463 loque-

89 1475 244 1530 batur,
274 1484 426 1535 putate
461 1476 563 1536 quia
585 1476 724 1520 nubes
759 1485 851 1520 erat
878 1495 886 1520 :
912 1475 1013 1519 inde
1049 1475 1175 1520 nobis
1196 1490 1279 1519 vox
1313 1473 1478 1518 sonuit.

91 1546 219 1589 Hunc
252 1545 478 1590 audiamus
512 1565 521 1591 :
556 1545 677 1607 quod
714 1545 820 1591 dicit
854 1544 1087 1601 faciamus,
1124 1543 1244 1605 quod
1283 1542 1483 1603 promisit

91 1631 328 1676 speremus.

141 1731 149 1747 ¹
171 1724 247 1757 Vide
270 1724 351 1757 infra
364 1726 532 1758 Sermones
553 1724 593 1756 de
610 1726 642 1757 S.
669 1723 844 1767 Stephano.
869 1741 911 1747 —
935 1729 947 1746 ²
971 1723 1080 1756 Matth
1113 1722 1239 1764 xv11,5.
