1898 3178
351 181 403 221 14
777 189 812 220 s.
847 189 1077 221 Aut-‚usum
1107 192 1289 221 Enscom

348 260 538 318 pientem
562 266 606 302 et
622 258 868 302 hortantem
885 292 896 313 ,
918 267 1152 303 terrentem
1170 267 1214 303 et
1234 257 1546 314 consolantem,
1568 272 1724 318 percu-

347 329 526 373 tientem
549 337 592 372 et
612 336 851 372 sanantem.
1546 365 1550 367 ,

405 400 532 443 ΧΙΙΙ.
547 416 568 440 «
587 397 716 451 Quod
733 398 954 443 infirmum
975 407 1055 444 est.
1078 399 1240 460 inquit,
1263 414 1354 444 non
1371 397 1645 444 confortastis
1659 401 1722 443 ¹.»

349 468 598 514 Pastoribus
624 469 745 513 malis
778 469 882 514 dicit
897 504 910 526 ,
939 470 1183 530 pastoribus
1210 468 1349 526 falsis,
1380 470 1626 530 pastoribus
1650 481 1727 515 sua

347 539 642 600 quaerentibus
658 574 670 595 ,
701 555 791 585 non
812 556 913 600 quae
938 543 1042 586 Jesu
1063 542 1252 598 Christi,
1277 557 1331 586 ex
1352 541 1585 587 commodo
1605 540 1727 586 laetis

349 620 392 655 et
424 611 537 656 lanae
570 610 860 669 gaudentibus
876 646 888 666 ,
925 627 1027 657 oves
1066 613 1246 658 omnino
1267 628 1357 657 non
1379 612 1635 657 curantibus
1650 646 1662 668 ,
1686 619 1731 656 et

349 681 469 741 quod
489 681 603 726 male
623 682 779 727 habuit
798 697 889 728 non
914 684 1309 729 corroborantibus.
1337 686 1455 728 Inter
1481 683 1727 736 infirmum,

349 751 394 795 id
415 760 479 796 est
494 786 506 807 ,
537 766 629 797 non
650 752 825 796 firmum
847 771 857 798 ε
886 768 988 797 nam
1011 752 1220 798 dicuntur
1241 752 1404 797 infirmi
1435 752 1566 797 etiam
1592 765 1731 810 aegro-

349 830 489 867 tantes
514 841 523 868 2
547 823 623 868 sed
644 824 757 868 inter
777 824 1000 868 infirmum
1017 833 1060 868 et
1082 833 1294 883 aegrotum
1311 859 1321 879 ,
1343 823 1390 867 id
1411 832 1500 879 est,
1524 821 1638 867 male
1654 823 1734 866 ha-

348 891 528 937 bentem
545 927 557 948 ,
580 893 665 938 hoe
686 893 794 937 mihi
813 892 987 938 videtur
1001 894 1220 940 interesse.
1245 894 1421 939 Etenim
1438 895 1539 949 ista,
1559 892 1729 947 fratres,

348 977 449 1022 quae
472 962 738 1022 distinguere
758 972 999 1024 utcumque
1026 980 1259 1020 conamur,
1286 963 1397 1010 forte
1416 973 1460 1009 et
1476 979 1555 1009 nos
1575 978 1733 1023 possu-

347 1047 445 1078 mus
466 1035 630 1094 majore
650 1034 876 1094 diligentia
891 1035 1047 1079 melius
1065 1035 1345 1094 distinguere,
1363 1044 1406 1080 et
1428 1035 1537 1080 alius
1553 1033 1735 1095 peritior

348 1102 418 1147 vel
438 1103 607 1147 lumine
624 1104 763 1148 cordis
784 1104 953 1162 plenior
974 1123 983 1148 :
1007 1105 1182 1148 interim
1202 1120 1258 1149 ne
1284 1105 1547 1149 fraudemini
1562 1139 1574 1159 ,
1594 1118 1738 1164 quan-

348 1180 443 1216 tum
464 1171 521 1216 ad
541 1172 675 1216 verba
696 1172 851 1216 attinet
873 1173 1127 1233 Scripturae,
1150 1174 1271 1234 quod
1297 1175 1436 1219 sentio
1465 1174 1638 1234 loquor.
1661 1176 1739 1217 In-

349 1242 475 1286 firmo
495 1256 550 1286 ne
573 1241 741 1286 accidat
760 1242 960 1297 tentatio,
985 1252 1028 1287 et
1044 1258 1144 1287 eum
1162 1243 1351 1302 frangat,
1376 1242 1621 1288 timendum
1642 1251 1706 1287 est
1724 1261 1734 1287 z

348 1310 560 1370 languens
581 1320 726 1356 autem
743 1313 836 1372 jam
860 1312 1100 1371 cupiditate
1130 1312 1275 1372 aliqua
1305 1321 1507 1372 aegrotat,
1540 1322 1584 1358 et
1612 1313 1735 1372 cupi-

351 1382 486 1426 ditate
527 1381 674 1442 aliqua
710 1382 948 1442 impeditur
993 1382 1048 1426 ab
1098 1383 1300 1427 intranda
1341 1383 1410 1427 via
1447 1383 1552 1438 Dei,
1598 1399 1622 1427 a
1663 1398 1738 1427 su-

351 1451 528 1498 beundo
555 1454 662 1513 jugo
693 1453 868 1498 Christi.
914 1452 1140 1497 Attendite
1170 1452 1267 1498 illos
1314 1453 1512 1498 homines
1539 1453 1738 1499 volentes

351 1522 463 1567 bene
490 1522 661 1578 vivere,
691 1523 782 1583 jam
810 1531 1046 1567 statuentes
1078 1523 1192 1568 bene
1219 1523 1387 1578 vivere,
1412 1532 1455 1568 et
1477 1523 1621 1568 minus
1641 1522 1737 1568 ido-

352 1607 455 1637 neos
481 1592 596 1638 mala
616 1593 735 1652 pati,
766 1593 876 1638 sicut
907 1593 1043 1652 parati
1073 1601 1175 1637 sunt
1204 1593 1321 1638 bona
1351 1592 1507 1638 facere.
1541 1594 1737 1638 Pertinet

352 1671 499 1706 autem
539 1663 596 1707 ad
628 1664 905 1707 christianam
946 1663 1222 1718 firmitatem,
1262 1678 1353 1708 non
1386 1663 1531 1708 solum
1564 1663 1735 1723 operari

352 1748 452 1791 quae
478 1733 596 1778 bona
638 1742 768 1789 sunt,
806 1732 882 1778 sed
919 1742 963 1777 et
994 1733 1179 1778 tolerare
1212 1750 1313 1794 quae
1346 1733 1460 1779 mala
1489 1743 1606 1779 sunt.
1646 1734 1734 1787 Qui

351 1817 456 1862 ergo
499 1803 705 1848 videntur
747 1802 915 1848 fervere
952 1805 998 1848 in
1039 1805 1244 1863 operibus
1278 1804 1404 1849 bonis
1428 1839 1439 1859 ,
1478 1803 1553 1848 sed
1584 1804 1733 1848 immi-

351 1882 506 1918 nentes
532 1874 750 1934 passiones
779 1873 963 1919 tolerare
999 1874 1143 1929 nolle,
1186 1884 1262 1918 aut
1290 1890 1379 1919 non
1407 1889 1530 1934 posse
1554 1910 1564 1930 ,
1610 1876 1736 1919 infir-

353 1943 413 1986 mi
461 1952 578 1988 sunt.
615 1945 700 1998 Qui
742 1960 846 1989 vero
889 1944 1035 2003 aliqua
1079 1943 1318 2003 cupiditate
1365 1944 1478 1988 mala
1524 1953 1736 1989 amatores
1762 1943 1766 1945 ’

354 2013 509 2057 mundi
538 2014 594 2058 ab
628 2014 728 2073 ipsis
755 2013 881 2058 bonis
912 2013 1117 2072 operibus
1143 2022 1426 2068 revocantur,
1463 2013 1658 2072 languidi
1694 2022 1738 2058 et

356 2084 508 2141 aegroti
525 2084 703 2143 jacent:
732 2085 896 2144 quippe
928 2084 1005 2144 qui
1035 2084 1129 2141 ipso
1155 2084 1385 2141 languore,
1415 2092 1623 2143 tanquam
1645 2084 1738 2128 sine

358 2152 456 2196 ullis
483 2155 672 2205 viribus,
701 2155 809 2196 nihil
833 2152 938 2196 boni
962 2161 1143 2211 possunt
1167 2153 1349 2212 operari.
1386 2152 1498 2197 Talis
1531 2154 1576 2197 in
1595 2154 1738 2198 anima

359 2221 622 2280 paralyticus
639 2221 711 2266 ille
735 2222 818 2266 suit
833 2255 845 2276 ,
868 2236 998 2281 quem
1018 2237 1118 2266 cum
1143 2222 1197 2266 ad
1221 2223 1452 2266 Dominum
1472 2222 1631 2267 inferre
1648 2238 1738 2267 non

358 2302 559 2350 possent,
584 2294 661 2353 qui
679 2308 778 2337 eum
801 2293 1036 2352 portabant
1052 2327 1063 2346 ,
1084 2301 1248 2336 tectum
1275 2303 1540 2352 aperuerunt
1556 2328 1567 2348 ,
1593 2303 1635 2337 et
1657 2293 1737 2336 de-

360 2367 629 2420 posuerunt‘2
651 2383 659 2408 :
677 2363 722 2407 id
740 2372 817 2418 est,
837 2371 1046 2421 tanquam
1064 2362 1096 2406 si
1112 2362 1156 2406 in
1179 2363 1319 2406 anima
1341 2363 1425 2408 hoc
1447 2363 1552 2407 velis
1573 2362 1732 2418 facere,

408 2461 418 2479 ¹
439 2457 552 2490 Ezech.
574 2468 682 2499 xxxiv,
699 2457 730 2499 4.
749 2474 787 2484 -—
809 2464 821 2480 ²
846 2458 948 2489 Marc.
971 2468 1006 2496 ιι,
1026 2456 1056 2488 3.
