1898 3178
233 243 371 272 sumto
403 247 518 282 LVII,
555 246 599 272 IN
631 242 795 271 ΜΑΤΤΗ.
833 246 902 282 vl,
937 245 991 271 ne
1023 242 1149 270 ουτ.
1184 245 1290 270 nou.
1360 234 1439 271 197

4 348 7 353 .
67 320 110 356 et
134 320 275 355 tamen
296 309 473 354 dimittit
504 309 580 368 qui
601 308 709 352 nihil
731 309 877 353 debet.
903 308 1133 363 Quomodo
1149 307 1441 354 debetdimit-

0 383 8 417 ,¹
65 391 156 428 tere
171 417 181 436 ,
201 382 273 426 cui
294 380 528 424 dimittitur
543 415 553 435 ,
579 379 756 439 quando
779 379 851 424 ille
871 381 1015 424 omnia
1037 379 1217 425 dimittit
1231 415 1242 435 ,
1267 381 1442 441 quinon

0 455 2 494 ζ
22 494 25 498 ,
65 451 196 497 debet
210 450 329 511 quod
345 450 384 494 ei
396 450 668 494 dimittatur?

125 525 203 567 IX.
243 524 346 568 «Ne
370 537 448 566 nos
469 521 626 566 inferas
648 521 694 565 in
717 521 1025 576 tentationem,
1055 522 1131 566 sed
1156 522 1294 567 libera
1326 537 1404 567 nos
1422 537 1445 566 a

0 632 5 635 ,
67 609 90 635 »
123 592 238 637 malo
256 594 288 637 1.
310 608 330 633 »
353 591 578 652 Numquid
599 600 641 636 et
656 592 741 636 hoc
761 592 1048 636 necessarium
1070 593 1150 636 erit
1170 593 1215 637 in
1232 592 1306 637 illa
1325 593 1447 637 vita?

0 703 2 706 ,
64 664 163 709 Non
191 662 375 707 dicitur:
405 665 504 709 «Ne
528 678 606 707 nos
626 661 784 706 inseras
810 662 856 705 in
884 662 1166 707 tentationem
1183 697 1194 717 ,
1214 681 1234 704 »
1258 663 1340 707 nisi
1367 662 1447 707 ubi

0 750 7 767 ἰ
64 742 209 793 potest
230 748 319 777 esse
341 734 537 778 tentatio.
564 736 617 777 In
644 732 781 778 sancti
794 732 879 777 Job
899 731 1012 777 libro
1033 732 1214 791 legimus
1234 752 1242 777 ς
1267 752 1287 776 «
1304 735 1445 779 Num-

0 822 7 849 :
67 821 89 845 »
123 803 231 863 quid
249 819 337 848 non
354 804 536 848 tentatio
555 813 619 848 est
632 803 718 848 vita
729 804 921 848 humana
935 818 1064 862 super
1077 805 1286 848 terram29
1299 822 1317 844 »
1331 802 1447 856 Quid

0 874 17 902 „·
65 888 167 932 ergo
203 875 435 931 rogamus?
468 873 606 928 Quid,
641 873 804 918 audite.
834 873 1068 933 Apostolus
1100 875 1125 917 J
1129 873 1287 917 acobus
1316 873 1418 918 dicit
1436 892 1444 917 ε

4 942 18 980 -ἕ
68 962 89 986 «
122 946 259 989 Nemo
279 958 377 987 cum
398 953 592 988 tentatur
611 943 726 988 dicat
743 943 864 1003 quod
881 959 902 987 a
922 946 1010 988 Deo
1025 951 1218 987 tentatur
1236 945 1267 986 3.
1291 962 1310 984 »
1335 946 1448 987 Ten-

64 1015 273 1059 tationem
303 1015 427 1059 istam
455 1015 613 1059 malam
642 1014 773 1069 dixit,
799 1030 886 1074 qua
918 1014 1102 1074 quisque
1129 1013 1370 1073 decipitur,
1407 1022 1451 1057 et

28 1111 29 1116 =
63 1084 239 1130 diabolo
272 1085 553 1145 subjugatur,
586 1085 724 1144 ipsam
753 1084 863 1128 dixit
892 1084 1193 1129 tentationem.
1229 1086 1304 1128 Est
1333 1084 1449 1127 enim

1 1199 6 1204 ,
62 1155 145 1199 alia
166 1155 370 1209 tentatio,
397 1170 496 1214 quae
518 1153 761 1214 appellatur
777 1155 1000 1213 probatio:
1026 1153 1080 1198 de
1101 1155 1192 1213 ipsa
1214 1154 1451 1199 tentatione

0 1245 11 1273 .-
61 1226 268 1284 scriptum
292 1234 354 1269 est
375 1244 383 1270 :
409 1245 429 1267 «
447 1229 601 1270 Tentat
622 1240 697 1269 vos
718 1225 928 1269 Dominus
949 1228 1063 1269 Deus
1084 1234 1225 1269 vester
1241 1259 1253 1280 ,
1277 1234 1327 1269 ut
1346 1226 1453 1269 sciat

65 1313 87 1337 »
109 1296 143 1340 si
165 1295 341 1354 diligitis
358 1297 530 1339 eum4.»
552 1296 666 1348 Quid
689 1305 768 1350 est,
790 1304 840 1339 ut
854 1295 987 1339 sciat?
1005 1298 1062 1339 Ut
1079 1295 1186 1340 scire
1202 1311 1277 1341 vos
1291 1295 1422 1340 faciat
1440 1315 1448 1341 :

0 1388 9 1414 ς
63 1381 164 1410 nam
185 1367 274 1425 ipse
289 1366 422 1410 novit.
444 1368 496 1409 In
510 1364 584 1409 illa
604 1366 844 1410 tentatione
862 1380 948 1424 qua
965 1365 1150 1425 quisque
1172 1364 1388 1424 decipitur
1409 1375 1453 1410 et

59 1435 281 1480 seducitur
297 1471 308 1491 ,
334 1436 555 1480 neminem
590 1444 731 1480 tentat
753 1438 896 1479 Deus:
922 1435 998 1479 sed
1019 1435 1150 1494 plane
1176 1435 1342 1495 judicio
1373 1451 1453 1480 suo

0 1553 8 1556 ,
60 1506 148 1552 alto
170 1515 212 1550 et
235 1505 409 1550 occulto
435 1505 649 1565 quosdam
667 1505 841 1549 deserit.
865 1506 979 1550 Cum
1006 1504 1080 1548 ille
1097 1503 1357 1559 deseruerit,
1382 1506 1451 1549 in-

0 1599 10 1627 3
60 1576 181 1620 venit
201 1575 308 1634 quid
335 1574 462 1619 saciat
493 1583 698 1619 tentator.
733 1577 831 1620 Non
853 1574 970 1618 enim
991 1574 1158 1618 invenit
1179 1574 1383 1619 adversus
1405 1590 1450 1620 se

6 1670 10 1680 ·
33 1672 35 1676 ,
59 1645 319 1690 luctatorem
340 1664 348 1689 :
369 1644 444 1689 sed
473 1644 684 1689 continuo
703 1644 766 1687 illi
793 1658 837 1687 se
869 1643 1045 1687 exhibet
1073 1659 1384 1703 possessorem,
1415 1646 1449 1688 si

30 1712 34 1717 ’
56 1716 227 1760 deserat
244 1718 374 1758 Deus.
394 1716 457 1759 Ne
479 1704 647 1758 deserat
664 1727 765 1771 ergo
779 1727 858 1757 nos
872 1747 883 1767 ,
907 1712 1006 1757 ideo
1024 1713 1235 1758 dicimus:
1256 1716 1356 1759 «Ne
1369 1729 1449 1758 nos

0 1813 8 1833 ,-.
60 1803 83 1827 »
117 1784 275 1829 inferas
295 1785 341 1827 in
363 1783 665 1828 tentationem.
691 1783 1000 1842 Unusquisque
1017 1783 1133 1827 enim
1152 1792 1344 1828 tentatur
1359 1819 1370 1839 ,
1389 1785 1448 1828 ait

4 1886 8 1910 3
62 1874 84 1898 »
116 1855 233 1900 idem
254 1854 474 1914 apostolus
508 1857 532 1898 J
536 1854 722 1909 acobuS,
745 1869 769 1898 a
783 1854 1135 1913 concupiscentia
1157 1870 1234 1899 sua
1255 1855 1448 1900 abstrac-

2 1955 7 1965 ,
61 1943 83 1968 »
118 1934 187 1969 tus
208 1933 250 1969 et
265 1924 436 1968 illectus
457 1942 466 1968 :
494 1923 653 1968 deinde
674 1923 1025 1982 concupiscentia
1042 1938 1142 1968 cum
1166 1925 1416 1983 conceperit
1431 1960 1442 1980 ,

60 2013 82 2038 »
116 1995 229 2055 parit
250 2003 501 2054 peccatum3
525 2002 756 2052 peccatum
788 2001 934 2037 autem
967 2009 1067 2038 cum
1095 2004 1444 2039 consummatum

0 2108 1 2111 ,
60 2083 83 2108 n
117 2065 271 2119 fuerit,
295 2073 471 2122 generat
491 2072 678 2109 mortem
696 2066 727 2107 ⁵.
750 2082 771 2105 »
795 2063 912 2117 Quid
940 2079 1018 2108 nos
1040 2064 1219 2110 docuit?
1251 2067 1307 2109 Ut
1329 2080 1446 2124 pug-

0 2166 7 2195 3
57 2149 211 2180 nemus
224 2142 374 2178 contra
387 2133 758 2193 concupiscentias
771 2142 952 2178 nostras.
970 2134 1144 2179 Etenim
1169 2135 1214 2179 in
1225 2135 1445 2194 baptismo

59 2214 209 2256 sancto
237 2213 415 2264 peccata
446 2203 662 2248 dimissuri
689 2203 814 2248 estis:
848 2205 1211 2263 concupiscentiae
1244 2219 1444 2249 remane-

0 2311 7 2338 :
60 2275 173 2319 bunt
186 2309 197 2330 ,
222 2289 324 2318 cum
346 2273 506 2333 quibus
527 2273 767 2331 regenerati
787 2274 1003 2332 pugnetis.
1028 2277 1177 2318 Restat
1198 2275 1314 2318 enim
1334 2289 1443 2319 con-

0 2383 3 2395 ,
28 2398 29 2401 ¹
59 2345 202 2388 flictus
230 2344 276 2387 in
296 2343 419 2388 vobis
441 2343 558 2402 ipsis·
577 2343 732 2388 Nullus
748 2344 882 2389 hostis
903 2353 1125 2388 metuatur
1147 2345 1410 2389 extrinsecus
1430 2365 1439 2390 :

0 2418 29 2483 :l
59 2422 103 2459 te
122 2414 248 2459 vince
262 2449 273 2469 ,
297 2422 341 2457 et
361 2412 554 2457 mundus
574 2421 639 2457 est
653 2413 807 2458 victus.
829 2413 946 2467 Quid
961 2413 1042 2458 tibi
1054 2412 1248 2458 facturus
1265 2423 1329 2459 est
1346 2424 1443 2459 ten-

107 2516 117 2532 ¹
136 2509 257 2541 Matth.
280 2519 324 2549 v1,
347 2507 398 2540 13.
424 2526 461 2531 —
479 2516 492 2532 ²
509 2508 583 2541 Job.
604 2519 660 2549 vn,
682 2519 710 2540 1.
729 2526 770 2532 —
791 2508 804 2532 3
823 2509 938 2542 Jacob.
954 2520 978 2550 1,
1001 2509 1050 2541 13.
1071 2525 1113 2532 —·
1137 2508 1153 2539 4
1169 2511 1262 2542 Deut.
1276 2520 1346 2552 xm,
1363 2511 1440 2542 3.—

23 2582 26 2593 i
64 2563 207 2598 ⁵Jacob.
225 2577 248 2604 1,
270 2564 323 2606 τά,
348 2565 399 2596 15.
