1898 3178
382 186 464 225 136
814 193 847 222 s.
884 193 1113 222 AUGUSTINI
1144 194 1324 223 EPISCOPI

378 262 500 308 nullo
544 263 717 307 homine
754 269 924 315 sancto,
964 260 1236 320 quantalibet
1257 260 1464 320 sapientia
1500 262 1755 323 justitiaque

376 334 591 392 perfecto,
624 333 708 376 dici
736 331 877 390 potuit
906 339 980 375 aut
1001 331 1160 390 poterit
1185 350 1205 375 «
1232 331 1427 376 Verbum
1454 346 1554 376 caro
1589 333 1753 378 factum

379 423 399 446 »
436 407 546 448 est1.
571 423 592 446 »

433 477 641 520 XXXIII.
668 477 805 518 Lucas
826 482 970 518 autem
989 474 1066 533 qui
1086 489 1136 518 ex
1153 474 1367 533 baptismo
1399 474 1575 518 Domini
1593 489 1670 533 per
1686 489 1759 533 ge-

375 546 618 590 nerationes
638 543 828 588 ascendit
843 579 854 599 ,
878 545 1259 603 septuagenarium
1281 553 1324 588 et
1345 544 1581 603 septimum
1602 560 1760 589 nume-

373 633 472 661 rum
493 615 684 675 complet
701 650 712 671 ,
736 615 947 676 incipiens
965 617 1020 660 ab
1061 617 1154 675 ipso
1192 614 1379 659 Domino
1412 623 1561 659 nostro
1583 630 1661 674 per
1683 618 1759 660 Jo-

370 687 475 745 seph
515 686 769 740 ascendere,
797 695 840 731 et
862 687 1117 745 perveniens
1151 684 1206 730 ad
1238 687 1378 729 Deum
1406 699 1483 743 per
1511 683 1654 729 Adam
1679 704 1689 730 :
1714 684 1760 730 id

370 766 456 811 est,
492 757 595 817 quia
613 757 660 801 in
698 757 782 801 hoc
817 772 1002 802 numero
1045 755 1225 802 abolitio
1261 755 1526 813 significatur
1562 755 1758 800 omnium

370 838 669 888 peccatorum,
698 844 796 889 quae
814 829 862 873 fit
880 831 925 872 in
948 829 1185 888 baptismo,
1222 843 1313 872 non
1342 828 1444 888 quia
1466 828 1549 887 ipsi
1571 828 1760 873 Domino
1816 830 1821 832 ’

370 910 460 945 erat
491 902 613 961 quod
647 902 693 945 in
726 901 942 960 baptismo
972 901 1296 957 dimitteretur,
1322 898 1397 943 sed
1431 899 1536 958 quia
1559 914 1637 943 sua
1668 899 1758 943 hu-

374 971 557 1016 militate
581 972 690 1031 quid
720 972 846 1016 nobis
876 981 985 1016 esset
1006 971 1114 1016 utile
1148 969 1485 1016 commendavit.
1523 973 1580 1015 Et
1602 985 1760 1029 quam-

367 1042 429 1085 vis
451 1051 562 1085 esset
594 1042 704 1085 illud
738 1042 1003 1100 baptismum
1025 1042 1202 1086 ¹Ioannis
1225 1060 1233 1084 ε
1259 1041 1305 1084 in
1328 1055 1379 1084 eo
1401 1049 1548 1084 tamen
1576 1041 1759 1084 sensibi-

367 1112 464 1154 liter
487 1112 686 1170 apparuit
717 1112 900 1155 Trinitas
924 1112 1062 1155 Patris
1084 1120 1127 1154 et
1150 1109 1269 1165 Filii,
1311 1120 1353 1154 et
1383 1111 1565 1169 Spiritus
1595 1111 1758 1166 sancti,

367 1198 452 1241 qua
477 1191 750 1227 consecratus
784 1191 847 1226 est
867 1182 998 1241 ipsius
1021 1182 1180 1226 Christi
1200 1182 1462 1240 baptismus,
1492 1197 1582 1241 quo
1604 1182 1757 1241 bapti-

366 1252 492 1296 zandi
522 1262 643 1296 erant
671 1252 809 1297 futuri
841 1252 1074 1297 Christiani
1108 1271 1116 1296 :
1143 1255 1271 1295 Pater
1307 1252 1352 1294 in
1385 1266 1492 1295 voce
1514 1267 1613 1311 quae
1640 1251 1753 1296 facta

368 1333 431 1367 est
452 1323 506 1367 de
534 1322 698 1377 coe-³10²,
739 1323 874 1367 Filius
896 1323 940 1366 in
957 1322 1050 1381 ipso
1072 1322 1249 1366 homine
1271 1320 1510 1366 Mediatore
1527 1356 1538 1376 ,
1572 1322 1756 1381 Spiritus

370 1403 546 1437 sanctus
568 1394 614 1437 in
635 1393 858 1438 columba.

425 1465 630 1507 XXXIV.
653 1468 792 1517 Quare
817 1471 962 1507 autem
984 1462 1340 1522 septuagenarius
1361 1470 1405 1505 et
1434 1461 1641 1520 septimus
1671 1477 1758 1506 nu-

370 1549 513 1577 merus
538 1536 682 1578 omnia
705 1543 882 1593 peccata
910 1534 1133 1578 contineat
1154 1549 1254 1592 quae
1277 1532 1562 1577 dimittuntur
1583 1533 1629 1577 in
1651 1533 1761 1593 bap-

372 1605 519 1657 tismo,
541 1603 634 1646 haec
652 1602 888 1661 probabilis
912 1603 1020 1646 ratio
1039 1602 1212 1646 videtur
1235 1618 1484 1661 occurrere,
1509 1604 1612 1663 quia
1625 1603 1760 1649 dena-

370 1674 458 1716 rius
485 1688 692 1717 numerus
714 1671 1027 1731 perfectionem
1044 1671 1177 1716 habet
1190 1672 1370 1731 justitiae
1388 1681 1431 1716 et
1445 1672 1726 1717 beatitudinis
1745 1695 1757 1732 3

370 1759 472 1787 cum
487 1743 727 1802 septenaria
745 1751 940 1786 creatura
960 1742 1175 1787 Creatoris
1193 1742 1378 1786 inhaeret
1397 1742 1595 1788 Trinitati
1616 1743 1760 1788 :unde

374 1816 502 1858 etiam
518 1813 750 1871 decalogus
765 1813 889 1871 Legis
907 1813 951 1856 in
973 1811 1124 1856 decem
1139 1812 1366 1871 praeceptis
1383 1822 1658 1858 consecratus
1677 1822 1756 1858 est.

372 1885 667 1943 Transgressio
698 1894 843 1928 autem
876 1883 1043 1927 denarii
1066 1882 1306 1926 undenario
1328 1897 1511 1926 numero
1540 1883 1759 1942 significa-

373 1966 443 2001 tur
469 1976 477 2000 ;
503 1965 546 1999 et
566 1955 823 2012 intelligitur
857 1962 1086 2013 peecatum
1108 1968 1197 1997 esse
1230 1954 1527 2011 transgressio,
1553 1969 1653 1999 cum
1677 1955 1758 1999 ali-

373 2025 479 2085 quid
517 2023 700 2083 amplius
723 2025 854 2067 homo
877 2031 1106 2081 appetens,
1136 2023 1318 2081 justitiae
1340 2023 1535 2080 regulam
1571 2024 1756 2070 excedit.

379 2096 499 2140 Unde
517 2105 560 2139 et
578 2093 800 2138 avaritiam
822 2092 1012 2136 radicem
1035 2093 1232 2136 omnium
1253 2092 1468 2138 malorum
1491 2094 1597 2138 dicit
1619 2098 1759 2153 Apos-

377 2166 486 2211 tolus
502 2168 534 2209 3.
559 2168 616 2209 Et
648 2164 803 2208 animae
826 2179 849 2206 a
875 2166 965 2207 Deo
984 2162 1238 2218 fornicanti,
1280 2179 1331 2207 ex
1369 2163 1563 2223 ejusdem
1584 2165 1758 2208 Domini

376 2252 556 2296 persona
589 2235 748 2279 dicitur
774 2253 783 2277 ι
813 2253 833 2274 «
855 2233 1065 2292 Sperabas
1086 2234 1120 2277 si
1143 2248 1167 2276 a
1187 2248 1257 2276 me
1280 2233 1564 2289 discessisses,
1592 2233 1757 2294 aliquid

378 2327 397 2348 »
435 2307 616 2365 amplius
645 2314 687 2349 te
709 2303 970 2348 habituram.
1011 2320 1030 2343 »
1067 2303 1177 2355 Quia
1217 2317 1317 2360 crgo
1355 2304 1752 2362 transgressionem,

373 2378 420 2419 id
443 2386 518 2430 est,
543 2383 769 2434 peccatum
792 2373 846 2418 ad
868 2388 910 2416 se
929 2374 1075 2431 ipsum
1095 2372 1226 2416 refert
1247 2374 1323 2433 qui
1346 2382 1512 2433 peccat,
1536 2374 1639 2433 quia
1661 2375 1752 2434 pri-

377 2454 475 2489 vato
497 2445 686 2503 quodam
707 2459 783 2488 suo
800 2442 934 2486 laetari
951 2442 1067 2499 vult,
1092 2441 1209 2485 unde
1227 2441 1608 2502 reprehenduntur
1624 2445 1752 2488 etiam

430 2536 433 2548 ¹
456 2530 545 2557 joan
564 2539 586 2557 ι.
611 2527 660 2567 1²4.
679 2544 716 2549 —
738 2534 749 2548 2
772 2526 887 2557 nauh.
911 2537 960 2561 111,
988 2525 1038 2557 16.
1061 2542 1101 2547 ——
1120 2526 1131 2545 '⁴
1159 2537 1170 2556 ῐ
1193 2526 1273 2558 Tim.
1293 2537 1339 2566 vn,
1369 2537 1419 2558 ιο.
