1898 3178
440 189 522 227 182
869 195 902 224 s.
939 193 1169 223 Ancusrnu
1201 196 1384 224 muscom

493 267 551 310 X.
578 264 663 311 Sed
678 264 808 308 istum
824 277 1006 322 panem,
1029 261 1282 319 charissimi,
1304 279 1394 324 quo
1414 272 1568 308 venter
1589 264 1817 324 impletur,
1861 267 1864 272 ’

434 351 524 397 quo
541 350 641 381 caro
655 333 850 393 quotidie
862 332 1070 390 reficitur3
1080 332 1210 377 istum
1224 349 1327 393 ergo
1340 349 1496 394 panem
1506 333 1663 380 videtis
1679 338 1831 392 Deum·

436 406 540 452 dare
555 441 566 462 ,
587 420 676 450 non
693 403 835 448 solum
851 401 1150 447 laudatoribus
1171 404 1272 457 suis,
1299 403 1374 449 sed
1392 405 1523 448 etiam
1542 404 1820 464 blasphema-

435 478 603 523 toribus
622 475 752 528 2«Qui
767 473 873 518 facit
893 473 1029 518 solem
1050 488 1178 518 suum
1190 475 1291 519 oriri
1308 490 1436 534 super
1453 475 1591 520 bonos
1606 487 1650 521 et
1666 476 1818 532 malos,

435 568 457 591 »
475 558 518 593 et
531 546 643 606 pluit
655 559 784 605 super
795 545 934 605 justos
947 553 990 588 et
1005 545 1225 605 injustos1.
1241 565 1258 587 »
1272 546 1458 600 Laudas,
1469 547 1603 604 pascit
1622 555 1665 590 te
1681 565 1690 591 ε
1706 545 1823 591 blas-
1862 537 1864 541 ¹

432 619 633 679 phemas,
652 616 788 677 pascit
806 624 865 660 te.
892 617 950 660 Ut
973 616 1277 676 poenitentiam
1298 630 1395 674 agas
1411 650 1422 671 ,
1443 625 1642 675 expectat
1659 625 1702 662 te
1720 616 1824 662 :sed

430 691 465 734 si
487 704 578 734 non
593 697 637 733 te
658 687 892 732 mutaveris
910 721 922 742 ‚
947 687 1127 732 damnat
1148 696 1206 732 te.
1244 687 1356 740 Quia
1379 701 1481 745 ergo
1510 702 1670 747 panem
1690 688 1822 732 istum

432 760 651 820 accipiunt
667 775 691 803 a
703 761 791 803 Deo
809 767 852 803 et
866 758 973 803 boni
995 767 1039 803 et
1055 757 1177 814 mali,
1194 767 1322 817 putas
1343 773 1434 803 non
1447 766 1510 802 est
1527 758 1682 818 aliquis
1699 760 1822 818 panis
1861 778 1865 813 ⁴:

430 847 563 894 quem
584 839 741 892 petunt
763 829 868 886 filii,
888 829 944 874 de
966 845 1054 890 quo
1069 829 1244 875 dicebat
1259 829 1472 874 Dominus
1488 829 1534 873 in
1556 829 1819 888 Evangelio:
1862 828 1863 831 ’

434 923 456 948 «
476 907 576 951 Non
596 912 660 948 est
674 904 841 948 bonum
859 901 1014 947 tollere
1035 916 1194 961 panem
1215 901 1423 957 filiorum,
1445 910 1488 945 et
1506 901 1680 946 mittere
1705 901 1826 946 cani·
1862 910 1866 940 ἰ

434 993 457 1018 »
480 975 563 1019 bus
571 975 609 1018 2Ρ
619 976 723 1018 »Est
735 971 879 1033 plane.
895 972 998 1026 Quis
1010 981 1073 1016 est
1091 971 1170 1016 iste
1180 972 1324 1032 panis?
1337 981 1381 1016 et
1394 987 1528 1032 quare
1541 971 1700 1016 dicitur
1715 987 1826 1032 quo-

434 1045 654 1090 tidianus?
675 1046 732 1088 Et
752 1044 832 1087 iste
859 1042 1124 1087 necessarius
1148 1051 1214 1086 est
1239 1061 1248 1086 :
1273 1043 1436 1086 etenim
1458 1042 1552 1087 sine
1573 1042 1650 1086 illo
1678 1042 1825 1087 vivere

434 1131 527 1161 non
547 1129 775 1175 possumus
791 1149 802 1169 ‚
828 1114 920 1157 sine
936 1128 1049 1173 pane
1065 1128 1156 1158 non
1172 1128 1418 1173 possumus.
1437 1113 1721 1173 Impudentia
1742 1123 1821 1170 est,

430 1197 482 1232 ut
503 1202 528 1231 a
555 1189 646 1231 Deo
662 1194 784 1245 petas
801 1184 972 1229 divitias
995 1203 1004 1229 ε
1024 1199 1115 1229 non
1133 1193 1198 1229 est
1217 1184 1490 1244 impudentia
1507 1219 1518 1240 ‚
1543 1194 1595 1228 ut
1611 1194 1733 1244 petas
1745 1200 1824 1244 pa-

429 1273 530 1303 nem
544 1256 867 1318 quotidianum.
883 1254 1017 1299 Aliud
1029 1264 1092 1299 est
1104 1254 1224 1298 unde
1237 1256 1478 1313 superbias,
1494 1254 1615 1298 aliud
1628 1264 1691 1299 est
1704 1255 1825 1299 unde

428 1329 563 1373 vivas,
605 1329 770 1371 Tamen
792 1325 896 1385 quia
917 1325 997 1368 iste
1019 1325 1142 1383 panis
1160 1325 1341 1369 visibilis
1362 1334 1406 1369 et
1427 1324 1668 1369 tractabilis
1689 1324 1825 1369 datur

430 1408 475 1443 et
496 1398 623 1443 bonis
640 1405 684 1441 et
695 1395 817 1440 malis
828 1430 839 1450 ‚
860 1403 925 1440 est
940 1395 1063 1455 panis
1080 1394 1361 1454 quotidianus
1377 1430 1388 1450 ‚
1405 1410 1538 1455 quem
1553 1404 1712 1454 petunt
1726 1395 1820 1440 filii.

433 1473 530 1530 Ipse
552 1477 616 1512 est
637 1482 777 1511 sermo
799 1466 902 1521 Dei,
945 1466 1022 1525 qui
1064 1465 1192 1510 nobis
1213 1465 1412 1525 quotidie
1434 1475 1651 1524 erogatur.
1696 1467 1825 1511 Panis

434 1548 581 1584 noster
617 1536 902 1597 quotidianus
937 1545 1002 1580 est
1027 1554 1037 1580 :
1068 1534 1171 1580 inde
1198 1536 1355 1580 vivunt
1385 1552 1475 1580 non
1508 1545 1682 1581 ventres
1701 1571 1711 1592 ,
1749 1535 1826 1581 sed

433 1618 616 1654 mentes.
632 1607 906 1653 Necessarius
919 1615 982 1650 est
993 1606 1118 1651 nobis
1128 1606 1257 1650 etiam
1271 1621 1390 1650 nunc
1406 1607 1663 1666 operariisin
1677 1607 1821 1662 vinea,

432 1681 555 1725 cibus
576 1688 663 1734 est,
684 1694 775 1722 non
792 1692 970 1721 merceS.
992 1677 1201 1736 Operario
1222 1677 1340 1721 enim
1357 1676 1465 1721 duas
1487 1692 1554 1721 res
1573 1677 1722 1732 debet,
1747 1677 1824 1737 qni

434 1750 560 1795 illum
578 1747 787 1793 conducit
799 1746 855 1790 ad
876 1747 1049 1791 vineam
1061 1780 1072 1801 ‚
1097 1746 1246 1790 cibum
1258 1781 1269 1801 ‚
1299 1761 1355 1790 ne
1372 1745 1573 1804 deficiat3
1597 1755 1641 1790 et
1656 1762 1824 1792 merce-

433 1821 552 1876 dem,
572 1818 691 1864 unde
708 1818 910 1878 gaudeat.
927 1817 1063 1862 Cibus
1079 1826 1225 1862 noster
1233 1816 1515 1877 quotidianus
1530 1817 1577 1861 in
1587 1818 1669 1862 hac
1682 1827 1794 1863 terra
1807 1853 1819 1874 ,

432 1906 574 1937 sermo
606 1890 684 1934 Dei
711 1898 795 1944 est,
843 1888 921 1948 qui
953 1902 1123 1946 semper
1150 1896 1357 1945 erogatur
1390 1887 1594 1932 Ecclesiis
1625 1906 1634 1933 ς
1659 1903 1822 1933 merces

433 1971 580 2007 nostra
591 1968 689 2020 post
708 1959 903 2004 laborem
916 1957 1005 2003 vita
1021 1966 1184 2002 aeterna
1204 1958 1473 2001 nominatur.
1501 1960 1666 2002 Iterum
1681 1959 1728 2003 in
1741 1960 1822 2004 isto

434 2048 544 2092 pane
556 2040 705 2077 nostro
721 2028 978 2089 quotidiano
994 2028 1028 2072 si
1039 2027 1251 2085 intelligas
1273 2028 1395 2087 quod
1412 2028 1562 2074 fideles
1585 2030 1818 2089 accipiunt,

433 2104 555 2166 quod
574 2101 793 2161 accepturi
814 2101 911 2145 estis
935 2099 1164 2160 baptizati3
1184 2098 1298 2144 hene
1319 2114 1522 2158 rogamus
1543 2108 1586 2144 et
1603 2100 1786 2145 dicimus
1807 2119 1816 2144 :

437 2195 458 2219 «
485 2179 646 2220 Panem
662 2181 861 2217 nostrum
883 2168 1191 2231 quotidianum
1208 2168 1263 2213 da
1286 2169 1412 2214 nobis
1432 2169 1563 2215 hodie
1585 2189 1594 2215 :
1622 2188 1643 2212 »
1675 2180 1726 2216 ut
1761 2171 1819 2215 sic

445 2250 653 2300 vivamus,
678 2259 735 2288 ne
757 2243 810 2287 ab
831 2241 909 2287 illo
930 2240 1053 2286 altari
1075 2254 1339 2299 separemur.

491 2318 571 2360 XI.
611 2317 700 2360 «Et
721 2313 892 2359 dimitte
914 2312 1040 2357 nobis
1062 2310 1210 2356 debita
1232 2320 1378 2357 nostra
1394 2346 1405 2366 ,
1435 2311 1547 2355 sicut
1574 2320 1618 2355 et
1649 2326 1727 2356 nos
1748 2309 1818 2355 di·
1859 2353 1863 2368 ‚

432 2387 647 2430 mittimus
670 2384 940 2430 debitoribus
962 2382 1118 2427 nostris
1138 2383 1170 2426 3.
1189 2400 1210 2422 »
1249 2384 1307 2426 Et
1348 2383 1428 2426 ista
1452 2381 1602 2440 petitio
1631 2397 1720 2426 non
1754 2389 1819 2426 est
1859 2369 1863 2424 ἒ

436 2456 718 2513 exponenda,
745 2455 847 2514 quia
871 2468 949 2512 pro
972 2452 1091 2497 nobis
1115 2452 1315 2511 petimus.
1361 2452 1493 2496 Nobis
1521 2452 1635 2495 enim
1664 2451 1811 2495 debita

487 2546 496 2560 ¹
519 2539 638 2569 Matth.
659 2551 691 2577 v,
709 2539 760 2578 (43.
782 2556 820 2563 ἡ
843 2545 854 2560 ²
881 2538 914 2569 td
948 2549 1002 2577 KV,
1021 2537 1074 2568 26.
1095 2553 1136 2559 -
1153 2535 1165 2559 3
1181 2536 1298 2568 Manh.
1322 2547 1364 2575 vi,
1388 2545 1438 2567 12,
