1898 3178
324 254 460 281 sumno
493 252 676 290 Lxxx1v‚
712 253 765 278 DE
798 251 943 280 VERBIS
975 249 1138 280 ΜΑΤΤΗ.
1175 253 1266 279 xm.
1391 241 1476 281 409

89 319 218 364 solvit
239 320 521 379 quaestionem
535 354 546 374 ,
565 332 718 362 verum
732 328 809 363 est.
836 321 877 363 Si
897 328 1122 379 peccatum
1143 319 1188 362 in
1208 328 1372 363 secreto
1395 329 1474 374 est,

91 391 131 434 in
155 399 318 434 secreto
340 390 521 449 corripe.
549 389 592 434 Si
612 398 838 449 peccatum
857 389 1082 449 publicum
1106 398 1169 434 est
1191 398 1234 434 et
1257 399 1474 449 apertum,

89 460 263 519 publice
285 460 451 520 corripe
474 480 482 504 :
507 469 555 503 ut
579 459 652 503 ille
675 459 931 505 emendetur
951 496 963 516 ,
988 469 1030 504 et
1051 461 1195 505 caeteri
1220 460 1413 507 timeant.

93 641 232 657 manuus
236 640 373 657 Μ
378 640 513 657 mm
518 640 867 657 wumxvumm-xnm
872 641 938 656 νὶΛὶ
942 641 1008 657 ΝἏῚ
1013 641 1150 658 νννὶννδὶ
1154 641 1220 658 §MR
1224 642 1290 658 &MN
1296 642 1361 658 Μὶ
1367 642 1432 658 m!
1437 643 1475 658 'n‘

502 780 732 827 SERMO
780 781 1021 828 LXXXIV
1034 787 1062 826 ¹.

94 944 156 987 De
176 942 316 987 verbis
333 942 559 1002 Evangelii
578 943 736 989 Matth.
760 960 861 988 mx:
882 943 1024 990 Sz'vis
1045 944 1207 988 venire
1229 942 1299 987 acl
1320 945 1483 997 vitam,

576 1029 716 1059 serva
738 1012 991 1060 mandata.

155 1174 190 1216 Ι.
213 1175 343 1215 Dum
377 1172 584 1216 Dominus
604 1171 776 1216 cuidam
808 1171 1071 1216 adolescenti
1099 1191 1108 1216 ε
1145 1190 1164 1213 «
1193 1172 1235 1216 Si
1257 1172 1319 1216 vis
1339 1173 1487 1216 venire

101 1260 122 1283 »
157 1242 210 1285 ad
228 1243 358 1286 vitam
375 1277 386 1296 ‚
411 1258 531 1287 serva
565 1243 769 1286 mandata
789 1245 821 1285 ².
853 1260 872 1283 »
892 1244 989 1287 Non
1020 1241 1126 1287 dixit
1152 1262 1160 1287 :
1185 1243 1226 1287 Si
1258 1243 1320 1286 vis
1342 1243 1488 1287 venire

104 1311 159 1357 ad
180 1312 312 1356 vitam
334 1321 541 1356 aeternam
569 1332 577 1356 :
598 1312 694 1366 sed,
724 1331 743 1354 «
771 1313 813 1357 Si
834 1313 895 1357 vis
917 1314 1064 1357 venire
1081 1313 1135 1357 ad
1156 1314 1289 1357 vitam
1312 1334 1320 1358 :
1348 1332 1367 1353 n
1394 1329 1487 1357 eam

40 1402 41 1409 ¹
100 1383 310 1427 definiens
331 1383 462 1426 vitam
479 1418 490 1437 ‚
514 1398 612 1442 quae
636 1381 765 1426 fuerit
787 1392 948 1426 aeterna
971 1384 1072 1427 vita.
1101 1385 1240 1443 Hujus
1264 1399 1364 1440 ergo
1389 1384 1489 1427 vitae

0 1488 12 1505 ,.
100 1468 291 1498 amorem
314 1468 392 1497 nos
409 1453 610 1512 primitus
642 1453 1013 1498 commendemus.
1050 1455 1221 1497 Etenim
1253 1464 1421 1497 amatur
1449 1464 1491 1498 et

40 1519 41 1522 ¹
100 1523 431 1584 qualiscumque
455 1524 543 1568 vita
561 1526 668 1581 ista3
694 1533 736 1568 et
763 1525 897 1583 ipsam
921 1524 1312 1585 qualemcumque‚
1334 1541 1491 1569 ferum-

42 1600 43 1605 ’
101 1610 251 1639 nosam
271 1630 282 1649 ‚
308 1595 532 1652 miseram,
564 1594 688 1637 finire
722 1594 921 1638 homines
943 1597 1124 1650 timent,
1160 1606 1202 1639 et
1240 1606 1487 1654 pavvseinit.

35 1683 45 1726 Δτ
103 1666 215 1709 Hinc
235 1664 473 1709 videndum
493 1674 574 1719 est,
591 1665 693 1709 hinc
716 1664 1096 1719 considerandum,
1118 1666 1489 1725 quemadmodum

45 1721 47 1733 Ι
103 1736 286 1779 amanda
309 1735 363 1780 sit
379 1744 541 1779 aeterna
562 1735 648 1778 vita
670 1756 680 1792 3
705 1735 882 1795 quando
904 1736 962 1779 sic
985 1745 1153 1779 amatur
1174 1737 1327 1780 misera
1351 1737 1428 1781 ista
1452 1746 1494 1780 vt

104 1805 370 1867 quandoque
397 1806 588 1849 finienda
612 1805 714 1849 vita.
742 1805 1024 1850 Considerate
1045 1841 1055 1860 ‚
1079 1806 1254 1862 fratres,
1279 1817 1493 1866 quantum

0 1918 1 1923 ,
105 1877 289 1921 amanda
305 1877 357 1920 sit
377 1877 495 1930 vita,
527 1876 606 1919 ubi
643 1891 871 1936 nunquam
897 1877 1020 1920 finias
1050 1877 1199 1921 vitam.
1232 1881 1360 1922 Amas
1393 1895 1495 1938 ergo

41 1949 51 1959 “
106 1949 231 1993 istam
251 1949 382 1993 vitam
401 1982 412 2003 ‚
448 1947 524 1991 ubi
547 1956 719 1991 tantum
741 1947 910 1992 laboras
927 1982 937 2001 ‚
960 1948 1095 1992 curris
1112 1984 1122 2004 ‚
1155 1950 1330 2008 satagis,
1359 1951 1470 1994 anhe

15 2048 22 2063 ι
48 2071 49 2074 ¹
105 2018 194 2071 las,
218 2026 261 2061 et
294 2019 364 2062 vix
398 2027 710 2061 enumerantur
743 2033 842 2078 quae
880 2019 1114 2062 necessaria
1137 2028 1239 2063 sunt
1267 2019 1311 2062 in
1344 2021 1495 2065 misera

106 2090 193 2134 vita
210 2088 446 2142 seminare,
488 2103 633 2143 arare,
660 2087 879 2133 novellare
897 2123 908 2142 ‚
950 2090 1152 2148 navigare
1172 2125 1183 2144 ,
1210 2090 1371 2134 molere
1389 2127 1399 2145 ,
1421 2107 1497 2135 co-

107 2175 267 2220 quere,
303 2168 446 2204 texere
472 2178 480 2203 :
520 2169 562 2203 et
589 2169 687 2218 post
718 2160 812 2203 haec
848 2161 992 2204 omnia
1027 2161 1152 2205 finire
1189 2162 1321 2205 habes
1347 2163 1494 2207 vitame

107 2234 221 2275 Ecce
239 2246 338 2290 quae
361 2230 520 2289 pateris
535 2230 580 2273 in
602 2231 755 2275 misera
772 2231 851 2275 ista
874 2246 1006 2291 quam
1029 2231 1170 2290 diligis
1193 2234 1279 2276 vita
1306 2253 1314 2277 ;
1340 2243 1379 2277 et
1413 2249 1494 2293 pu-

109 2309 174 2345 tas
192 2309 234 2345 te
257 2315 426 2359 semper
447 2300 662 2344 victurum
680 2337 690 2356 ‚
717 2310 759 2345 et
791 2317 1016 2362 nunquam
1057 2303 1313 2346 moriturum
1332 2306 1349 2346 ἰ)
1369 2307 1497 2348 Tem-

0 2402 25 2431 23
46 2423 51 2435 ζ
112 2369 183 2430 pla
201 2405 211 2425 ‚
237 2385 350 2425 saxa,
377 2385 590 2413 marmora
604 2406 613 2422 ‚
636 2370 750 2415 ferro
770 2371 1040 2431 plumboque
1057 2372 1497 2427 consolidata‚tamen
