1898 3178
365 195 448 236 344
525 223 528 225 Δ
796 210 827 235 S.
865 208 1092 236 AUGUSTINI
1126 210 1304 238 EPISCOPI

364 274 598 333 principale
621 289 779 318 nomen
803 283 880 317 est.
922 274 1025 318 Ideo
1057 278 1205 318 Petrus
1238 292 1260 319 a
1284 284 1425 335 petra,
1457 292 1543 320 non
1573 285 1692 334 petra
1716 292 1737 320 a

366 349 494 389 Petro
513 364 521 389 :
548 344 769 405 quomodo
781 359 867 388 non
888 360 908 388 a
925 345 1168 390 Christiano
1189 347 1408 402 Christus,
1433 346 1507 390 sed
1527 363 1549 390 a
1568 347 1740 392 Christo

365 416 632 461 Christianus
657 424 838 459 vocatur
860 435 868 460 :
894 435 914 457 «
941 419 1005 460 Tu
1028 432 1070 461 es
1097 433 1198 476 ergo
1214 453 1224 472 ,
1249 418 1393 477 inquit
1409 452 1419 472 ,
1451 421 1630 474 Petru33
1656 438 1672 459 »
1699 426 1742 461 et

367 501 495 546 super
511 488 624 530 hanc
642 495 808 545 petram
827 502 955 546 quam
973 489 1192 532 confessus
1213 504 1255 531 es
1271 524 1281 543 ,
1298 504 1426 547 super
1444 490 1557 533 hanc
1574 498 1741 547 petram

366 574 498 618 quam
520 557 780 616 cognovisti„
807 558 953 602 dicens
975 579 983 603 2
1017 562 1082 603 Tu
1110 575 1152 603 es
1171 559 1367 604 Christus
1387 559 1522 603 Filius
1545 560 1619 602 Dei
1638 559 1740 613 vivi,

363 628 588 673 aedificabo
605 628 838 672 Ecclesiam
856 644 1018 674 meam:
1038 630 1082 673 id
1105 639 1183 684 est,
1199 645 1327 688 super
1340 630 1564 689 meipsum
1583 630 1744 673 Filium

364 699 440 743 Dei
460 699 544 743 vivi
562 734 573 753 ,
599 698 825 743 aedificabo
842 699 1075 744 Ecclesiam
1100 715 1257 744 meam.
1281 701 1420 759 Super
1435 715 1505 743 me
1520 699 1745 744 aedificabo

366 779 431 825 te,
456 784 546 813 non
567 784 636 813 me
658 784 786 829 super
809 779 866 814 te.

425 843 484 884 II.
505 843 614 886 Nam
631 839 825 885 volentes
846 842 1040 885 homines
1057 841 1261 885 aedificari
1275 855 1403 900 super
1417 841 1613 885 homines
1627 838 1746 884 dice-

366 912 501 957 bant:
532 930 551 952 «
575 914 668 969 Ego
689 910 866 971 quidem
889 926 984 955 sum
1006 911 1154 964 Pauli,
1174 915 1269 971 Ego
1287 921 1434 956 autem
1448 910 1627 970 Apollo,
1652 913 1747 969 Ego

368 1000 388 1023 »
413 997 516 1026 vero
529 982 706 1041 Cephae,
722 982 812 1041 ipse
829 991 891 1026 est
907 985 1094 1025 Petu-[15¹.
1111 984 1198 1026 »Et
1214 981 1283 1026 alii
1296 982 1371 1042 qui
1386 981 1594 1026 nolebant
1607 980 1746 1024 aedifi-

366 1054 455 1097 cari
473 1068 602 1112 super
625 1057 799 1097 Petrum
814 1088 824 1107 ,
850 1054 926 1097 sed
947 1068 1076 1112 super
1099 1063 1265 1112 petram
1286 1069 1293 1094 :
1325 1073 1343 1094 α
1369 1056 1462 1112 Ego
1485 1062 1629 1096 autem
1652 1067 1747 1095 sum

369 1141 389 1163 »
415 1123 618 1167 Christi.»
635 1122 864 1182 Apostolus
879 1132 1022 1166 autem
1039 1122 1196 1167 Paulus
1214 1123 1289 1166 ubi
1304 1123 1563 1181 cognovitse
1576 1121 1693 1180 eligi,
1707 1130 1750 1164 et

367 1194 589 1239 Christum
606 1194 850 1237 contemni:
869 1213 884 1233 «
902 1194 1067 1237 Divisus
1080 1204 1159 1249 est,
1171 1195 1328 1254 inquit,
1346 1193 1566 1238 Christus?
1578 1195 1749 1237 »Num-

367 1263 474 1324 quid
489 1263 650 1308 Paulus
673 1280 750 1323 pro
765 1265 888 1308 vobis
911 1266 1139 1309 crucifixus
1162 1267 1253 1309 est?
1272 1275 1347 1308 aut
1364 1265 1409 1307 in
1432 1264 1607 1308 nomine
1626 1261 1749 1306 Pauli

371 1335 574 1394 baptizati
595 1335 720 1379 estis?
743 1335 974 1388 Quomodo
997 1351 1084 1379 non
1107 1336 1151 1379 iu
1175 1335 1322 1389 Pauli,
1348 1335 1407 1379 sic
1430 1350 1509 1378 nec
1536 1334 1580 1377 in
1605 1334 1748 1389 Petri,

368 1406 445 1450 sed
466 1406 511 1449 in
532 1406 708 1450 nomine
734 1406 893 1450 Christi
922 1425 929 1450 :
961 1415 1010 1450 ut
1032 1409 1184 1450 Petrus
1206 1405 1494 1449 aedificaretur
1521 1419 1650 1463 super
1672 1419 1750 1463 pe-

371 1486 481 1521 tram
497 1511 508 1531 ,
535 1491 623 1520 non
637 1485 757 1532 petra
778 1491 907 1536 super
924 1479 1117 1520 Petrum.

428 1549 507 1591 III.
543 1546 666 1590 Idem
700 1562 800 1604 ergo
829 1550 980 1591 Petrus
1017 1563 1038 1590 a
1065 1556 1187 1606 petra
1219 1546 1552 1605 cognominatus
1573 1545 1748 1599 beatus,

370 1616 574 1661 Ecclesiae
602 1617 785 1674 figuram
818 1626 1021 1675 portans,
1067 1616 1332 1676 apostolatus
1366 1617 1656 1676 principatum
1685 1625 1752 1659 te-

372 1703 478 1732 nens
491 1720 504 1741 ,
529 1687 739 1731 continuo
758 1696 853 1746 post
867 1687 1096 1746 paululum
1114 1689 1202 1747 jam
1219 1686 1368 1730 audito
1388 1686 1508 1745 quod
1526 1687 1677 1730 beatus
1693 1701 1752 1729 esn

371 1767 435 1803 set
449 1793 459 1812 ,
486 1760 568 1812 jam
589 1757 738 1801 audito
753 1756 872 1816 quod
894 1760 1044 1801 Petrus
1063 1766 1186 1810 esset,
1209 1758 1296 1816 jam
1320 1756 1470 1800 audito
1483 1755 1603 1816 quod
1624 1771 1753 1815 supra

371 1838 537 1888 petram
559 1827 841 1872 aedificandus
876 1837 1011 1882 esset,
1045 1837 1325 1887 posteaquam
1360 1827 1525 1870 audivit
1558 1826 1753 1870 futuram

375 1899 546 1944 Domini
581 1900 844 1958 passionem,
884 1899 982 1957 quia
1024 1898 1280 1957 praedixerat
1308 1914 1401 1942 eam
1437 1898 1523 1941 cito
1560 1897 1751 1941 futuram

376 1968 602 2028 Discipulis
624 1970 709 2012 suis
728 2004 737 2021 ,
765 1967 984 2028 displicuit
1005 1968 1057 2011 ei.
1091 1968 1252 2011 Timuit
1272 1983 1325 2010 ne
1342 1967 1542 2026 perderet
1563 1967 1754 2012 morien·

378 2050 459 2084 tem
477 2075 487 2094 ,
513 2055 643 2099 quem
666 2037 887 2082 confessus
910 2037 1052 2081 fuerat
1085 2037 1185 2081 vitae
1208 2036 1389 2082 fontem.
1421 2037 1637 2081 Turbatus
1666 2047 1751 2092 est,

373 2111 520 2154 dicens
544 2126 552 2150 ε
578 2109 741 2153 «Absit
764 2125 786 2152 a
814 2119 871 2161 te,
899 2109 1070 2167 inquit,
1101 2108 1305 2162 Domine,
1332 2124 1419 2152 non
1442 2109 1516 2152 fiet
1544 2109 1705 2152 istud2.
1732 2128 1750 2149 η

374 2181 589 2240 Propitius
624 2189 714 2223 esto
745 2179 850 2232 tibi,
887 2183 1018 2232 Deus,
1044 2178 1145 2223 nolo
1176 2188 1218 2221 te
1247 2180 1369 2222 mori.
1409 2182 1560 2222 Petrus
1583 2179 1756 2224 dicebat

375 2251 570 2295 Christo:
594 2249 705 2295 Nolo
723 2258 764 2293 te
793 2251 900 2294 mori
919 2270 930 2306 3
950 2248 1024 2292 sed
1045 2248 1196 2292 melius
1214 2248 1385 2293 dicebat
1407 2249 1626 2294 Christus:
1645 2249 1755 2293 Volo

377 2337 456 2380 pro
479 2331 521 2366 te
548 2321 673 2366 mori.
696 2321 893 2380 Denique
914 2320 1122 2364 continuo
1146 2319 1449 2379 reprehendit,
1475 2335 1605 2379 quem
1624 2320 1755 2378 paulo

377 2402 476 2436 ante
497 2391 770 2448 laudaverat,
803 2401 847 2436 et
872 2406 1003 2451 quem
1030 2391 1206 2435 beatum
1240 2391 1429 2445 dixerat,
1457 2393 1657 2436 Satanam
1679 2407 1756 2451 ap-

374 2462 521 2522 pellat.
544 2463 716 2518 «Redi,
737 2463 900 2523 inquit,
926 2471 1022 2521 post
1044 2477 1129 2517 me,
1157 2464 1310 2508 Satana
1330 2497 1341 2517 ,
1368 2460 1620 2507 scandalum
1647 2461 1754 2507 mihi

424 2550 435 2564 ¹
459 2558 470 2578 ι
492 2549 563 2580 Cor.
585 2558 607 2586 1,
630 2556 681 2580 12.
698 2563 739 2571 —
752 2554 764 2570 ²
782 2547 904 2581 Matth.
920 2558 990 2587 xvi,
1007 2555 1061 2579 22.
