1898 3178
438 211 518 251 428
872 217 905 246 s.
942 215 1169 248 Avensa-mr
1202 220 1381 247 Eprscori

437 381 1812 401 WWOERAMWV!mmssmmmmmmlmxwmmssmmmbl

838 509 1067 557 SERMO
1113 510 1378 557 LXXXVII
1397 516 1427 554 1.

439 673 624 719 Habitus
646 672 717 717 die
741 673 985 729 Dominica‚
1012 674 1066 718 ab
1088 689 1139 718 eo
1161 672 1282 733 quod
1297 674 1506 732 scriptum
1528 682 1592 718 est
1607 673 1654 718 in
1671 675 1818 719 Evan·
1856 703 1858 706 -
1882 655 1896 738 ἶ

498 744 610 803 gelio
631 745 788 789 Matth.
829 762 883 788 xx
909 764 918 790 :
943 743 1112 790 Simile
1145 753 1214 788 est
1249 759 1449 805 regnum
1481 742 1711 789 coeloram
1733 743 1820 789 lzo-

497 815 618 858 mini
632 813 1011 878 patrffamilias,
1040 815 1126 874 qui
1141 815 1270 859 misit
1293 815 1540 874 operarios
1559 816 1607 859 z'n
1627 816 1819 860 vineam
1882 815 1894 821 ''

497 901 650 929 suam.

498 1046 533 1086 Ι.
559 1045 623 1087 ΒΕ
645 1051 790 1087 sancto
813 1041 1052 1102 Evangelio
1074 1042 1276 1102 praesenti
1298 1043 1485 1103 tempori
1509 1051 1821 1088 consonantem

439 1112 766 1157 similitudinem
789 1112 967 1157 audistis
989 1113 1043 1157 de
1071 1114 1135 1157 his
1157 1113 1234 1173 qui
1255 1122 1492 1173 operantur
1513 1113 1558 1157 in
1579 1113 1720 1158 vinea.
1746 1115 1823 1157 Est
1883 1111 1888 1121 ¹

439 1185 556 1227 enim
579 1182 711 1227 modo
742 1191 912 1242 tempus
944 1183 1176 1228 vindemiae
1207 1183 1456 1243 corporalis.
1489 1186 1568 1228 Est
1602 1191 1747 1228 autem
1781 1192 1824 1227 et

439 1252 635 1313 spiritalis
667 1252 915 1309 vindemiar,
944 1253 1020 1297 ubi
1051 1256 1164 1298 Deus
1194 1253 1354 1312 gaudet
1381 1253 1437 1298 ad
1469 1252 1663 1297 fructum
1684 1254 1823 1298 vineae
1887 1241 1896 1261 ²

439 1340 543 1368 suae.
570 1324 764 1369 Colimus
786 1324 901 1368 enim
925 1326 1081 1378 Deum,
1107 1331 1150 1368 et
1164 1323 1267 1368 colit
1288 1339 1367 1368 nos
1389 1327 1519 1368 Deus.
1548 1322 1633 1368 Sed
1654 1339 1744 1368 non
1765 1323 1825 1367 sie

440 1398 580 1439 Deum
601 1394 808 1449 colimus,
842 1402 892 1438 ut
917 1409 996 1439 nos
1025 1408 1126 1437 eum
1148 1393 1371 1438 meliorem
1392 1391 1577 1438 colendo
1599 1392 1820 1437 faciamus.
1876 1443 1878 1451 γ

441 1464 634 1511 Colimus
657 1466 770 1508 enim
792 1479 892 1508 eum
916 1463 1161 1519 adorando,
1179 1479 1269 1508 non
1291 1463 1469 1507 arando.
1492 1462 1570 1507 Ille
1588 1472 1734 1507 autem
1751 1479 1826 1508 eo·
1875 1452 1891 1530 ἰ

440 1536 489 1581 111;
510 1551 588 1580 nos
615 1544 825 1595 tanquam
846 1534 1034 1594 agricola
1057 1549 1223 1592 agrum.
1244 1533 1373 1587 Quod
1393 1549 1494 1592 ergo
1512 1525 1595 1579 nos¹
1611 1533 1686 1578 ille
1703 1534 1822 1591 colit,
1875 1557 1898 1594 st

440 1606 638 1651 meliores
661 1620 738 1650 nos
762 1604 905 1649 reddit
922 1626 932 1662 3
952 1605 1054 1665 quia
1072 1613 1116 1648 et
1138 1603 1325 1663 agricola
1345 1619 1497 1663 agrum
1514 1603 1699 1650 colendo
1722 1603 1826 1650 facit
1879 1649 1880 1652 ,

441 1676 663 1721 meliorem
684 1695 692 1720 ε
712 1685 755 1720 et
775 1676 918 1734 ipsum
936 1675 1131 1720 fructum
1151 1676 1196 1719 in
1215 1674 1341 1720 nobis
1363 1676 1535 1736 quaerit,
1557 1684 1607 1719 ut
1628 1690 1729 1719 eum
1752 1691 1827 1721 co·
1873 1698 1876 1704 ν
1894 1715 1898 1718 .

440 1746 593 1791 lamus.
621 1746 804 1791 Cultura
826 1746 957 1806 ipsius
979 1755 1045 1790 est
1065 1746 1111 1789 in
1140 1761 1218 1790 nos
1237 1781 1248 1801 ,
1272 1745 1392 1806 quod
1425 1761 1515 1790 non
1536 1754 1673 1790 cessat
1692 1746 1825 1791 verbo
1882 1771 1886 1777 ·

441 1832 519 1861 suo
541 1817 752 1876 extirpare
769 1817 933 1861 semina
951 1815 1064 1860 mala
1086 1816 1141 1859 de
1156 1815 1360 1860 cordibus
1380 1817 1552 1871 nostris,
1567 1817 1731 1875 aperire
1752 1831 1827 1860 cor
1887 1844 1890 1868 ;

442 1897 638 1932 nostrum
659 1896 864 1947 tanquam
893 1895 1034 1931 aratro
1057 1887 1264 1930 sermonis
1280 1921 1290 1941 ,
1316 1886 1512 1945 plantare
1529 1886 1690 1930 semina
1710 1902 1825 1945 prae·

441 1967 697 2017 ceptorum,
731 1966 956 2016 expectare
983 1956 1177 2001 fructum
1212 1956 1397 2015 pietatis.
1432 1958 1543 2001 Cum
1566 1956 1682 2000 enim
1702 1957 1826 2001 istam
1875 1950 1888 2024 ,¹⁴

442 2027 658 2073 culturam
686 2028 732 2071 in
766 2043 840 2072 cor
865 2036 1064 2072 nostrum
1086 2028 1144 2071 sic
1173 2028 1488 2086 acceperimus,
1519 2036 1569 2071 ut
1594 2042 1694 2071 eum
1714 2027 1827 2071 bene
1876 2076 1898 2089 „

443 2098 656 2152 colamus,
681 2113 770 2142 non
788 2097 1004 2142 existimus
1026 2097 1184 2156 ingrati
1202 2096 1400 2156 agricolae
1417 2106 1595 2152 nostro,
1616 2097 1692 2141 sed
1709 2097 1827 2142 fruc·
1875 2155 1877 2160 ,

442 2180 537 2214 tum
560 2168 781 2213 reddimus
811 2184 900 2229 quo
924 2167 1124 2227 gaudeat
1150 2170 1211 2215 Et
1231 2167 1400 2212 fructus
1421 2177 1566 2213 noster
1590 2183 1679 2213 non
1700 2168 1824 2212 illum

443 2241 645 2286 ditiorem
663 2238 794 2294 facit,
820 2240 893 2284 sed
916 2254 993 2283 nos
1015 2239 1244 2283 beatiores.
1874 2231 1877 2234 ’

517 2314 576 2355 ΙΙ
609 2314 721 2355 Ε666
748 2309 923 2364 audite,
951 2309 1052 2369 quia
1073 2309 1183 2353 sicut
1206 2309 1316 2364 dixi,
1343 2308 1446 2354 colit
1469 2324 1546 2353 nos
1566 2312 1695 2353 Deus.
1717 2311 1826 2355 Nam

446 2382 547 2440 quia
569 2397 646 2425 nos
668 2380 850 2425 colimus
878 2383 1038 2434 Deum,
1062 2395 1150 2424 non
1173 2394 1281 2438 opus
1305 2388 1366 2423 est
1387 2388 1438 2423 ut
1460 2378 1667 2439 probetur
1684 2379 1822 2424 vobis.
1872 2369 1898 2434 js

448 2452 597 2496 Omnis
618 2452 733 2495 enim
752 2452 884 2496 homo
906 2452 989 2496 hoc
1003 2451 1136 2496 habet
1153 2451 1199 2495 in
1220 2466 1310 2506 ore,
1334 2451 1435 2510 quia
1456 2451 1650 2495 homines
1669 2450 1824 2495 colunt

496 2553 504 2569 ¹
522 2547 605 2578 Alias
623 2558 660 2588 19
680 2548 719 2578 «lo
738 2548 844 2580 verbis
863 2547 996 2579 Domini.
