1898 3178
355 267 493 296 sEnMO
525 268 648 305 xcm,
684 268 739 294 nn
772 266 916 295 vmims
947 266 1111 294 ΜΑΤΤΗ.
1148 266 1252 294 xxv.
1417 253 1499 293 505

124 353 144 376 »
181 343 272 388 tro,
298 334 399 392 quia
438 332 659 392 lampades
680 344 837 377 nostrae
859 334 1186 391 extinguuntur.
1219 349 1239 372 »
1266 333 1358 376 Hoc
1378 347 1501 392 quee-

120 406 272 449 rebant
293 405 411 464 quod
449 413 791 459 consueverant,
811 403 855 448 id
877 413 962 459 est,
984 403 1125 448 alieno
1152 403 1248 448 oleo
1269 402 1414 447 lucere
1448 403 1501 447 ad

120 475 278 519 alienas
301 474 450 518 laudes
469 473 704 517 ambulare.
727 492 746 515 «
767 478 872 518 Date
888 474 1012 518 nobis
1033 473 1087 518 de
1109 472 1205 518 oleo
1221 482 1379 529 vestro,
1400 474 1501 533 quia

122 563 142 586 »
176 544 398 604 lampades
420 553 579 588 nostrae
601 544 932 603 extinguuntur.
962 563 982 585 »

175 618 255 659 XI.
278 619 334 659 At
354 614 464 670 illae,
490 634 508 657 «
535 618 598 660 Ne
614 613 749 669 forte,
788 615 1018 674 inquiunt,
1045 630 1134 660 non
1173 615 1358 660 sufficiat
1379 615 1503 659 nobis

119 704 140 728 »
176 695 219 731 et
239 686 385 742 vobis,
423 687 482 731 ite
501 687 645 746 potius
679 685 735 730 ad
766 685 1024 741 vendentes,
1065 695 1108 730 et
1144 686 1273 730 emite
1303 686 1441 732 vobis.
1479 705 1499 727 n

116 759 214 803 Non
246 756 594 812 consulentium,
645 757 720 801 sed
753 756 1028 802 irridentium
1058 766 1122 802 est
1155 758 1232 802 ista
1266 758 1499 817 responsio.

116 831 260 881 Quare
297 828 604 872 irridentium?
625 829 735 882 Quia
757 829 970 888 sapientes
994 839 1118 873 erant
1137 864 1148 884 ,
1173 829 1275 889 quia
1297 830 1502 888 sapientia

115 907 206 942 erat
228 898 273 942 in
295 898 392 942 iltis.
419 901 517 944 Non
540 899 656 943 enim
679 899 892 958 sapientes
915 898 969 943 de
986 914 1065 943 suo
1087 908 1210 943 erant
1237 918 1245 943 :
1270 898 1343 943 sed
1367 898 1437 942 illa
1460 900 1503 942 in

115 967 197 1012 illis
221 978 312 1012 erat
330 969 538 1028 sapientia
558 1004 568 1024 ,
589 969 643 1013 de
665 986 751 1030 qua
774 971 983 1029 scriptum
1005 978 1069 1014 est
1090 970 1135 1013 in
1157 968 1351 1029 quodam
1373 968 1501 1022 libro,

114 1054 213 1098 quaa
242 1039 347 1082 dicit
378 1040 753 1098 contemptoribus
781 1041 866 1084 suis
884 1076 894 1095 ‚
926 1055 1025 1084 cum
1048 1041 1247 1085 venerint
1283 1039 1336 1082 ad
1359 1039 1469 1082 mala
1490 1073 1501 1093 ‚

114 1124 214 1169 quae
243 1108 326 1153 illis
352 1110 514 1153 minata
546 1119 609 1154 est
641 1130 649 1154 ε
679 1129 699 1152 «
728 1114 783 1155 Et
797 1127 876 1170 ego
894 1120 1047 1155 vestrae
1070 1110 1298 1167 perditioni
1314 1110 1504 1168 superri-

116 1197 136 1221 »
162 1179 277 1223 debo
293 1181 323 1222 ¹.
348 1198 366 1220 »
385 1178 502 1232 Quid
515 1180 673 1223 mirum
687 1189 765 1236 cst,
787 1181 888 1240 quia
911 1181 1122 1240 sapientes
1139 1179 1320 1224 irrident
1334 1179 1506 1223 fatuas?

113 1249 230 1303 Quid
247 1258 311 1293 est
326 1248 533 1293 irridere?

171 1322 274 1362 XII.
311 1338 329 1360 «
357 1322 420 1362 Ite
450 1318 504 1362 ad
537 1320 806 1375 vendentes,
835 1330 878 1365 et
912 1322 1041 1365 emite
1062 1321 1185 1365 vobis
1212 1340 1220 1365 :
1251 1339 1270 1362 »
1295 1337 1393 1381 quae
1416 1336 1504 1366 non

113 1388 317 1433 solebatis
348 1390 460 1432 bene
499 1389 667 1443 vivere,
694 1389 775 1433 nisi
797 1390 897 1449 quia
922 1405 996 1434 vos
1018 1391 1215 1434 homines
1240 1391 1501 1446 laudabant,

113 1459 190 1519 qui
213 1459 334 1503 vobis
356 1458 502 1503 oleum
525 1458 790 1504 vendebant.
817 1459 934 1512 Quid
956 1468 1034 1514 est,
1057 1459 1201 1503 oleum
1225 1459 1505 1504 vendebant?

114 1529 285 1574 Laudes
308 1528 573 1574 vendebant.
600 1530 682 1582 Qui
704 1530 903 1574 vendunt
926 1530 1091 1584 laudes,
1117 1531 1198 1574 nisi
1225 1530 1505 1574 adulatores?

113 1603 287 1654 Quanto
314 1600 448 1657 magis
470 1615 559 1644 non
590 1601 918 1659 acquiesceretis
953 1601 1254 1645 adulatoribus
1272 1635 1282 1655 ‚
1316 1611 1359 1645 et
1388 1602 1504 1645 intus

113 1672 260 1716 oleum
283 1672 509 1730 portaretis
524 1706 534 1725 ,
567 1681 609 1714 et
631 1679 809 1730 propter
830 1671 992 1714 bonam
1029 1671 1335 1714 conscientiam
1361 1673 1503 1715 omnia

113 1742 230 1786 bona
264 1757 395 1801 opera
428 1739 625 1785 faceretis
653 1760 661 1785 :
691 1750 797 1785 tunc
829 1740 1057 1785 diceretis:
1087 1759 1107 1782 «
1143 1742 1408 1785 Emendabit
1436 1757 1504 1785 me

116 1830 136 1854 »
168 1813 310 1872 justus
324 1812 369 1855 in
385 1810 696 1866 misericordia,
717 1821 761 1856 et
780 1820 934 1870 arguet
950 1826 1019 1854 me
1039 1831 1050 1867 3
1071 1809 1216 1855 oleum
1233 1820 1379 1855 autem
1399 1826 1503 1871 pec-

116 1902 137 1926 »
172 1883 328 1929 catoris
361 1899 451 1928 non
473 1884 766 1943 impinguabit
800 1892 932 1942 caput
951 1897 1098 1926 meum
1117 1884 1149 1927 ².
1183 1900 1203 1923 »
1225 1881 1381 1927 Melius
1396 1919 1407 1939 ,
1432 1884 1502 1927 in-

113 1955 230 2013 quit,
261 1954 466 1998 emendet
488 1969 556 1998 me
579 1956 748 2013 justus,
788 1961 941 2011 arguat
962 1968 1031 1996 me
1061 1954 1229 2012 justus,
1264 1953 1503 2010 colaphizet

114 2040 182 2069 me
220 2027 390 2085 justuS,
427 2026 612 2083 corrigat
645 2040 715 2069 me
747 2026 905 2084 justus,
946 2039 1077 2084 quam
1110 2025 1351 2083 impinguet
1371 2035 1503 2083 caput

112 2111 260 2141 meum
283 2096 428 2140 oleum
450 2095 701 2154 peccatoris.
729 2095 845 2149 Quid
867 2104 931 2140 est
961 2094 1107 2140 oleum
1126 2096 1362 2155 peccatoris
1377 2130 1388 2151 ‚
1423 2097 1503 2140 nisi

115 2166 412 2212 blandimenta
435 2164 683 2211 adulatoris.

171 2239 297 2281 XIII.
329 2255 348 2278 «
368 2240 433 2281 Ite
455 2251 556 2294 ergo
579 2237 633 2281 ad
655 2237 894 2282 vendentes
911 2271 922 2291 ‚
944 2254 964 2277 »
982 2237 1066 2281 hoc
1086 2235 1227 2280 facere
1248 2239 1498 2282 consuestis.

111 2309 197 2353 Nos
216 2316 361 2352 autem
384 2322 473 2352 non
495 2306 616 2351 vobis
633 2306 803 2351 damus.
827 2308 1000 2360 Quare?
1022 2325 1039 2347 «
1062 2308 1125 2352 Ne
1143 2306 1256 2350 forte
1274 2321 1363 2351 non
1385 2309 1504 2351 susti-

115 2395 134 2419 »
170 2378 255 2421 ciat
283 2376 408 2421 nobis
441 2386 484 2421 et
519 2376 655 2421 vobis.
683 2395 703 2418 »
738 2377 854 2430 Quid
883 2386 975 2432 est,
1021 2392 1111 2421 non
1148 2378 1358 2421 sufficiat?
1405 2381 1502 2424 Non

112 2445 413 2506 desperatione
449 2445 613 2491 dictum
653 2456 741 2502 est,
777 2447 853 2491 sed
894 2447 1033 2491 sobria
1072 2455 1114 2491 et
1140 2447 1210 2506 pia
1240 2447 1497 2492 humilitate.

110 2516 317 2570 Quamvis
341 2516 455 2560 enim
479 2516 622 2560 bonus
643 2516 801 2562 habeat
832 2518 989 2562 bonam
1014 2516 1352 2575 conscientiam3
1385 2518 1500 2586 unde

159 2607 167 2625 ¹
191 2603 282 2636 Prov.
299 2613 324 2643 1,
340 2602 393 2635 263
413 2619 454 2625 —-
474 2608 486 2627 ²
500 2601 582 2636 Psal.
602 2613 671 2644 ext,
692 2602 723 2635 5.
