1898 3178
248 254 388 281 snnmo
419 251 591 289 Lxxvu,
627 252 680 277 DE
714 251 858 278 vmiffls
890 250 1053 278 ΜΑΤΤΗ.
1088 252 1160 278 xv.
1306 241 1387 278 3525

16 336 36 359 υ
71 317 191 362 vobis
213 327 388 377 peccata
416 317 598 361 vestra¹.
622 333 643 356 »
669 317 774 368 Quis
808 317 1052 376 desperaret
1076 316 1154 360 sibi
1186 315 1387 360 donanda

12 397 213 448 peccata,
239 386 416 448 quando
449 387 612 431 crimen
645 387 770 430 occisi
804 387 964 432 Christi
1000 388 1080 432 reis
1117 387 1391 431 donabatur?

12 458 219 505 Conversi
237 467 338 502 sunt
359 472 412 501 ex
428 457 521 517 ipso
542 455 706 516 populo
736 457 989 502 Judaeorum
1016 477 1024 502 :
1050 457 1243 503 conversi
1271 467 1388 510 sunt,

11 528 217 588 baptizati
239 537 355 572 sunt.
381 526 449 572 Ad
484 542 677 571 mensam
700 527 870 571 Domini
893 538 1163 573 accesserunt
1182 564 1192 583 ,
1224 538 1266 573 et
1291 544 1392 573 san-

14 599 186 657 guinem
203 613 334 658 quem
357 598 580 642 saevientes
621 595 857 651 fuderunt,
888 599 1111 644 credentes
1139 599 1347 643 biberunt
1358 602 1391 642 2.

14 667 394 724 Quemadmodum
428 677 571 713 autem
589 668 674 712 sint
695 669 916 724 conversi,
948 686 1079 731 quarn
1107 670 1236 729 plane
1266 680 1396 731 atque

14 738 204 800 perfecte
222 774 233 795 ,
263 739 457 784 indicant
490 743 624 784 Actus
653 739 978 799 Apostolorum.
1003 743 1110 786 Nam
1133 743 1274 786 onmia
1297 757 1396 802 quae

14 810 308 871 possidebant,
335 809 642 866 vendiderunt,
668 820 797 871 atque
812 812 949 871 pretia
977 827 1120 856 rerum
1145 828 1321 856 suarum
1342 813 1394 857 ad

15 881 146 942 pedes
153 881 461 941 Apostolorum
476 892 711 940 posuerunt
724 903 735 939 3
750 892 793 926 et
805 881 1148 927 distribuebatur
1161 884 1398 943 unicuique

15 952 1395 1013 smutQmscmqmfflffm:euoemodoefflntflmufflpnmnum,

16 1022 92 1068 sed
111 1032 234 1067 erant
253 1022 336 1067 illis
351 1023 495 1067 omnia
513 1025 761 1068 communia
781 1044 789 1068 2
808 1044 827 1065 c<
845 1027 901 1069 Et
915 1034 1006 1069 erat
1020 1024 1118 1080 illis,
1136 1026 1247 1070 sicut
1264 1026 1400 1085 scrip-

21 1112 43 1136 »
63 1103 158 1138 tum
183 1104 272 1149 est,
297 1095 440 1138 anima
461 1111 548 1139 una
575 1105 618 1138 et
639 1111 713 1139 cor
730 1096 923 1139 unumin
938 1099 1076 1140 Deum
1093 1098 1124 1139 3.
1143 1114 1162 1137 »
1177 1100 1288 1141 Ecce
1299 1107 1399 1141 sunt

17 1181 116 1210 oves
133 1166 186 1210 de
204 1165 364 1225 quibus
386 1165 516 1209 dixit:
538 1185 555 1208 (ι
577 1168 675 1210 Non
694 1181 789 1209 sum
805 1166 978 1219 missus,
1002 1167 1081 1210 nisi
1099 1168 1153 1210 ad
1177 1183 1276 1211 oves
1301 1184 1400 1227 quse

19 1254 40 1278 »
65 1237 288 1295 perierunt
306 1235 460 1280 domus
483 1235 658 1280 Israel.»
678 1235 766 1279 Illis
781 1237 894 1279 enim
909 1237 1106 1281 exhibuit
1127 1239 1400 1296 praesentiam

0 1321 155 1361 *suam,
170 1322 249 1365 pro
266 1305 349 1350 illis
363 1307 410 1350 in
429 1321 473 1350 se
495 1306 772 1354 saevientibus
794 1308 1026 1351 crucifixus
1048 1309 1202 1363 oravit,
1220 1310 1367 1354 dicens
1389 1329 1396 1353 :

19 1394 41 1418 »
76 1380 204 1420 Pater
219 1411 229 1431 ,
255 1376 427 1434 ignosce
445 1375 549 1430 illis,
571 1376 672 1435 quia
695 1377 893 1420 nesciunt
916 1377 1024 1436 quid
1048 1376 1212 1422 faciunt
1231 1380 1260 1422 ⁴.
1287 1398 1306 1420 »
1327 1384 1402 1423 In-

18 1445 238 1504 telligebat
274 1446 467 1490 medicus
499 1446 774 1504 phreneticos
806 1456 950 1490 mente
982 1447 1150 1506 perdita
1185 1449 1402 1493 medicum

0 1533 1 1539 ¹
19 1517 262 1563 occidentes
278 1552 289 1572 ,
310 1526 353 1560 et
370 1515 608 1561 occidendo
636 1516 855 1561 medicum
878 1518 1115 1563 nescientes
1133 1555 1143 1574 ,
1164 1520 1245 1564 sibi
1262 1521 1403 1565 medi-

20 1599 267 1634 camentum
286 1588 509 1632 facientes.
526 1591 587 1632 De
602 1588 786 1632 Domino
800 1589 915 1632 enim
938 1591 1078 1634 occiso
1097 1606 1245 1635 omnes
1266 1594 1404 1636 curati

0 1658 195 1714 [sumus,
231 1658 346 1702 illius
380 1658 587 1716 sanguine
624 1657 863 1716 redempti,
885 1674 996 1717 pane
1016 1660 1131 1704 illius
1163 1663 1353 1721 corporis
1381 1680 1404 1706 a

23 1729 138 1776 fame
180 1729 366 1774 liberati.
394 1731 518 1773 Hanc
560 1744 662 1787 ergo
700 1730 973 1787 praesentiam
1018 1731 1212 1776 Christus
1241 1733 1404 1777 Judaeis

23 1800 232 1845 exhibuit.
261 1802 354 1844 Hoc
371 1814 473 1857 ergo
500 1799 589 1843 ait:
617 1818 638 1840 «
661 1801 759 1842 Non
781 1815 875 1842 sum
899 1800 1051 1845 missus
1071 1837 1081 1855 ,
1111 1803 1191 1846 nisi
1215 1803 1270 1846 ad
1303 1819 1405 1848 oves

27 1888 48 1913 n
81 1887 180 1931 quae
204 1868 603 1930 perieruntdomus
633 1869 761 1911 Israel
788 1888 797 1913 2
825 1887 844 1909 η
867 1879 916 1912 ut
937 1869 1020 1913 illis
1038 1874 1309 1929 praesentiam
1341 1875 1406 1917 sui

25 1941 213 2001 corporis
227 1940 474 1996 exhiberet,
496 1954 585 1982 non
607 1948 657 1982 ut
681 1953 781 1982 oves
801 1954 907 1998 quas
922 1939 1168 1985 habebatin
1187 1943 1403 2000 gentibus,

28 2020 324 2058 contemneret
337 2020 380 2054 et
406 2010 660 2069 praeteriret.

85 2085 138 2126 V.
165 2081 233 2126 Ad
256 2089 402 2139 gentes
432 2080 547 2123 enim
568 2079 659 2138 ipse
681 2094 770 2123 non
793 2079 895 2133 ivit,
916 2079 991 2124 sed
1017 2082 1253 2140 Discipulos
1277 2084 1406 2128 misit.

67 2162 86 2197 t
97 2152 185 2196 illic
197 2150 427 2210 impletum
443 2160 506 2194 est
518 2149 637 2210 quod
656 2150 866 2209 Propheta
882 2149 989 2194 dixit
1005 2171 1013 2196 :
1034 2171 1053 2192 «
1071 2152 1264 2211 Populus
1279 2170 1408 2214 quern

45 2241 55 2265 ›
79 2238 168 2267 non
185 2221 383 2279 cognovi,
410 2220 584 2264 servivit
605 2219 709 2262 mihi
724 2222 754 2262 ⁵.
780 2239 798 2259 n
826 2220 981 2264 Videte
995 2237 1125 2281 quam
1145 2222 1229 2266 alta
1243 2259 1254 2278 ,
1279 2240 1409 2283 quam

21 2334 25 2337 ,
56 2291 206 2338 videns
221 2327 231 2346 ,
275 2306 422 2351 quarn?
447 2304 641 2349 expressa
682 2291 908 2348 prophetia
942 2311 950 2335 ;
989 2310 1009 2332 «
1046 2293 1237 2351 Populus
1281 2310 1411 2353 quem

48 2380 59 2405 ι
82 2378 171 2408 non
193 2361 392 2421 cognovi,
419 2359 462 2403 id
479 2369 558 2414 est,
576 2360 646 2403 eui
665 2361 934 2418 praesentiam
953 2377 1093 2405 meam
1111 2378 1200 2406 non
1218 2365 1410 2421 exhibui,

0 2420 25 2480 ιΙ
51 2452 62 2476 ›
95 2433 266 2478 servivit
286 2431 407 2476 mihi.
434 2449 453 2471 n
475 2431 729 2483 Quomodo?
751 2432 954 2490 Sequitur
978 2451 986 2476 :
1020 2451 1037 2471 «
1057 2435 1105 2475 In
1126 2434 1276 2478 auditu
1301 2437 1414 2480 auris

0 2490 27 2552 [i
62 2526 65 2527 ⁷
100 2538 107 2553 ι
133 2533 204 2563 Act?
234 2542 280 2567 η,
308 2529 360 2561 38,
382 2545 423 2550 -
444 2535 456 2550 ²
489 2530 531 2559 De
554 2530 701 2559 Consecr.
736 2527 809 2558 dist.
835 2539 856 2565 ι,
876 2539 946 2570 cap.
973 2530 1067 2561 Tunc
1089 2530 1147 2561 css.
1171 2547 1209 2553 -
1235 2529 1248 2554 3
1279 2535 1348 2565 Act.
1372 2545 1416 2573 iv,

20 2597 26 2619 i
65 2585 98 2627 4,
115 2592 178 2620 etc.
196 2603 236 2608 —
255 2584 270 2614 4
289 2587 364 2616 Luc.
390 2594 499 2624 xxxin,
526 2582 578 2624 34.
602 2599 633 2604 -
659 2582 767 2614 1'·Psa1.
787 2594 863 2624 xvii,
879 2583 931 2625 45.

226 2650 363 2682 cxxv.
1234 2644 1282 2680 23
