1898 3178
293 230 430 259 SERMO
463 232 596 269 Lv111,
632 233 676 259 uv
711 230 875 259 MATTH.
915 236 982 268 vl,
1018 235 1072 261 DE
1104 232 1228 261 ofin.
1265 237 1371 262 11011.
1439 225 1519 263 :205

141 294 278 351 hene,
310 315 329 337 «
355 300 513 340 Panem
541 304 740 340 nostrum
763 297 1066 356 quotidianum
1086 297 1140 343 da
1161 299 1285 343 nobis
1316 300 1445 343 hodie
1462 336 1471 354 ,
1499 320 1518 341 »

140 367 454 410 Eucharistiam
475 375 595 410 tuam
610 400 621 421 ,
641 366 1118 426 quotidianumcibum.
1142 372 1318 415 Norunt
1340 371 1454 413 enim
1474 371 1524 413 fi-

140 434 256 479 deles
283 435 392 494 quid
422 436 657 495 accipiant,
681 445 724 480 et
756 437 921 481 bonum
957 448 1022 483 est
1044 439 1102 483 eis
1140 440 1332 499 accipere
1365 455 1523 500 panem

138 505 442 565 quotidianum
459 506 561 551 huic
583 507 771 566 tempori
788 509 1089 552 necessarium.
1116 513 1201 554 Pro
1215 525 1258 554 se
1278 520 1452 568 rogant,
1475 521 1523 554 nt

138 575 243 619 boni
263 575 392 630 fiant,
416 585 467 620 ut
482 577 528 620 in
544 576 739 621 bonitate
758 586 801 621 et
819 577 905 622 fide
928 587 971 622 et
987 578 1071 623 vita
1095 579 1210 624 bona
1231 590 1519 639 perseverent.

139 647 233 689 Hoc
260 655 436 704 optant,
468 647 552 691 hoc
574 656 700 691 orant
733 666 742 692 z
775 649 877 708 quia
908 648 941 691 si
963 663 1053 692 non
1082 650 1451 707 perseveraverint
1477 651 1523 693 in

137 715 224 760 vita
243 715 380 772 bona,
401 717 719 776 separabuntur
736 717 791 762 ab
807 717 882 762 illo
900 733 1025 777 pane.
1046 721 1185 777 Ergo,
1206 738 1224 762 «
1249 723 1408 764 Panem
1430 736 1523 765 nos,

141 802 162 826 »
196 793 314 830 trum
342 787 648 846 quotidianum
672 787 726 832 da
748 788 874 832 nobis
901 787 1052 844 hodie,
1081 806 1101 830 »
1127 790 1235 850 quid
1258 792 1349 834 est?
1373 792 1439 835 Sic
1462 792 1525 835 vi-

137 870 313 912 vamus,
335 866 386 902 ut
413 858 468 901 ab
491 857 614 902 altari
635 868 713 903 tuo
739 874 828 903 non
848 873 1112 918 separemur.
1147 862 1203 904 Et
1230 862 1415 905 verbum
1448 861 1523 905 Dei

137 926 258 986 quod
287 928 482 987 quotidie
503 928 627 973 vobis
654 930 866 988 aperitur,
892 938 936 973 et
967 929 1160 990 quodam
1194 930 1326 975 modo
1356 930 1523 989 frangi·

137 1005 230 1053 tur,
252 997 374 1057 panis
403 998 682 1058 quotidianus
700 1009 778 1044 est.
797 1002 854 1044 Et
870 999 1094 1059 quomodo
1115 999 1238 1044 illum
1253 1015 1409 1060 panem
1425 1016 1524 1045 ven-

139 1076 244 1124 tres,
279 1068 338 1113 sic
369 1069 501 1113 istum
534 1069 728 1115 esuriunt
755 1079 935 1114 mentes.
970 1073 1026 1114 Et
1054 1071 1172 1114 hunc
1205 1086 1306 1128 ergo
1337 1072 1525 1130 petimus

137 1138 409 1198 simpliciter,
436 1149 479 1183 et
500 1139 719 1200 quidquid
740 1141 896 1184 animae
919 1150 1078 1184 nostrae
1101 1150 1144 1185 et
1164 1141 1283 1185 carni
1305 1151 1462 1186 nostrae
1480 1142 1525 1185 in

138 1208 219 1253 hac
236 1209 321 1254 vita
339 1211 628 1254 necessarium
650 1219 735 1265 est,
761 1211 1019 1271 quotidiano
1036 1227 1147 1272 pane
1168 1211 1461 1256 concluditur.

196 1282 272 1324 VI.
303 1299 324 1322 «
350 1281 525 1325 Dimitte
539 1282 665 1325 nobis
682 1280 829 1325 debita
850 1285 1039 1337 nostra¹,
1067 1301 1087 1323 >›
1114 1284 1317 1338 dicimus,
1341 1292 1384 1327 et
1403 1282 1524 1328 dica-

137 1366 257 1409 mus,
285 1351 387 1412 quia
408 1367 559 1395 verum
586 1351 783 1395 dicimus.
811 1352 916 1405 Quis
938 1353 1053 1396 enim
1083 1353 1152 1397 hic
1174 1354 1279 1398 vivit
1299 1354 1344 1397 in
1371 1369 1521 1409 carne,

137 1431 181 1466 et
204 1437 294 1466 non
314 1422 449 1466 habet
472 1421 652 1466 debita?
674 1422 780 1475 Quis
795 1431 858 1466 est
874 1422 1006 1466 homo
1029 1422 1088 1466 sic
1117 1423 1284 1478 vivens,
1305 1433 1354 1467 ut
1376 1424 1414 1467 ei
1436 1440 1526 1468 non

137 1494 192 1537 sit
213 1494 291 1537 ista
316 1494 454 1538 oratio
472 1493 736 1538 necessaria?
753 1493 912 1537 Inflare
933 1509 976 1536 se
999 1502 1161 1552 potest,
1181 1494 1419 1554 justificare
1437 1511 1526 1539 non

139 1573 294 1624 potest.
321 1566 494 1608 Bonum
518 1573 581 1607 est
602 1562 688 1618 illi,
720 1573 769 1607 ut
794 1564 989 1607 imitetur
1011 1564 1326 1620 Publicanum,
1352 1581 1431 1609 nec
1454 1575 1525 1609 tu·-

137 1642 300 1678 mescat
334 1634 446 1678 sicut
478 1634 739 1687 Pharisaeus,
780 1633 856 1691 qui
903 1632 1097 1677 ascendit
1129 1634 1172 1677 in
1206 1634 1441 1693 templum,
1484 1645 1527 1679 et

133 1705 312 1764 jactavit
344 1704 498 1747 merita
527 1703 628 1758 suh,
654 1703 761 1747 texit
785 1702 965 1746 vulnera
997 1719 1087 1746 sua.
1123 1702 1202 1747 Ille
1224 1713 1369 1748 autem
1404 1705 1526 1749 scivit

141 1790 276 1835 quare
302 1773 563 1828 ascenderit,
586 1773 662 1833 qui
687 1772 860 1816 dicebat
885 1788 893 1813 :
925 1791 944 1814 «
966 1774 1171 1828 Domine,
1195 1775 1410 1834 propitius
1434 1786 1525 1821 esto

142 1864 163 1887 >›
198 1845 306 1888 mihi
326 1844 542 1904 peccatori
556 1845 586 1886 ².
623 1862 642 1884 »
675 1845 768 1887 Hoc
792 1842 1002 1886 Dominus
1039 1845 1161 1886 Jesus
1188 1862 1196 1887 ε
1233 1845 1522 1901 considerate,

140 1913 292 1960 fratres
312 1915 427 1959 mei:
451 1915 534 1959 hoc
557 1913 766 1958 Dominus
793 1915 916 1957 Jesus
948 1928 1070 1957 orare
1104 1912 1255 1958 docuit
1286 1915 1526 1975 Discipulos

142 2002 241 2031 suos
256 2022 266 2042 ,
292 1986 390 2030 illos
411 2000 589 2044 magnos
603 1985 764 2044 primos
781 1983 1012 2043 Apostolos
1030 2000 1128 2029 suos
1139 2019 1149 2039 ,
1168 1985 1320 2030 arietes
1337 1995 1521 2031 nostros.

145 2058 188 2102 Si
213 2072 317 2116 ergo
346 2071 423 2115 pro
444 2054 631 2114 peccatis
653 2054 739 2098 suis
766 2053 1036 2098 dimittendis
1063 2055 1216 2099 arietes
1243 2065 1390 2111 orant,
1426 2057 1525 2114 agni

142 2128 251 2188 quid
272 2126 436 2172 dehent
457 2125 597 2170 facere
612 2160 623 2181 ,
649 2125 704 2169 de
725 2125 884 2184 quibus
906 2124 1072 2169 dictum
1090 2134 1151 2170 est
1177 2145 1185 2170 :
1210 2146 1230 2168 «
1256 2126 1420 2170 Afferte
1435 2130 1524 2171 Do—

145 2218 166 2241 »
201 2199 322 2244 mino
343 2198 454 2243 filios
475 2198 712 2243 arietum3?
738 2215 756 2238 »
781 2199 875 2241 Hoc
894 2212 996 2256 ergo
1014 2197 1128 2241 scitis
1151 2213 1224 2241 vos
1245 2197 1291 2240 in
1314 2198 1524 2255 Symbolo

144 2270 402 2325 reddidisse,
427 2271 527 2330 quia
549 2270 660 2313 inter
672 2277 825 2313 caetera
849 2269 1101 2313 nominastis
1118 2269 1409 2313 remissionem
1429 2286 1525 2329 pec-2

143 2350 354 2387 catorum.
375 2340 583 2385 Remissio
600 2348 877 2399 peccatorum
892 2355 978 2383 una
996 2349 1058 2383 est
1074 2374 1083 2394 ,
1110 2355 1207 2399 quae
1222 2339 1354 2382 semel
1371 2338 1522 2398 datur,

145 2413 249 2468 alia,
274 2428 373 2472 quae
395 2409 590 2471 quotidie
615 2411 757 2454 datur.
790 2410 998 2454 Remissio
1022 2419 1297 2468 peccatorum
1325 2426 1411 2454 una
1434 2422 1519 2465 est,

145 2499 244 2544 quae
266 2481 398 2527 semel
414 2481 541 2526 datur
558 2481 603 2525 in
620 2490 768 2525 sancto
792 2480 1070 2540 baptismate,
1087 2479 1167 2523 alia
1184 2515 1194 2535 ,
1211 2496 1309 2540 quae
1327 2481 1521 2541 quandiu

195 2575 202 2591 ¹
228 2568 346 2601 Manli.
366 2578 409 2609 vi,
433 2576 482 2599 12.
500 2583 539 2589 --
561 2572 572 2588 ²
590 2568 666 2598 Luc.
689 2576 773 2598 311111.
802 2582 839 2588 -
862 2564 873 2588 3
894 2565 972 2596 Psal.
998 2575 1109 2606 xxvm,
1133 2575 1159 2596 1.
