<?xml version="1.0" encoding="UTF-8"?>
<!DOCTYPE html PUBLIC "-//W3C//DTD XHTML 1.0 Transitional//EN"
    "http://www.w3.org/TR/xhtml1/DTD/xhtml1-transitional.dtd">
<html xmlns="http://www.w3.org/1999/xhtml" xml:lang="en" lang="en">
 <head>
  <title>
</title>
<meta http-equiv="Content-Type" content="text/html;charset=utf-8" />
  <meta name='ocr-system' content='tesseract 3.04.00' />
  <meta name='ocr-capabilities' content='ocr_page ocr_carea ocr_par ocr_line ocrx_word'/>
</head>
<body>
  <div class='ocr_page' id='page_1' title='image "./operaomniaaccura18auguuoft_0526.png"; bbox 0 0 1898 3178; ppageno 0'>
   <div class='ocr_carea' id='block_1_1' title="bbox 414 267 1356 308">
    <p class='ocr_par' dir='ltr' id='par_1_1' title="bbox 414 267 1356 308">
     <span class='ocr_line' id='line_1_1' title="bbox 414 267 1356 308; baseline -0.005 -1"><span class='ocrx_word' id='word_1_1' title='bbox 414 267 499 308; x_wconf 78' lang='lat'>514</span> <span class='ocrx_word' id='word_1_2' title='bbox 846 275 879 303; x_wconf 89' lang='lat' dir='ltr'>s.</span> <span class='ocrx_word' id='word_1_3' title='bbox 915 276 1143 304; x_wconf 72' lang='lat' dir='ltr'>Aucuszrlm</span> <span class='ocrx_word' id='word_1_4' title='bbox 1178 277 1356 304; x_wconf 73' lang='lat' dir='ltr'>EPtSCOPl</span> 
     </span>
    </p>
   </div>
   <div class='ocr_carea' id='block_1_2' title="bbox 414 339 1789 468">
    <p class='ocr_par' dir='ltr' id='par_1_2' title="bbox 414 339 1789 468">
     <span class='ocr_line' id='line_1_2' title="bbox 415 339 1789 398; baseline -0.001 -13"><span class='ocrx_word' id='word_1_5' title='bbox 415 362 436 386; x_wconf 87' lang='lat'>»</span> <span class='ocrx_word' id='word_1_6' title='bbox 469 357 584 387; x_wconf 89' lang='lat' dir='ltr'>mam</span> <span class='ocrx_word' id='word_1_7' title='bbox 597 341 707 386; x_wconf 86' lang='lat' dir='ltr'>servi</span> <span class='ocrx_word' id='word_1_8' title='bbox 727 339 938 398; x_wconf 90' lang='lat' dir='ltr'>accipiens</span> <span class='ocrx_word' id='word_1_9' title='bbox 954 374 965 393; x_wconf 83' lang='lat'>‚</span> <span class='ocrx_word' id='word_1_10' title='bbox 989 339 1034 384; x_wconf 87' lang='lat' dir='ltr'>in</span> <span class='ocrx_word' id='word_1_11' title='bbox 1056 339 1386 383; x_wconf 84' lang='lat' dir='ltr'>similitudinem</span> <span class='ocrx_word' id='word_1_12' title='bbox 1403 339 1632 382; x_wconf 87' lang='lat' dir='ltr'>hominum</span> <span class='ocrx_word' id='word_1_13' title='bbox 1648 339 1789 384; x_wconf 86' lang='lat' dir='ltr'>factus</span> 
     </span>
     <span class='ocr_line' id='line_1_3' title="bbox 414 409 1788 468; baseline 0 -14"><span class='ocrx_word' id='word_1_14' title='bbox 414 431 435 455; x_wconf 91' lang='lat'>»</span> <span class='ocrx_word' id='word_1_15' title='bbox 469 422 513 457; x_wconf 89' lang='lat' dir='ltr'>et</span> <span class='ocrx_word' id='word_1_16' title='bbox 533 412 687 456; x_wconf 90' lang='lat' dir='ltr'>habitu</span> <span class='ocrx_word' id='word_1_17' title='bbox 703 411 904 454; x_wconf 83' lang='lat' dir='ltr'>inventus</span> <span class='ocrx_word' id='word_1_18' title='bbox 922 418 971 454; x_wconf 91' lang='lat' dir='ltr'>ut</span> <span class='ocrx_word' id='word_1_19' title='bbox 987 411 1130 454; x_wconf 89' lang='lat' dir='ltr'>homo.</span> <span class='ocrx_word' id='word_1_20' title='bbox 1147 428 1168 450; x_wconf 84' lang='lat'>»</span> <span class='ocrx_word' id='word_1_21' title='bbox 1193 413 1255 454; x_wconf 90' lang='lat' dir='ltr'>De</span> <span class='ocrx_word' id='word_1_22' title='bbox 1271 409 1543 454; x_wconf 81' lang='lat' dir='ltr'>deformitate</span> <span class='ocrx_word' id='word_1_23' title='bbox 1561 410 1694 468; x_wconf 87' lang='lat' dir='ltr'>ipsius</span> <span class='ocrx_word' id='word_1_24' title='bbox 1708 409 1788 454; x_wconf 88' lang='lat' dir='ltr'>ad-</span> 
     </span>
    </p>
   </div>
   <div class='ocr_carea' id='block_1_3' title="bbox 416 478 1878 544">
    <p class='ocr_par' dir='ltr' id='par_1_3' title="bbox 416 478 1878 544">
     <span class='ocr_line' id='line_1_4' title="bbox 416 478 1878 544; baseline -0.001 -19"><span class='ocrx_word' id='word_1_25' title='bbox 416 501 437 525; x_wconf 86' lang='lat'>»</span> <span class='ocrx_word' id='word_1_26' title='bbox 472 484 559 527; x_wconf 90' lang='lat' dir='ltr'>huc</span> <span class='ocrx_word' id='word_1_27' title='bbox 588 481 694 526; x_wconf 87' lang='lat' dir='ltr'>dicit</span> <span class='ocrx_word' id='word_1_28' title='bbox 713 499 722 525; x_wconf 71' lang='grc' dir='ltr'>ε</span> <span class='ocrx_word' id='word_1_29' title='bbox 747 479 1001 524; x_wconf 88' lang='lat' dir='ltr'>Humiliavit</span> <span class='ocrx_word' id='word_1_30' title='bbox 1020 496 1063 524; x_wconf 87' lang='lat' dir='ltr'>se</span> <span class='ocrx_word' id='word_1_31' title='bbox 1079 481 1219 540; x_wconf 89' lang='lat' dir='ltr'>ipsum</span> <span class='ocrx_word' id='word_1_32' title='bbox 1233 515 1244 535; x_wconf 89' lang='lat'>‚</span> <span class='ocrx_word' id='word_1_33' title='bbox 1265 478 1404 524; x_wconf 88' lang='lat' dir='ltr'>factus</span> <span class='ocrx_word' id='word_1_34' title='bbox 1425 479 1632 524; x_wconf 88' lang='lat' dir='ltr'>obediens</span> <span class='ocrx_word' id='word_1_35' title='bbox 1651 495 1790 539; x_wconf 85' lang='lat' dir='ltr'>usque</span> <span class='ocrx_word' id='word_1_36' title='bbox 1848 538 1849 541; x_wconf 7' lang='grc' dir='ltr'><strong>Ἰ</strong></span> <span class='ocrx_word' id='word_1_37' title='bbox 1869 526 1878 544; x_wconf 35' lang='grc' dir='ltr'><strong>Ἃ</strong></span> 
     </span>
    </p>
   </div>
   <div class='ocr_carea' id='block_1_4' title="bbox 405 548 1792 1521">
    <p class='ocr_par' dir='ltr' id='par_1_4' title="bbox 407 548 1790 751">
     <span class='ocr_line' id='line_1_5' title="bbox 413 548 1784 605; baseline 0 -12"><span class='ocrx_word' id='word_1_38' title='bbox 413 570 434 593; x_wconf 88' lang='lat'>»</span> <span class='ocrx_word' id='word_1_39' title='bbox 469 552 523 595; x_wconf 88' lang='lat' dir='ltr'>ad</span> <span class='ocrx_word' id='word_1_40' title='bbox 544 560 756 605; x_wconf 83' lang='lat' dir='ltr'>mortem,</span> <span class='ocrx_word' id='word_1_41' title='bbox 787 559 972 594; x_wconf 90' lang='lat' dir='ltr'>mortem</span> <span class='ocrx_word' id='word_1_42' title='bbox 1011 559 1155 594; x_wconf 90' lang='lat' dir='ltr'>autem</span> <span class='ocrx_word' id='word_1_43' title='bbox 1184 550 1337 594; x_wconf 87' lang='lat' dir='ltr'>crucis.</span> <span class='ocrx_word' id='word_1_44' title='bbox 1365 567 1385 590; x_wconf 89' lang='lat'>»</span> <span class='ocrx_word' id='word_1_45' title='bbox 1416 552 1530 595; x_wconf 89' lang='lat' dir='ltr'>Ecce</span> <span class='ocrx_word' id='word_1_46' title='bbox 1568 549 1647 594; x_wconf 88' lang='lat' dir='ltr'>ubi</span> <span class='ocrx_word' id='word_1_47' title='bbox 1681 548 1784 594; x_wconf 88' lang='lat' dir='ltr'>vidi.</span> 
     </span>
     <span class='ocr_line' id='line_1_6' title="bbox 408 617 1790 680; baseline -0.002 -14"><span class='ocrx_word' id='word_1_48' title='bbox 408 620 688 667; x_wconf 83' lang='lat' dir='ltr'>concordant</span> <span class='ocrx_word' id='word_1_49' title='bbox 708 635 811 679; x_wconf 83' lang='lat' dir='ltr'>ergo</span> <span class='ocrx_word' id='word_1_50' title='bbox 829 620 959 664; x_wconf 87' lang='lat' dir='ltr'>ambo</span> <span class='ocrx_word' id='word_1_51' title='bbox 975 620 1159 680; x_wconf 86' lang='lat' dir='ltr'>pacifici,</span> <span class='ocrx_word' id='word_1_52' title='bbox 1174 629 1217 663; x_wconf 92' lang='lat' dir='ltr'>et</span> <span class='ocrx_word' id='word_1_53' title='bbox 1230 619 1371 679; x_wconf 88' lang='lat' dir='ltr'>pacati</span> <span class='ocrx_word' id='word_1_54' title='bbox 1392 627 1494 663; x_wconf 90' lang='lat' dir='ltr'>sunt</span> <span class='ocrx_word' id='word_1_55' title='bbox 1515 620 1659 664; x_wconf 83' lang='lat' dir='ltr'>ambo.</span> <span class='ocrx_word' id='word_1_56' title='bbox 1677 617 1790 672; x_wconf 85' lang='lat' dir='ltr'>Quid</span> 
     </span>
     <span class='ocr_line' id='line_1_7' title="bbox 407 689 1524 751; baseline -0.004 -15"><span class='ocrx_word' id='word_1_57' title='bbox 407 700 471 736; x_wconf 88' lang='lat' dir='ltr'>est</span> <span class='ocrx_word' id='word_1_58' title='bbox 492 690 724 751; x_wconf 83' lang='lat' dir='ltr'>speciosius</span> <span class='ocrx_word' id='word_1_59' title='bbox 741 691 860 734; x_wconf 77' lang='lat' dir='ltr'>Deo?</span> <span class='ocrx_word' id='word_1_60' title='bbox 882 689 1000 742; x_wconf 87' lang='lat' dir='ltr'>Quid</span> <span class='ocrx_word' id='word_1_61' title='bbox 1022 689 1260 734; x_wconf 86' lang='lat' dir='ltr'>deformius</span> <span class='ocrx_word' id='word_1_62' title='bbox 1278 689 1524 734; x_wconf 78' lang='lat' dir='ltr'>Crucifixo?</span> 
     </span>
    </p>

    <p class='ocr_par' dir='ltr' id='par_1_5' title="bbox 405 758 1792 1521">
     <span class='ocr_line' id='line_1_8' title="bbox 464 758 1789 819; baseline -0.002 -14"><span class='ocrx_word' id='word_1_63' title='bbox 464 763 519 806; x_wconf 88' lang='lat' dir='ltr'>V.</span> <span class='ocrx_word' id='word_1_64' title='bbox 542 764 626 805; x_wconf 88' lang='lat' dir='ltr'>Iste</span> <span class='ocrx_word' id='word_1_65' title='bbox 650 776 753 819; x_wconf 85' lang='lat' dir='ltr'>ergo</span> <span class='ocrx_word' id='word_1_66' title='bbox 775 774 957 819; x_wconf 91' lang='lat' dir='ltr'>sponsus</span> <span class='ocrx_word' id='word_1_67' title='bbox 986 761 1203 819; x_wconf 89' lang='lat' dir='ltr'>speciosus</span> <span class='ocrx_word' id='word_1_68' title='bbox 1232 758 1373 804; x_wconf 86' lang='lat' dir='ltr'>forma</span> <span class='ocrx_word' id='word_1_69' title='bbox 1396 775 1485 818; x_wconf 82' lang='lat' dir='ltr'>prae</span> <span class='ocrx_word' id='word_1_70' title='bbox 1518 758 1618 803; x_wconf 83' lang='lat' dir='ltr'>filiis</span> <span class='ocrx_word' id='word_1_71' title='bbox 1644 758 1789 803; x_wconf 91' lang='lat' dir='ltr'>homi-</span> 
     </span>
     <span class='ocr_line' id='line_1_9' title="bbox 406 828 1791 889; baseline -0.003 -13"><span class='ocrx_word' id='word_1_72' title='bbox 406 847 534 887; x_wconf 85' lang='lat' dir='ltr'>uum,</span> <span class='ocrx_word' id='word_1_73' title='bbox 558 831 765 876; x_wconf 86' lang='lat' dir='ltr'>deformis</span> <span class='ocrx_word' id='word_1_74' title='bbox 791 829 933 874; x_wconf 87' lang='lat' dir='ltr'>factus</span> <span class='ocrx_word' id='word_1_75' title='bbox 955 839 1005 874; x_wconf 87' lang='lat' dir='ltr'>ut</span> <span class='ocrx_word' id='word_1_76' title='bbox 1026 829 1253 889; x_wconf 85' lang='lat' dir='ltr'>pulchram</span> <span class='ocrx_word' id='word_1_77' title='bbox 1281 828 1444 875; x_wconf 76' lang='lat' dir='ltr'>faceret</span> <span class='ocrx_word' id='word_1_78' title='bbox 1460 844 1660 889; x_wconf 86' lang='lat' dir='ltr'>sponsam</span> <span class='ocrx_word' id='word_1_79' title='bbox 1675 863 1686 884; x_wconf 90' lang='lat'>,</span> <span class='ocrx_word' id='word_1_80' title='bbox 1719 829 1791 873; x_wconf 94' lang='lat' dir='ltr'>cui</span> 
     </span>
     <span class='ocr_line' id='line_1_10' title="bbox 405 898 1787 960; baseline -0.003 -13"><span class='ocrx_word' id='word_1_81' title='bbox 405 902 563 947; x_wconf 89' lang='lat' dir='ltr'>dicitur</span> <span class='ocrx_word' id='word_1_82' title='bbox 587 920 596 945; x_wconf 80' lang='lat'>2</span> <span class='ocrx_word' id='word_1_83' title='bbox 626 919 646 943; x_wconf 91' lang='lat'>«</span> <span class='ocrx_word' id='word_1_84' title='bbox 671 902 708 945; x_wconf 95' lang='grc' dir='ltr'><strong>Ο</strong></span> <span class='ocrx_word' id='word_1_85' title='bbox 740 899 897 944; x_wconf 85' lang='lat' dir='ltr'>decora</span> <span class='ocrx_word' id='word_1_86' title='bbox 930 900 1042 943; x_wconf 90' lang='lat' dir='ltr'>inter</span> <span class='ocrx_word' id='word_1_87' title='bbox 1073 900 1322 944; x_wconf 86' lang='lat' dir='ltr'>mulieres¹.</span> <span class='ocrx_word' id='word_1_88' title='bbox 1352 918 1372 940; x_wconf 91' lang='lat'>»</span> <span class='ocrx_word' id='word_1_89' title='bbox 1398 899 1453 944; x_wconf 91' lang='lat' dir='ltr'>de</span> <span class='ocrx_word' id='word_1_90' title='bbox 1483 914 1570 960; x_wconf 88' lang='lat' dir='ltr'>qua</span> <span class='ocrx_word' id='word_1_91' title='bbox 1597 898 1787 944; x_wconf 84' lang='lat' dir='ltr'>dicitur:</span> 
     </span>
     <span class='ocr_line' id='line_1_11' title="bbox 409 968 1792 1031; baseline -0.001 -17"><span class='ocrx_word' id='word_1_92' title='bbox 409 991 430 1014; x_wconf 85' lang='lat'>«</span> <span class='ocrx_word' id='word_1_93' title='bbox 464 976 569 1026; x_wconf 86' lang='lat' dir='ltr'>Quae</span> <span class='ocrx_word' id='word_1_94' title='bbox 591 980 654 1015; x_wconf 89' lang='lat' dir='ltr'>est</span> <span class='ocrx_word' id='word_1_95' title='bbox 674 971 754 1015; x_wconf 88' lang='lat' dir='ltr'>ista</span> <span class='ocrx_word' id='word_1_96' title='bbox 776 987 876 1031; x_wconf 83' lang='lat' dir='ltr'>quae</span> <span class='ocrx_word' id='word_1_97' title='bbox 908 969 1102 1014; x_wconf 83' lang='lat' dir='ltr'>aseendit</span> <span class='ocrx_word' id='word_1_98' title='bbox 1129 969 1329 1015; x_wconf 83' lang='lat' dir='ltr'>dealbata</span> <span class='ocrx_word' id='word_1_99' title='bbox 1347 1005 1358 1025; x_wconf 91' lang='lat'>,</span> <span class='ocrx_word' id='word_1_100' title='bbox 1395 968 1638 1014; x_wconf 87' lang='lat' dir='ltr'>illuminata</span> <span class='ocrx_word' id='word_1_101' title='bbox 1657 1004 1668 1024; x_wconf 88' lang='lat'>,</span> <span class='ocrx_word' id='word_1_102' title='bbox 1701 984 1792 1014; x_wconf 91' lang='lat' dir='ltr'>non</span> 
     </span>
     <span class='ocr_line' id='line_1_12' title="bbox 407 1041 1791 1100; baseline 0.001 -17"><span class='ocrx_word' id='word_1_103' title='bbox 407 1060 428 1083; x_wconf 89' lang='lat'>»</span> <span class='ocrx_word' id='word_1_104' title='bbox 463 1042 608 1087; x_wconf 86' lang='lat' dir='ltr'>colore</span> <span class='ocrx_word' id='word_1_105' title='bbox 634 1041 832 1085; x_wconf 84' lang='lat' dir='ltr'>mendaci</span> <span class='ocrx_word' id='word_1_106' title='bbox 853 1041 1074 1085; x_wconf 70' lang='lat' dir='ltr'>fuscata2:</span> <span class='ocrx_word' id='word_1_107' title='bbox 1101 1059 1122 1083; x_wconf 93' lang='lat'>»</span> <span class='ocrx_word' id='word_1_108' title='bbox 1148 1041 1315 1085; x_wconf 89' lang='lat' dir='ltr'>invenit</span> <span class='ocrx_word' id='word_1_109' title='bbox 1341 1056 1444 1098; x_wconf 86' lang='lat' dir='ltr'>ergo</span> <span class='ocrx_word' id='word_1_110' title='bbox 1467 1041 1546 1084; x_wconf 87' lang='lat' dir='ltr'>iste</span> <span class='ocrx_word' id='word_1_111' title='bbox 1567 1041 1644 1100; x_wconf 89' lang='lat' dir='ltr'>qui</span> <span class='ocrx_word' id='word_1_112' title='bbox 1665 1055 1791 1085; x_wconf 76' lang='lat' dir='ltr'>voca·</span> 
     </span>
     <span class='ocr_line' id='line_1_13' title="bbox 407 1110 1787 1172; baseline -0.002 -15"><span class='ocrx_word' id='word_1_113' title='bbox 407 1113 466 1157; x_wconf 91' lang='lat' dir='ltr'>vit</span> <span class='ocrx_word' id='word_1_114' title='bbox 485 1113 541 1156; x_wconf 91' lang='lat' dir='ltr'>ad</span> <span class='ocrx_word' id='word_1_115' title='bbox 557 1113 730 1172; x_wconf 78' lang='lat' dir='ltr'>nuptias</span> <span class='ocrx_word' id='word_1_116' title='bbox 748 1112 972 1156; x_wconf 89' lang='lat' dir='ltr'>hominem</span> <span class='ocrx_word' id='word_1_117' title='bbox 996 1127 1086 1155; x_wconf 93' lang='lat' dir='ltr'>non</span> <span class='ocrx_word' id='word_1_118' title='bbox 1100 1112 1335 1155; x_wconf 82' lang='lat' dir='ltr'>habentem</span> <span class='ocrx_word' id='word_1_119' title='bbox 1351 1120 1515 1155; x_wconf 88' lang='lat' dir='ltr'>vestem</span> <span class='ocrx_word' id='word_1_120' title='bbox 1531 1110 1787 1169; x_wconf 79' lang='lat' dir='ltr'>nuptialem,</span> 
     </span>
     <span class='ocr_line' id='line_1_14' title="bbox 405 1181 1791 1241; baseline -0.003 -13"><span class='ocrx_word' id='word_1_121' title='bbox 405 1192 448 1228; x_wconf 91' lang='lat' dir='ltr'>et</span> <span class='ocrx_word' id='word_1_122' title='bbox 470 1183 530 1227; x_wconf 88' lang='lat' dir='ltr'>ait</span> <span class='ocrx_word' id='word_1_123' title='bbox 546 1182 610 1226; x_wconf 90' lang='lat' dir='ltr'>illi</span> <span class='ocrx_word' id='word_1_124' title='bbox 636 1202 645 1226; x_wconf 90' lang='lat'>:</span> <span class='ocrx_word' id='word_1_125' title='bbox 674 1201 694 1225; x_wconf 84' lang='lat'>«</span> <span class='ocrx_word' id='word_1_126' title='bbox 719 1182 885 1236; x_wconf 84' lang='lat' dir='ltr'>Amice,</span> <span class='ocrx_word' id='word_1_127' title='bbox 910 1181 1017 1241; x_wconf 91' lang='lat' dir='ltr'>quid</span> <span class='ocrx_word' id='word_1_128' title='bbox 1037 1182 1125 1226; x_wconf 88' lang='lat' dir='ltr'>huc</span> <span class='ocrx_word' id='word_1_129' title='bbox 1142 1182 1309 1227; x_wconf 84' lang='lat' dir='ltr'>intrasti</span> <span class='ocrx_word' id='word_1_130' title='bbox 1330 1197 1420 1226; x_wconf 90' lang='lat' dir='ltr'>non</span> <span class='ocrx_word' id='word_1_131' title='bbox 1435 1181 1600 1226; x_wconf 85' lang='lat' dir='ltr'>habens</span> <span class='ocrx_word' id='word_1_132' title='bbox 1626 1190 1791 1226; x_wconf 86' lang='lat' dir='ltr'>vestem</span> 
     </span>
     <span class='ocr_line' id='line_1_15' title="bbox 407 1249 1792 1311; baseline 0.001 -18"><span class='ocrx_word' id='word_1_133' title='bbox 407 1270 428 1294; x_wconf 83' lang='lat'>&gt;›</span> <span class='ocrx_word' id='word_1_134' title='bbox 463 1252 719 1311; x_wconf 86' lang='lat' dir='ltr'>nuptialem.</span> <span class='ocrx_word' id='word_1_135' title='bbox 745 1255 802 1296; x_wconf 90' lang='lat' dir='ltr'>At</span> <span class='ocrx_word' id='word_1_136' title='bbox 822 1250 896 1294; x_wconf 90' lang='lat' dir='ltr'>ille</span> <span class='ocrx_word' id='word_1_137' title='bbox 914 1251 1137 1295; x_wconf 89' lang='lat' dir='ltr'>obmutuit</span> <span class='ocrx_word' id='word_1_138' title='bbox 1163 1270 1172 1296; x_wconf 80' lang='lat' dir='ltr'>z</span> <span class='ocrx_word' id='word_1_139' title='bbox 1196 1270 1216 1293; x_wconf 69' lang='lat' dir='ltr'>n</span> <span class='ocrx_word' id='word_1_140' title='bbox 1234 1254 1333 1296; x_wconf 91' lang='lat' dir='ltr'>Non</span> <span class='ocrx_word' id='word_1_141' title='bbox 1350 1251 1475 1294; x_wconf 89' lang='lat' dir='ltr'>enim-</span> <span class='ocrx_word' id='word_1_142' title='bbox 1490 1251 1655 1295; x_wconf 88' lang='lat' dir='ltr'>invenit</span> <span class='ocrx_word' id='word_1_143' title='bbox 1671 1249 1792 1310; x_wconf 90' lang='lat' dir='ltr'>quod</span> 
     </span>
     <span class='ocr_line' id='line_1_16' title="bbox 405 1321 1791 1382; baseline -0.002 -15"><span class='ocrx_word' id='word_1_144' title='bbox 405 1323 701 1382; x_wconf 85' lang='lat' dir='ltr'>responderet.</span> <span class='ocrx_word' id='word_1_145' title='bbox 728 1325 786 1366; x_wconf 88' lang='lat' dir='ltr'>Et</span> <span class='ocrx_word' id='word_1_146' title='bbox 807 1323 865 1365; x_wconf 89' lang='lat' dir='ltr'>ait</span> <span class='ocrx_word' id='word_1_147' title='bbox 883 1321 1191 1380; x_wconf 83' lang='lat' dir='ltr'>paterfamilias</span> <span class='ocrx_word' id='word_1_148' title='bbox 1213 1323 1289 1381; x_wconf 91' lang='lat' dir='ltr'>qui</span> <span class='ocrx_word' id='word_1_149' title='bbox 1310 1322 1546 1365; x_wconf 82' lang='lat' dir='ltr'>intraverat</span> <span class='ocrx_word' id='word_1_150' title='bbox 1565 1340 1573 1366; x_wconf 81' lang='lat' dir='ltr'><strong><em>z</em></strong></span> <span class='ocrx_word' id='word_1_151' title='bbox 1605 1340 1626 1363; x_wconf 86' lang='lat'>«</span> <span class='ocrx_word' id='word_1_152' title='bbox 1640 1321 1791 1379; x_wconf 85' lang='lat' dir='ltr'>Ligate</span> 
     </span>
     <span class='ocr_line' id='line_1_17' title="bbox 408 1391 1792 1451; baseline 0 -16"><span class='ocrx_word' id='word_1_153' title='bbox 408 1412 429 1436; x_wconf 87' lang='lat'>»</span> <span class='ocrx_word' id='word_1_154' title='bbox 465 1393 530 1437; x_wconf 91' lang='lat' dir='ltr'>illi</span> <span class='ocrx_word' id='word_1_155' title='bbox 551 1407 705 1436; x_wconf 89' lang='lat' dir='ltr'>manus</span> <span class='ocrx_word' id='word_1_156' title='bbox 727 1401 770 1435; x_wconf 90' lang='lat' dir='ltr'>et</span> <span class='ocrx_word' id='word_1_157' title='bbox 785 1393 917 1451; x_wconf 88' lang='lat' dir='ltr'>pedes</span> <span class='ocrx_word' id='word_1_158' title='bbox 933 1426 944 1446; x_wconf 87' lang='lat'><em>‚</em></span> <span class='ocrx_word' id='word_1_159' title='bbox 965 1400 1008 1434; x_wconf 84' lang='lat' dir='ltr'>et</span> <span class='ocrx_word' id='word_1_160' title='bbox 1029 1392 1226 1451; x_wconf 77' lang='lat' dir='ltr'>projicite</span> <span class='ocrx_word' id='word_1_161' title='bbox 1247 1391 1428 1435; x_wconf 89' lang='lat' dir='ltr'>illumin</span> <span class='ocrx_word' id='word_1_162' title='bbox 1453 1392 1651 1436; x_wconf 81' lang='lat' dir='ltr'>tenebras</span> <span class='ocrx_word' id='word_1_163' title='bbox 1671 1401 1792 1435; x_wconf 78' lang='lat' dir='ltr'>exte-</span> 
     </span>
     <span class='ocr_line' id='line_1_18' title="bbox 408 1461 1791 1521; baseline 0.002 -18"><span class='ocrx_word' id='word_1_164' title='bbox 408 1481 429 1504; x_wconf 90' lang='lat'>»</span> <span class='ocrx_word' id='word_1_165' title='bbox 464 1463 596 1507; x_wconf 88' lang='lat' dir='ltr'>riores</span> <span class='ocrx_word' id='word_1_166' title='bbox 617 1461 702 1506; x_wconf 84' lang='lat' dir='ltr'>:ihi</span> <span class='ocrx_word' id='word_1_167' title='bbox 715 1462 796 1505; x_wconf 89' lang='lat' dir='ltr'>erit</span> <span class='ocrx_word' id='word_1_168' title='bbox 813 1461 941 1505; x_wconf 87' lang='lat' dir='ltr'>fletus</span> <span class='ocrx_word' id='word_1_169' title='bbox 958 1470 1002 1505; x_wconf 87' lang='lat' dir='ltr'>et</span> <span class='ocrx_word' id='word_1_170' title='bbox 1015 1461 1174 1506; x_wconf 88' lang='lat' dir='ltr'>stridor</span> <span class='ocrx_word' id='word_1_171' title='bbox 1191 1462 1431 1506; x_wconf 61' lang='lat' dir='ltr'>dentiumss.</span> <span class='ocrx_word' id='word_1_172' title='bbox 1445 1481 1461 1503; x_wconf 86' lang='lat'>»</span> <span class='ocrx_word' id='word_1_173' title='bbox 1479 1464 1539 1505; x_wconf 90' lang='lat' dir='ltr'>De</span> <span class='ocrx_word' id='word_1_174' title='bbox 1554 1471 1642 1505; x_wconf 82' lang='lat' dir='ltr'>tam</span> <span class='ocrx_word' id='word_1_175' title='bbox 1659 1477 1791 1521; x_wconf 85' lang='lat' dir='ltr'>parva</span> 
     </span>
    </p>
   </div>
   <div class='ocr_carea' id='block_1_5' title="bbox 406 1526 1894 1592">
    <p class='ocr_par' dir='ltr' id='par_1_6' title="bbox 406 1526 1894 1592">
     <span class='ocr_line' id='line_1_19' title="bbox 406 1526 1894 1592; baseline -0.001 -15"><span class='ocrx_word' id='word_1_176' title='bbox 406 1532 534 1592; x_wconf 89' lang='lat' dir='ltr'>culpa</span> <span class='ocrx_word' id='word_1_177' title='bbox 548 1541 637 1576; x_wconf 90' lang='lat' dir='ltr'>tam</span> <span class='ocrx_word' id='word_1_178' title='bbox 659 1547 815 1590; x_wconf 84' lang='lat' dir='ltr'>magna</span> <span class='ocrx_word' id='word_1_179' title='bbox 835 1546 964 1590; x_wconf 87' lang='lat' dir='ltr'>poena</span> <span class='ocrx_word' id='word_1_180' title='bbox 977 1533 994 1575; x_wconf 80' lang='lat' dir='ltr'>P</span> <span class='ocrx_word' id='word_1_181' title='bbox 1007 1534 1164 1589; x_wconf 83' lang='lat' dir='ltr'>Magna</span> <span class='ocrx_word' id='word_1_182' title='bbox 1182 1532 1312 1575; x_wconf 90' lang='lat' dir='ltr'>enim.</span> <span class='ocrx_word' id='word_1_183' title='bbox 1335 1535 1469 1575; x_wconf 86' lang='lat' dir='ltr'>Parva</span> <span class='ocrx_word' id='word_1_184' title='bbox 1490 1531 1648 1577; x_wconf 74' lang='lat' dir='ltr'>dicitu&#39;r</span> <span class='ocrx_word' id='word_1_185' title='bbox 1662 1532 1791 1592; x_wconf 89' lang='lat' dir='ltr'>culpa</span> <span class='ocrx_word' id='word_1_186' title='bbox 1857 1588 1859 1590; x_wconf 21' lang='grc' dir='ltr'>Ι</span> <span class='ocrx_word' id='word_1_187' title='bbox 1890 1526 1894 1538; x_wconf 73' lang='grc'><strong>’</strong></span> 
     </span>
    </p>
   </div>
   <div class='ocr_carea' id='block_1_6' title="bbox 405 1600 1861 2294">
    <p class='ocr_par' dir='ltr' id='par_1_7' title="bbox 405 1600 1861 2294">
     <span class='ocr_line' id='line_1_20' title="bbox 405 1600 1792 1660; baseline 0 -14"><span class='ocrx_word' id='word_1_188' title='bbox 405 1617 495 1646; x_wconf 90' lang='lat' dir='ltr'>non</span> <span class='ocrx_word' id='word_1_189' title='bbox 516 1602 676 1645; x_wconf 90' lang='lat' dir='ltr'>habere</span> <span class='ocrx_word' id='word_1_190' title='bbox 708 1610 871 1645; x_wconf 88' lang='lat' dir='ltr'>vestem</span> <span class='ocrx_word' id='word_1_191' title='bbox 902 1600 1144 1660; x_wconf 79' lang='lat' dir='ltr'>nuptialem</span> <span class='ocrx_word' id='word_1_192' title='bbox 1170 1619 1178 1645; x_wconf 91' lang='lat'>:</span> <span class='ocrx_word' id='word_1_193' title='bbox 1204 1616 1336 1659; x_wconf 80' lang='lat' dir='ltr'>parva</span> <span class='ocrx_word' id='word_1_194' title='bbox 1361 1635 1372 1655; x_wconf 83' lang='lat'>‚</span> <span class='ocrx_word' id='word_1_195' title='bbox 1405 1600 1480 1645; x_wconf 91' lang='lat' dir='ltr'>sed</span> <span class='ocrx_word' id='word_1_196' title='bbox 1509 1617 1597 1646; x_wconf 90' lang='lat' dir='ltr'>non</span> <span class='ocrx_word' id='word_1_197' title='bbox 1630 1602 1792 1646; x_wconf 83' lang='lat' dir='ltr'>intelli-</span> 
     </span>
     <span class='ocr_line' id='line_1_21' title="bbox 408 1669 1792 1732; baseline 0.001 -17"><span class='ocrx_word' id='word_1_198' title='bbox 408 1672 626 1730; x_wconf 84' lang='lat' dir='ltr'>gentibus.</span> <span class='ocrx_word' id='word_1_199' title='bbox 653 1669 840 1723; x_wconf 83' lang='lat' dir='ltr'>Quando</span> <span class='ocrx_word' id='word_1_200' title='bbox 861 1669 935 1713; x_wconf 88' lang='lat' dir='ltr'>ille</span> <span class='ocrx_word' id='word_1_201' title='bbox 953 1671 1011 1714; x_wconf 88' lang='lat' dir='ltr'>sic</span> <span class='ocrx_word' id='word_1_202' title='bbox 1033 1679 1330 1725; x_wconf 81' lang='lat' dir='ltr'>succenseret,</span> <span class='ocrx_word' id='word_1_203' title='bbox 1350 1670 1527 1730; x_wconf 82' lang='lat' dir='ltr'>quando</span> <span class='ocrx_word' id='word_1_204' title='bbox 1548 1671 1622 1715; x_wconf 84' lang='lat' dir='ltr'>iile</span> <span class='ocrx_word' id='word_1_205' title='bbox 1646 1672 1704 1716; x_wconf 83' lang='lat' dir='ltr'>sic</span> <span class='ocrx_word' id='word_1_206' title='bbox 1716 1673 1792 1732; x_wconf 78' lang='lat' dir='ltr'>ju-</span> 
     </span>
     <span class='ocr_line' id='line_1_22' title="bbox 406 1740 1788 1800; baseline 0.001 -15"><span class='ocrx_word' id='word_1_207' title='bbox 406 1741 593 1795; x_wconf 88' lang='lat' dir='ltr'>dicaret,</span> <span class='ocrx_word' id='word_1_208' title='bbox 615 1749 665 1784; x_wconf 90' lang='lat' dir='ltr'>ut</span> <span class='ocrx_word' id='word_1_209' title='bbox 681 1748 858 1799; x_wconf 88' lang='lat' dir='ltr'>propter</span> <span class='ocrx_word' id='word_1_210' title='bbox 876 1748 1041 1784; x_wconf 86' lang='lat' dir='ltr'>vestem</span> <span class='ocrx_word' id='word_1_211' title='bbox 1062 1740 1301 1799; x_wconf 80' lang='lat' dir='ltr'>nuptialem</span> <span class='ocrx_word' id='word_1_212' title='bbox 1320 1757 1452 1800; x_wconf 88' lang='lat' dir='ltr'>quam</span> <span class='ocrx_word' id='word_1_213' title='bbox 1473 1757 1565 1786; x_wconf 88' lang='lat' dir='ltr'>non</span> <span class='ocrx_word' id='word_1_214' title='bbox 1584 1742 1788 1798; x_wconf 87' lang='lat' dir='ltr'>habebat,</span> 
     </span>
     <span class='ocr_line' id='line_1_23' title="bbox 405 1803 1861 1876; baseline 0.002 -21"><span class='ocrx_word' id='word_1_215' title='bbox 405 1812 597 1856; x_wconf 89' lang='lat' dir='ltr'>mitteret</span> <span class='ocrx_word' id='word_1_216' title='bbox 611 1826 711 1854; x_wconf 91' lang='lat' dir='ltr'>eum</span> <span class='ocrx_word' id='word_1_217' title='bbox 732 1810 873 1868; x_wconf 83' lang='lat' dir='ltr'>ligatis</span> <span class='ocrx_word' id='word_1_218' title='bbox 897 1810 1099 1854; x_wconf 86' lang='lat' dir='ltr'>manibus</span> <span class='ocrx_word' id='word_1_219' title='bbox 1121 1820 1164 1855; x_wconf 89' lang='lat' dir='ltr'>et</span> <span class='ocrx_word' id='word_1_220' title='bbox 1186 1810 1372 1869; x_wconf 87' lang='lat' dir='ltr'>pedibus</span> <span class='ocrx_word' id='word_1_221' title='bbox 1393 1811 1438 1855; x_wconf 92' lang='lat' dir='ltr'>in</span> <span class='ocrx_word' id='word_1_222' title='bbox 1461 1813 1661 1857; x_wconf 86' lang='lat' dir='ltr'>tenebras</span> <span class='ocrx_word' id='word_1_223' title='bbox 1676 1822 1792 1858; x_wconf 80' lang='lat' dir='ltr'>exte·</span> <span class='ocrx_word' id='word_1_224' title='bbox 1855 1803 1861 1876; x_wconf 35' lang='lat'>&#39;⁵</span> 
     </span>
     <span class='ocr_line' id='line_1_24' title="bbox 406 1880 1792 1942; baseline 0.002 -17"><span class='ocrx_word' id='word_1_225' title='bbox 406 1882 538 1926; x_wconf 88' lang='lat' dir='ltr'>riores</span> <span class='ocrx_word' id='word_1_226' title='bbox 554 1917 564 1937; x_wconf 85' lang='lat'>,</span> <span class='ocrx_word' id='word_1_227' title='bbox 589 1881 665 1925; x_wconf 87' lang='lat' dir='ltr'>ubi</span> <span class='ocrx_word' id='word_1_228' title='bbox 682 1889 792 1925; x_wconf 89' lang='lat' dir='ltr'>esset</span> <span class='ocrx_word' id='word_1_229' title='bbox 810 1880 937 1924; x_wconf 86' lang='lat' dir='ltr'>fletus</span> <span class='ocrx_word' id='word_1_230' title='bbox 956 1889 1000 1924; x_wconf 89' lang='lat' dir='ltr'>et</span> <span class='ocrx_word' id='word_1_231' title='bbox 1021 1880 1180 1925; x_wconf 86' lang='lat' dir='ltr'>stridor</span> <span class='ocrx_word' id='word_1_232' title='bbox 1196 1880 1410 1935; x_wconf 82' lang='lat' dir='ltr'>dentium,</span> <span class='ocrx_word' id='word_1_233' title='bbox 1437 1882 1518 1926; x_wconf 87' lang='lat' dir='ltr'>nisi</span> <span class='ocrx_word' id='word_1_234' title='bbox 1534 1882 1663 1942; x_wconf 86' lang='lat' dir='ltr'>culpa</span> <span class='ocrx_word' id='word_1_235' title='bbox 1681 1893 1792 1928; x_wconf 87' lang='lat' dir='ltr'>esset</span> 
     </span>
     <span class='ocr_line' id='line_1_25' title="bbox 406 1951 1791 2013; baseline 0.001 -17"><span class='ocrx_word' id='word_1_236' title='bbox 406 1951 532 1997; x_wconf 90' lang='lat' dir='ltr'>valde</span> <span class='ocrx_word' id='word_1_237' title='bbox 562 1952 700 2010; x_wconf 81' lang='lat' dir='ltr'>gravis</span> <span class='ocrx_word' id='word_1_238' title='bbox 733 1960 897 1996; x_wconf 88' lang='lat' dir='ltr'>vestem</span> <span class='ocrx_word' id='word_1_239' title='bbox 931 1966 1021 1996; x_wconf 90' lang='lat' dir='ltr'>non</span> <span class='ocrx_word' id='word_1_240' title='bbox 1042 1952 1203 1996; x_wconf 88' lang='lat' dir='ltr'>habere</span> <span class='ocrx_word' id='word_1_241' title='bbox 1230 1951 1488 2010; x_wconf 83' lang='lat' dir='ltr'>nuptialem.</span> <span class='ocrx_word' id='word_1_242' title='bbox 1521 1954 1626 1998; x_wconf 89' lang='lat' dir='ltr'>Dico</span> <span class='ocrx_word' id='word_1_243' title='bbox 1651 1970 1659 1994; x_wconf 89' lang='lat'>:</span> <span class='ocrx_word' id='word_1_244' title='bbox 1687 1955 1791 2013; x_wconf 89' lang='lat' dir='ltr'>quia</span> 
     </span>
     <span class='ocr_line' id='line_1_26' title="bbox 407 2021 1790 2083; baseline 0.001 -17"><span class='ocrx_word' id='word_1_245' title='bbox 407 2038 484 2083; x_wconf 87' lang='lat' dir='ltr'>per</span> <span class='ocrx_word' id='word_1_246' title='bbox 505 2038 575 2066; x_wconf 89' lang='lat' dir='ltr'>me</span> <span class='ocrx_word' id='word_1_247' title='bbox 596 2022 764 2066; x_wconf 85' lang='lat' dir='ltr'>invitati</span> <span class='ocrx_word' id='word_1_248' title='bbox 786 2022 884 2066; x_wconf 85' lang='lat' dir='ltr'>estis</span> <span class='ocrx_word' id='word_1_249' title='bbox 901 2056 912 2076; x_wconf 92' lang='lat'>‚</span> <span class='ocrx_word' id='word_1_250' title='bbox 933 2031 976 2066; x_wconf 90' lang='lat' dir='ltr'>et</span> <span class='ocrx_word' id='word_1_251' title='bbox 997 2022 1032 2065; x_wconf 87' lang='lat' dir='ltr'>si</span> <span class='ocrx_word' id='word_1_252' title='bbox 1053 2037 1129 2067; x_wconf 86' lang='lat' dir='ltr'>vos</span> <span class='ocrx_word' id='word_1_253' title='bbox 1143 2021 1215 2064; x_wconf 89' lang='lat' dir='ltr'>ille</span> <span class='ocrx_word' id='word_1_254' title='bbox 1232 2022 1430 2066; x_wconf 87' lang='lat' dir='ltr'>invitavit</span> <span class='ocrx_word' id='word_1_255' title='bbox 1446 2057 1457 2076; x_wconf 86' lang='lat'>‚</span> <span class='ocrx_word' id='word_1_256' title='bbox 1480 2038 1558 2081; x_wconf 88' lang='lat' dir='ltr'>per</span> <span class='ocrx_word' id='word_1_257' title='bbox 1580 2039 1658 2067; x_wconf 91' lang='lat' dir='ltr'>nos</span> <span class='ocrx_word' id='word_1_258' title='bbox 1679 2024 1790 2069; x_wconf 89' lang='lat' dir='ltr'>invi-</span> 
     </span>
     <span class='ocr_line' id='line_1_27' title="bbox 407 2092 1787 2153; baseline 0.002 -16"><span class='ocrx_word' id='word_1_259' title='bbox 407 2093 528 2138; x_wconf 89' lang='lat' dir='ltr'>tavit.</span> <span class='ocrx_word' id='word_1_260' title='bbox 555 2096 608 2137; x_wconf 90' lang='lat' dir='ltr'>In</span> <span class='ocrx_word' id='word_1_261' title='bbox 624 2092 824 2137; x_wconf 89' lang='lat' dir='ltr'>convivio</span> <span class='ocrx_word' id='word_1_262' title='bbox 836 2093 936 2136; x_wconf 88' lang='lat' dir='ltr'>estis</span> <span class='ocrx_word' id='word_1_263' title='bbox 948 2107 1114 2147; x_wconf 87' lang='lat' dir='ltr'>omnes,</span> <span class='ocrx_word' id='word_1_264' title='bbox 1133 2092 1337 2136; x_wconf 87' lang='lat' dir='ltr'>habetote</span> <span class='ocrx_word' id='word_1_265' title='bbox 1350 2101 1513 2136; x_wconf 87' lang='lat' dir='ltr'>vestem</span> <span class='ocrx_word' id='word_1_266' title='bbox 1532 2094 1787 2153; x_wconf 82' lang='lat' dir='ltr'>nuptialem.</span> 
     </span>
     <span class='ocr_line' id='line_1_28' title="bbox 408 2161 1792 2223; baseline 0 -15"><span class='ocrx_word' id='word_1_267' title='bbox 408 2167 590 2223; x_wconf 81' lang='lat' dir='ltr'>Expono</span> <span class='ocrx_word' id='word_1_268' title='bbox 623 2178 722 2223; x_wconf 84' lang='lat' dir='ltr'>quae</span> <span class='ocrx_word' id='word_1_269' title='bbox 745 2170 809 2206; x_wconf 90' lang='lat' dir='ltr'>est</span> <span class='ocrx_word' id='word_1_270' title='bbox 825 2196 837 2216; x_wconf 93' lang='lat'>‚</span> <span class='ocrx_word' id='word_1_271' title='bbox 876 2171 925 2205; x_wconf 89' lang='lat' dir='ltr'>ut</span> <span class='ocrx_word' id='word_1_272' title='bbox 965 2175 1113 2205; x_wconf 86' lang='lat' dir='ltr'>omnes</span> <span class='ocrx_word' id='word_1_273' title='bbox 1148 2161 1340 2206; x_wconf 87' lang='lat' dir='ltr'>habeatis</span> <span class='ocrx_word' id='word_1_274' title='bbox 1357 2196 1367 2216; x_wconf 90' lang='lat'><strong>‚</strong></span> <span class='ocrx_word' id='word_1_275' title='bbox 1393 2170 1436 2206; x_wconf 88' lang='lat' dir='ltr'>et</span> <span class='ocrx_word' id='word_1_276' title='bbox 1465 2163 1499 2206; x_wconf 89' lang='lat' dir='ltr'>si</span> <span class='ocrx_word' id='word_1_277' title='bbox 1533 2163 1687 2223; x_wconf 83' lang='lat' dir='ltr'>aliquis</span> <span class='ocrx_word' id='word_1_278' title='bbox 1722 2179 1792 2208; x_wconf 89' lang='lat' dir='ltr'>me</span> 
     </span>
     <span class='ocr_line' id='line_1_29' title="bbox 408 2232 1854 2294; baseline 0.001 -16"><span class='ocrx_word' id='word_1_279' title='bbox 408 2250 497 2279; x_wconf 91' lang='lat' dir='ltr'>non</span> <span class='ocrx_word' id='word_1_280' title='bbox 513 2236 528 2260; x_wconf 79' lang='lat'>4</span> <span class='ocrx_word' id='word_1_281' title='bbox 544 2234 666 2278; x_wconf 87' lang='lat' dir='ltr'>audit</span> <span class='ocrx_word' id='word_1_282' title='bbox 686 2233 762 2293; x_wconf 89' lang='lat' dir='ltr'>qui</span> <span class='ocrx_word' id='word_1_283' title='bbox 783 2248 873 2277; x_wconf 92' lang='lat' dir='ltr'>non</span> <span class='ocrx_word' id='word_1_284' title='bbox 893 2232 1048 2287; x_wconf 83' lang='lat' dir='ltr'>habet,</span> <span class='ocrx_word' id='word_1_285' title='bbox 1074 2240 1309 2291; x_wconf 84' lang='lat' dir='ltr'>antequam</span> <span class='ocrx_word' id='word_1_286' title='bbox 1349 2234 1497 2278; x_wconf 81' lang='lat' dir='ltr'>veniat</span> <span class='ocrx_word' id='word_1_287' title='bbox 1536 2234 1791 2293; x_wconf 85' lang='lat' dir='ltr'>paterfami-</span> <span class='ocrx_word' id='word_1_288' title='bbox 1851 2279 1854 2294; x_wconf 44' lang='lat'>¹</span> 
     </span>
    </p>
   </div>
   <div class='ocr_carea' id='block_1_7' title="bbox 408 2301 1898 2363">
    <p class='ocr_par' dir='ltr' id='par_1_8' title="bbox 408 2301 1898 2363">
     <span class='ocr_line' id='line_1_30' title="bbox 408 2301 1898 2363; baseline -0.001 -13"><span class='ocrx_word' id='word_1_289' title='bbox 408 2305 484 2350; x_wconf 86' lang='lat' dir='ltr'>lias</span> <span class='ocrx_word' id='word_1_290' title='bbox 505 2314 548 2349; x_wconf 90' lang='lat' dir='ltr'>et</span> <span class='ocrx_word' id='word_1_291' title='bbox 569 2305 770 2350; x_wconf 83' lang='lat' dir='ltr'>convivas</span> <span class='ocrx_word' id='word_1_292' title='bbox 802 2319 901 2348; x_wconf 89' lang='lat' dir='ltr'>suos</span> <span class='ocrx_word' id='word_1_293' title='bbox 922 2303 1120 2362; x_wconf 88' lang='lat' dir='ltr'>inspiciat</span> <span class='ocrx_word' id='word_1_294' title='bbox 1136 2338 1146 2358; x_wconf 86' lang='lat'>,</span> <span class='ocrx_word' id='word_1_295' title='bbox 1186 2313 1381 2349; x_wconf 86' lang='lat' dir='ltr'>mutetur</span> <span class='ocrx_word' id='word_1_296' title='bbox 1402 2305 1449 2348; x_wconf 90' lang='lat' dir='ltr'>in</span> <span class='ocrx_word' id='word_1_297' title='bbox 1470 2305 1622 2350; x_wconf 92' lang='lat' dir='ltr'>melius</span> <span class='ocrx_word' id='word_1_298' title='bbox 1639 2341 1650 2362; x_wconf 82' lang='lat'>‚</span> <span class='ocrx_word' id='word_1_299' title='bbox 1676 2308 1791 2352; x_wconf 75' lang='lat' dir='ltr'>acci·</span> <span class='ocrx_word' id='word_1_300' title='bbox 1848 2301 1871 2363; x_wconf 46' lang='lat' dir='ltr'><strong>J</strong></span> <span class='ocrx_word' id='word_1_301' title='bbox 1896 2306 1898 2310; x_wconf 85' lang='lat'>&#39;</span> 
     </span>
    </p>
   </div>
   <div class='ocr_carea' id='block_1_8' title="bbox 408 2373 1443 2435">
    <p class='ocr_par' dir='ltr' id='par_1_9' title="bbox 408 2373 1443 2435">
     <span class='ocr_line' id='line_1_31' title="bbox 408 2373 1443 2435; baseline 0 -17"><span class='ocrx_word' id='word_1_302' title='bbox 408 2376 499 2435; x_wconf 88' lang='lat' dir='ltr'>piat</span> <span class='ocrx_word' id='word_1_303' title='bbox 514 2384 676 2420; x_wconf 85' lang='lat' dir='ltr'>vestem</span> <span class='ocrx_word' id='word_1_304' title='bbox 691 2373 933 2434; x_wconf 88' lang='lat' dir='ltr'>nuptialem</span> <span class='ocrx_word' id='word_1_305' title='bbox 951 2408 962 2429; x_wconf 88' lang='lat'>,</span> <span class='ocrx_word' id='word_1_306' title='bbox 978 2388 1151 2417; x_wconf 88' lang='lat' dir='ltr'>securus</span> <span class='ocrx_word' id='word_1_307' title='bbox 1166 2373 1443 2425; x_wconf 58' lang='lat' dir='ltr'>discumbat„</span> 
     </span>
    </p>
   </div>
   <div class='ocr_carea' id='block_1_9' title="bbox 410 2444 1879 2582">
    <p class='ocr_par' dir='ltr' id='par_1_10' title="bbox 410 2432 1879 2582">
     <span class='ocr_line' id='line_1_32' title="bbox 467 2444 1857 2513; baseline 0.001 -23"><span class='ocrx_word' id='word_1_308' title='bbox 467 2448 543 2490; x_wconf 90' lang='lat' dir='ltr'>Vl.</span> <span class='ocrx_word' id='word_1_309' title='bbox 564 2449 664 2491; x_wconf 87' lang='lat' dir='ltr'>Non</span> <span class='ocrx_word' id='word_1_310' title='bbox 684 2446 800 2490; x_wconf 89' lang='lat' dir='ltr'>enim</span> <span class='ocrx_word' id='word_1_311' title='bbox 818 2460 918 2489; x_wconf 90' lang='lat' dir='ltr'>vere</span> <span class='ocrx_word' id='word_1_312' title='bbox 933 2479 945 2499; x_wconf 90' lang='lat'>‚</span> <span class='ocrx_word' id='word_1_313' title='bbox 978 2444 1234 2499; x_wconf 85' lang='lat' dir='ltr'>charissimi,</span> <span class='ocrx_word' id='word_1_314' title='bbox 1258 2444 1332 2489; x_wconf 91' lang='lat' dir='ltr'>ille</span> <span class='ocrx_word' id='word_1_315' title='bbox 1349 2446 1426 2505; x_wconf 91' lang='lat' dir='ltr'>qui</span> <span class='ocrx_word' id='word_1_316' title='bbox 1453 2444 1554 2490; x_wconf 89' lang='lat' dir='ltr'>inde</span> <span class='ocrx_word' id='word_1_317' title='bbox 1576 2447 1791 2506; x_wconf 88' lang='lat' dir='ltr'>projectus</span> <span class='ocrx_word' id='word_1_318' title='bbox 1848 2494 1857 2513; x_wconf 26' lang='grc' dir='ltr'>Ἴ</span> 
     </span>
     <span class='ocr_line' id='line_1_33' title="bbox 410 2514 1879 2582; baseline 0.003 -24"><span class='ocrx_word' id='word_1_319' title='bbox 410 2524 472 2558; x_wconf 89' lang='lat' dir='ltr'>est</span> <span class='ocrx_word' id='word_1_320' title='bbox 493 2530 632 2560; x_wconf 89' lang='lat' dir='ltr'>unum</span> <span class='ocrx_word' id='word_1_321' title='bbox 666 2516 889 2561; x_wconf 87' lang='lat' dir='ltr'>hominem</span> <span class='ocrx_word' id='word_1_322' title='bbox 910 2514 1121 2573; x_wconf 84' lang='lat' dir='ltr'>significat</span> <span class='ocrx_word' id='word_1_323' title='bbox 1144 2533 1151 2559; x_wconf 93' lang='lat'><strong>:</strong></span> <span class='ocrx_word' id='word_1_324' title='bbox 1180 2515 1306 2559; x_wconf 87' lang='lat' dir='ltr'>absit.</span> <span class='ocrx_word' id='word_1_325' title='bbox 1327 2515 1457 2560; x_wconf 84' lang='lat' dir='ltr'>Multi</span> <span class='ocrx_word' id='word_1_326' title='bbox 1485 2526 1598 2561; x_wconf 90' lang='lat' dir='ltr'>sunt.</span> <span class='ocrx_word' id='word_1_327' title='bbox 1625 2519 1682 2562; x_wconf 88' lang='lat' dir='ltr'>Et</span> <span class='ocrx_word' id='word_1_328' title='bbox 1701 2518 1790 2577; x_wconf 91' lang='lat' dir='ltr'>ipse</span> <span class='ocrx_word' id='word_1_329' title='bbox 1829 2523 1834 2570; x_wconf 71' lang='lat' dir='ltr'><strong><em>s</em></strong></span> <span class='ocrx_word' id='word_1_330' title='bbox 1850 2575 1853 2580; x_wconf 29' lang='grc' dir='ltr'>Ι</span> <span class='ocrx_word' id='word_1_331' title='bbox 1870 2575 1879 2582; x_wconf 17' lang='lat'>¹,</span> 
     </span>
    </p>
   </div>
   <div class='ocr_carea' id='block_1_10' title="bbox 458 2595 1763 2640">
    <p class='ocr_par' dir='ltr' id='par_1_11' title="bbox 458 2595 1763 2640">
     <span class='ocr_line' id='line_1_34' title="bbox 458 2595 1763 2640; baseline 0.003 -11"><span class='ocrx_word' id='word_1_332' title='bbox 458 2603 465 2620; x_wconf 88' lang='lat'>¹</span> <span class='ocrx_word' id='word_1_333' title='bbox 488 2599 577 2630; x_wconf 79' lang='lat' dir='ltr'>Cant.</span> <span class='ocrx_word' id='word_1_334' title='bbox 600 2609 675 2640; x_wconf 79' lang='lat'>1,7.</span> <span class='ocrx_word' id='word_1_335' title='bbox 699 2615 738 2622; x_wconf 92' lang='lat'><strong>—</strong></span> <span class='ocrx_word' id='word_1_336' title='bbox 756 2598 833 2631; x_wconf 91' lang='lat' dir='ltr'>21d.</span> <span class='ocrx_word' id='word_1_337' title='bbox 853 2609 902 2639; x_wconf 84' lang='lat' dir='ltr'>ur,</span> <span class='ocrx_word' id='word_1_338' title='bbox 919 2597 952 2630; x_wconf 88' lang='lat'>6.</span> <span class='ocrx_word' id='word_1_339' title='bbox 973 2614 1016 2621; x_wconf 94' lang='lat'>—</span> <span class='ocrx_word' id='word_1_340' title='bbox 1035 2595 1048 2622; x_wconf 83' lang='lat'>3</span> <span class='ocrx_word' id='word_1_341' title='bbox 1064 2597 1175 2631; x_wconf 84' lang='lat' dir='ltr'>Matth.</span> <span class='ocrx_word' id='word_1_342' title='bbox 1197 2609 1275 2640; x_wconf 79' lang='lat' dir='ltr'>xm,</span> <span class='ocrx_word' id='word_1_343' title='bbox 1294 2607 1345 2640; x_wconf 78' lang='lat'>12,</span> <span class='ocrx_word' id='word_1_344' title='bbox 1370 2600 1425 2632; x_wconf 82' lang='lat'>13.</span> <span class='ocrx_word' id='word_1_345' title='bbox 1448 2616 1490 2623; x_wconf 94' lang='lat'>-·</span> <span class='ocrx_word' id='word_1_346' title='bbox 1511 2598 1528 2631; x_wconf 72' lang='lat'>4</span> <span class='ocrx_word' id='word_1_347' title='bbox 1546 2601 1653 2635; x_wconf 73' lang='lat' dir='ltr'>Forte</span> <span class='ocrx_word' id='word_1_348' title='bbox 1669 2612 1763 2634; x_wconf 88' lang='lat' dir='ltr'>nunc.</span> 
     </span>
    </p>
   </div>
   <div class='ocr_carea' id='block_1_11' title="bbox 1815 0 1898 3178">
    <p class='ocr_par' dir='ltr' id='par_1_12' title="bbox 1815 0 1898 3178">
     <span class='ocr_line' id='line_1_35' title="bbox 1815 0 1898 3178; baseline 0 0"><span class='ocrx_word' id='word_1_349' title='bbox 1815 0 1898 3178; x_wconf 95' lang='lat' dir='ltr'> </span> 
     </span>
    </p>
   </div>
  </div>
 </body>
</html>
