1898 3178
337 285 475 312 sssmuo
508 287 626 314 XLvu
647 304 658 323 ,
694 288 747 313 DE
780 289 928 315 ovinus
961 290 1002 316 m
1037 286 1212 316 EzEcH.‘
1395 279 1449 318 49

77 350 133 394 tia
156 368 164 394 :
188 350 276 395 imo
299 365 401 394 vero
423 365 479 394 ne
497 351 542 394 in
574 351 686 395 illud
711 351 926 411 judicium
957 355 1118 399 incauti
1145 355 1389 409 veniamus,
1410 365 1454 400 et

74 421 178 465 caeci
203 420 466 478 negligentes
500 422 735 466 caecitatem
767 431 958 467 nostram
982 425 1127 470 subito
1146 441 1223 470 nos
1246 425 1300 470 ad
1327 426 1453 470 sinis-

74 499 184 535 tram
220 490 512 546 inveniamus,
546 491 771 551 disciplina
809 503 1079 550 exerceatur,
1114 496 1331 555 judicium
1363 512 1452 541 non

75 559 383 618 praecipitetur.
1433 606 1436 608 ,

133 632 232 674 VII.
259 629 373 683 Quid
392 645 494 689 ergo
509 632 749 676 Dominus?
770 651 790 674 «
806 635 919 678 Ecce
933 649 1014 692 ego
1033 633 1183 693 judico
1200 637 1313 680 inter
1330 652 1456 681 ovem

78 719 98 742 »
134 709 177 744 et
192 714 339 754 ovem,
380 709 423 744 et
444 701 593 745 arietes
619 710 662 745 et
691 702 878 746 hireos¹.
916 705 1010 760 Ego
1038 703 1189 763 judico
1214 724 1222 748 :
1254 724 1272 746 »
1298 722 1457 764 magna

75 770 296 824 securitas,
321 769 412 828 ipse
425 770 613 829 judicat,
631 772 768 816 securi
791 772 878 816 sint
900 772 1015 816 boni.
1043 776 1066 816 J
1073 773 1242 817 udicem
1264 775 1457 834 ipsorum

75 839 221 884 nullus
249 839 514 885 adversarius
537 843 811 901 corrumpit,
835 842 980 886 nullus
1006 842 1241 888 advocatus
1272 846 1453 888 eircum-

34 940 36 942 -
76 911 195 955 venit
207 945 217 965 ,
235 910 382 955 nullus
399 912 518 955 testis
534 911 695 955 illudit.
721 912 805 956 Sed
822 922 1036 971 quantum
1054 914 1194 957 securi
1211 924 1313 958 sunt
1335 915 1457 968 boni,

77 990 247 1026 tantum
282 982 460 1026 timeant
485 982 602 1026 mali.
627 985 724 1028 Non
741 982 836 1026 talis
858 982 1025 1042 judicat
1042 1019 1052 1038 ,
1078 985 1149 1028 cui
1171 985 1336 1044 aliquid
1361 987 1462 1029 abs-

78 1052 306 1096 condatur.
332 1052 558 1112 Numquid
594 1053 707 1096 enim
739 1056 852 1097 Deus
875 1053 1073 1112 judicans
1107 1056 1368 1114 quaesiturus
1399 1065 1464 1100 est

78 1132 206 1167 testes
221 1158 231 1176 ‚
257 1139 334 1182 per
347 1139 454 1182 quos
472 1123 608 1167 discat
625 1124 720 1181 quis
743 1124 797 1166 sis
815 1126 832 1166 Ξ)
857 1114 981 1167 Und’e
1004 1134 1144 1181 potest
1165 1125 1258 1168 falli
1275 1127 1372 1184 quis
1389 1127 1460 1180 sis,

79 1193 152 1252 qui
171 1201 350 1237 noverat
370 1193 467 1251 quis
484 1208 594 1236 esses
615 1192 818 1235 tuturus?
846 1196 904 1234 Te
929 1193 1194 1251 interrogat,
1220 1210 1310 1238 non
1331 1194 1464 1238 alium

80 1261 135 1306 de
153 1270 210 1305 te.
229 1261 486 1315 «Dominus,
502 1261 659 1320 inquit,
678 1262 913 1318 interrogat
934 1263 1102 1320 justum
1125 1272 1168 1306 et
1184 1264 1368 1322 impium
1385 1267 1416 1307 2.
1445 1286 1461 1306 »

82 1335 324 1389 Interrogat
356 1339 503 1374 autem
522 1339 563 1374 te
578 1365 589 1384 ,
614 1345 706 1373 non
729 1339 779 1373 ut
800 1330 937 1374 discat
959 1348 982 1375 a
1005 1344 1047 1375 ie
1066 1367 1076 1385 ,
1101 1332 1177 1377 sed
1205 1342 1254 1377 ut
1278 1335 1466 1378 confun-

81 1401 157 1446 dat
176 1410 232 1445 te.
261 1404 482 1445 Habentes
503 1415 606 1458 ergo
616 1399 808 1459 judicem
832 1399 965 1444 talem
979 1436 988 1453 ,
1015 1417 1145 1460 quem
1166 1417 1296 1447 nemo
1313 1414 1466 1448 contra

66 1473 160 1516 'nos
183 1470 295 1515 fallit
309 1505 320 1525 ‚
341 1485 472 1514 nemo
489 1485 567 1528 pro
588 1469 740 1526 nobis,
766 1470 824 1512 sic
845 1485 1022 1528 agamus
1036 1506 1046 1526 ‚
1077 1480 1124 1515 ut
1140 1474 1232 1532 ejus
1249 1473 1467 1534 judicium

42 1557 48 1562 ·
81 1550 317 1585 venturum
329 1555 418 1583 non
441 1539 670 1582 timeamus
685 1573 696 1592 ‚
712 1538 787 1582 sed
802 1548 1076 1598 expectemus
1094 1550 1138 1584 et
1153 1542 1463 1587 desideremus.

80 1610 306 1670 Numquid
341 1609 458 1653 enim
481 1608 698 1653 frumenta
725 1610 906 1663 timent,
940 1626 996 1654 ne
1029 1612 1262 1656 mittantur
1291 1614 1337 1657 in
1358 1615 1465 1658 hor-

82 1682 238 1724 reum?
256 1683 351 1723 lmo
373 1687 527 1736 optant
548 1679 853 1732 vehementer,
879 1688 922 1722 et
941 1678 1206 1724 desiderant.
1241 1682 1468 1742 Numquid

83 1765 184 1796 oves
202 1750 372 1802 timent,
397 1763 453 1791 ne
476 1757 692 1805 ponantur
709 1747 763 1791 ad
779 1748 1034 1792 dexteram?
1053 1753 1147 1794 Imo
1167 1751 1276 1795 nihil
1297 1753 1359 1801 eis
1378 1762 1467 1797 tam

78 1820 260 1872 ‚tardum
278 1828 367 1872 est,
405 1834 537 1877 quam
559 1819 699 1864 donec
720 1819 809 1862 fiat.
850 1820 904 1862 Hi
925 1835 1028 1863 vero
1051 1836 1103 1863 ex
1131 1822 1277 1866 animo
1299 1832 1342 1867 et
1376 1832 1467 1867 tota

78 1891 328 1942 sinceritate
343 1889 519 1943 dicunt,
544 1903 643 1932 cum
668 1898 815 1932 orant:
837 1909 851 1926 «
876 1890 1029 1932 Veniat
1052 1905 1233 1947 regnum
1261 1901 1386 1936 tuum
1402 1896 1463 1938 ³.»

84 1961 189 2008 Mali
208 1976 311 2010 vero
332 1959 521 2004 hominis
541 1959 587 2002 in
608 1960 673 2002 his
698 1959 838 2003 verbis
861 1968 901 2003 et
920 1976 993 2003 cor
1011 1961 1199 2019 trepidat
1218 1996 1228 2015 ,
1255 1972 1298 2007 et
1319 1961 1469 2022 lingua

62 2031 260 2076 'titubat
283 2026 515 2082 Quomodo
537 2027 652 2070 enim
672 2027 805 2073 dicis:
836 2046 855 2068 «
877 2029 1034 2072 Veniet
1054 2045 1235 2087 reguum
1259 2034 1419 2076 tuum?
1444 2051 1464 2073 »

56 2110 60 2112 ’
77 2105 198 2147 <Ecce
218 2101 365 2145 veniet
382 2117 391 2142 :
418 2097 594 2158 qualem
611 2106 654 2150 te
675 2097 899 2142 inveniet?
925 2099 993 2143 Sic
1013 2115 1117 2157 ergo
1141 2117 1218 2159 age
1233 2136 1244 2155 ,
1265 2111 1315 2145 ut
1344 2117 1469 2146 secu-

79 2182 159 2222 Jrus
189 2186 296 2216 ores.
323 2173 380 2213 Et
396 2170 430 2212 si
446 2168 555 2227 quid
572 2167 684 2212 forte
696 2168 813 2213 inest
834 2168 880 2213 in
900 2170 1166 2214 conscientia
1189 2172 1318 2215 errati
1336 2181 1468 2232 atque

84 2240 254 2300 peceati
268 2274 278 2292 ‚
305 2239 437 2282 habes
451 2238 497 2281 in
519 2237 610 2296 ipsa
633 2237 837 2281 oratione
848 2236 1108 2288 medicinam
1136 2258 1185 2283 :,«
1200 2241 1377 2285 Dimitte
1394 2258 1471 2287 no-

85 2331 121 2361 ;»·
147 2311 214 2355 bis
243 2309 391 2353 debita
419 2317 588 2362 nostra,
619 2308 732 2351 sieut
754 2316 796 2350 et
818 2323 896 2350 nos
918 2308 1176 2356 dimittimus
1198 2310 1471 2363 debitoribus

80 2401 115 2427 η»
150 2380 305 2424 nostris
316 2381 348 2423 4.
359 2397 378 2419 n
391 2377 541 2421 Voluit
555 2378 670 2420 enim
686 2381 796 2429 Deus
813 2378 869 2421 sic
894 2387 935 2421 te
956 2394 1046 2422 esse
1061 2378 1317 2435 debitorem,
1335 2391 1386 2426 ut
1401 2384 1474 2427 ha-

93 2451 194 2495 beas
217 2450 474 2494 debitorem.
504 2448 730 2491 Peccando
749 2448 1149 2506 quippeinimicum
1174 2459 1216 2493 te
1237 2449 1339 2496 facis
1356 2456 1469 2498 Deo:

87 2522 170 2569 sed
182 2520 357 2566 attende
374 2534 429 2563 ne
446 2519 559 2563 forte
575 2527 625 2562 tu
637 2519 798 2562 habeas
811 2519 1051 2563 inimicum.
1063 2520 1256 2577 Dimitte,
1273 2532 1316 2566 et
1335 2522 1476 2568 dimit-

144 2613 152 2630 ι
174 2606 289 2639 Ezecl„
307 2615 414 2641 xum,
438 2614 490 2645 ις,
511 2618 552 2626 ——
573 2609 586 2625 ²
607 2601 686 2635 Psal.
710 2612 741 2643 x,
758 2605 788 2633 6.
818 2619 858 2624 --
880 2601 892 2625 3
917 2603 1036 2635 Manli.
1058 2614 1102 2644 vr,
1123 2614 1171 2636 ιο.
1186 2603 1257 2634 -4
1277 2606 1358 2639 ibid.
1380 2617 1429 2640 12.

282 2668 418 2699 cxxv.
1245 2658 1266 2696 ‘'¹-
