1898 3178
450 272 530 309 180
886 279 919 308 s.
955 278 1186 310 AUGUSTIM
1219 281 1401 310 11’15001’1

442 346 603 406 quibus
625 346 818 390 dicturus
834 352 924 390 est:
949 348 1047 390 «Ite
1068 345 1115 389 in
1132 346 1276 406 ignem
1293 355 1531 400 aeternum,
1555 347 1632 406 qui
1654 355 1829 405 paratus

443 434 464 458 »
482 424 547 460 est
567 415 742 461 diabolo
759 424 803 459 et
824 414 984 474 angelis
999 417 1089 476 ejus
1104 418 1165 472 ¹,»
1181 417 1257 462 fiet
1273 417 1320 461 in
1333 416 1416 462 illis
1438 416 1641 463 voluntas
1663 417 1754 472 Dei,
1780 425 1830 461 ut

439 486 542 531 mali
564 487 828 531 damnentur
851 486 897 531 in
920 487 1067 546 ignem
1089 489 1419 548 sempiternum.
1448 488 1583 533 Aliud
1598 497 1677 542 est,
1692 496 1743 532 ut
1754 488 1831 531 fiat

440 574 464 602 a
486 568 542 602 te.
571 560 627 602 Ut
649 572 750 616 ergo
767 558 843 603 fiat
863 558 910 603 in
931 567 996 615 te,
1022 575 1112 604 non
1134 561 1225 604 sine
1254 575 1381 605 causa
1411 575 1526 614 oras,
1550 560 1631 603 nisi
1646 569 1696 603 ut
1717 560 1830 603 bene

438 629 492 672 sit
514 628 606 672 tibi.
632 628 730 673 Sive
751 643 852 687 ergo
868 629 981 673 bene
998 630 1052 673 sit
1069 630 1166 685 tibi,
1187 631 1276 675 sive
1291 630 1402 674 male
1420 629 1475 674 sit
1486 629 1583 684 tibi,
1603 629 1678 673 fiet
1700 629 1745 672 in
1762 637 1827 674 te:

436 699 512 743 sed
529 700 604 744 flat
625 708 669 744 et
691 716 714 745 a
736 709 794 745 te.
822 703 966 754 Quare
989 717 1093 760 ergo
1124 701 1251 747 dico:
1276 720 1296 744 «
1323 702 1422 746 Fiat
1449 699 1654 746 voluntas
1688 710 1761 745 tua
1782 700 1828 744 in
1874 699 1878 740 Ξ

441 788 460 810 »
496 769 610 814 coelo
633 779 675 815 et
697 771 741 815 in
774 780 889 816 terra
913 790 922 817 :
949 790 970 812 »
1007 781 1050 816 et
1073 787 1163 816 non
1185 772 1284 816 dico
1320 790 1330 817 ε
1365 772 1462 816 Fiat
1484 771 1687 816 voluntas
1709 780 1784 815 tua
1806 786 1830 815 a
1873 802 1875 805 .

435 841 549 886 00010
567 850 610 886 et
630 858 654 886 a
675 843 818 886 terra?
837 842 948 896 Quia
973 842 1094 902 quod
1110 844 1160 886 fit
1177 858 1201 886 a
1220 851 1263 886 te
1278 877 1290 898 ‚
1314 842 1407 902 ipse
1427 841 1530 886 facit
1551 842 1598 886 in
1620 851 1677 886 te.
1702 844 1829 887 Nun-a
1872 867 1875 879 ·

435 927 569 973 quam
585 913 634 957 fit
650 929 675 957 a
689 922 746 969 te,
763 913 885 974 quod
902 929 991 958 non
1010 914 1100 973 ipse
1122 912 1227 958 facit
1248 913 1295 957 in
1323 922 1380 958 te.
1410 912 1496 958 Sed
1518 911 1755 974 aliquando
1769 912 1831 957 fa·
1870 933 1875 975 ς

435 984 494 1029 cit
511 985 556 1028 in
571 994 634 1040 te,
660 985 782 1045 quod
805 1000 896 1030 non
916 986 969 1029 fit
990 1000 1013 1029 a
1027 994 1070 1029 te
1097 1003 1106 1030 :
1132 999 1361 1044 nunquam
1378 993 1525 1029 autem
1547 983 1714 1044 aliquid
1735 983 1785 1029 fit
1806 999 1831 1028 a
1870 983 1873 994 '

434 1064 477 1099 te
493 1090 504 1110 ,
530 1055 564 1098 si
587 1070 676 1099 non
695 1054 799 1099 facit
820 1055 867 1098 in
885 1063 943 1099 te.

493 1127 616 1169 VIII.
645 1126 763 1178 Quid
784 1116 847 1170 est
869 1134 1016 1170 autem
1039 1144 1060 1168 «
1078 1128 1129 1169 In
1148 1125 1264 1171 coelo
1282 1134 1326 1170 et
1340 1125 1386 1169 in
1405 1134 1518 1169 terra
1534 1126 1654 1180 »‚vel
1673 1125 1831 1170 «Sicut

438 1214 458 1238 »
493 1196 539 1240 in
551 1195 682 1251 coelo,
700 1205 743 1240 et
761 1196 806 1239 in
824 1197 995 1241 terrai'»
1020 1196 1208 1240 Faciunt
1228 1194 1385 1255 Angeli
1398 1194 1671 1241 voluntatem
1691 1204 1826 1251 tuam,

435 1266 643 1312 {aciamus
666 1275 709 1310 et
726 1281 819 1311 nos.
836 1284 856 1308 «
873 1266 970 1310 Fiat
984 1265 1187 1311 voluntas
1209 1275 1286 1311 tua
1302 1266 1413 1310 sicut
1429 1267 1475 1309 in
1497 1265 1610 1310 coelo
1623 1266 1830 1310 01111101-
1870 1306 1872 1311 ,

439 1356 459 1380 »
495 1353 557 1381 ra.
582 1355 602 1378 »
627 1338 752 1381 Mens
769 1336 934 1380 coelum
955 1345 1019 1380 est
1034 1370 1045 1391 ‚
1069 1351 1171 1380 caro
1194 1345 1307 1381 terra
1329 1346 1408 1381 est.
1428 1337 1616 1390 Quando
1638 1335 1743 1380 dicis
1758 1371 1769 1391 ‚
1794 1336 1829 1380 si

435 1417 582 1452 tamen
597 1407 703 1452 dicis
719 1442 729 1461 ,
755 1407 875 1467 quod
893 1408 952 1450 ait
973 1406 1205 1466 Apostolus
1226 1425 1234 1452 :
1266 1426 1285 1449 «
1305 1410 1454 1452 Mente
1471 1408 1610 1453 servio
1628 1406 1714 1466 legi
1730 1407 1825 1460 Dei,

439 1497 460 1521 »
496 1493 625 1523 031110
647 1487 792 1522 autem
813 1477 898 1536 legi
919 1477 1111 1537 peccati²
1138 1497 1146 1521 :
1172 1477 1222 1521 fit
1243 1476 1446 1522 voluntas
1461 1479 1538 1522 Dei
1552 1478 1599 1522 in
1611 1476 1829 1533 coelo‚sed
1896 1515 1898 1522 ,

437 1549 638 1595 nondum
671 1549 718 1593 in
753 1558 882 1593 terra.
931 1551 1044 1593 Cum
1074 1563 1176 1593 vero
1216 1563 1316 1594 0310
1353 1550 1489 1594 menti
1536 1549 1799 1593 consenserit
1812 1583 1824 1605 ‚
1895 1593 1898 1601 Α

438 1630 482 1665 et
498 1621 700 1679 absorpta
723 1619 856 1664 suerit
877 1635 993 1664 mors
1023 1620 1069 1664 in
1091 1621 1318 1665 victoriam
1333 1623 1366 1676 ³,
1399 1631 1451 1666 ut
1473 1621 1593 1665 nulla
1616 1621 1828 1665 desideria
1893 1644 1898 1671 ;

437 1691 625 1736 carnalia
660 1699 936 1744 remaneant,
965 1705 1066 1734 cum
1101 1692 1263 1750 quibus
1298 1707 1421 1736 mens
1468 1691 1696 1749 confligat,
1726 1705 1827 1735 cum

438 1763 653 1808 transierit
675 1763 762 1805 rixa
784 1762 829 1805 in
847 1770 962 1805 terra
977 1795 988 1816 ,
1010 1776 1112 1806 cum
1131 1763 1346 1806 transierit
1362 1762 1530 1807 bellum
1550 1761 1708 1817 cordis,
1725 1777 1826 1806 cum

436 1833 654 1879 transierit
676 1830 797 1892 quod
827 1830 994 1876 dictum
1015 1841 1079 1876 est
1118 1851 1127 1878 ε
1159 1834 1303 1878 «Caro
1325 1833 1593 1892 concupiscit
1615 1832 1822 1877 adversus

436 1924 459 1948 »
493 1905 692 1964 spiritum
707 1939 718 1959 ‚
739 1911 782 1947 et
800 1902 975 1962 spiritus
995 1903 1199 1948 adversus
1219 1918 1394 1948 carnem
1412 1924 1423 1961 3
1449 1905 1544 1948 haec
1572 1903 1689 1947 enim
1711 1903 1824 1948 invi-

437 1996 459 2019 »
494 1991 588 2020 cem
610 1975 915 2032 adversantur3
934 1982 984 2018 ut
1004 1989 1094 2018 non
1111 1989 1159 2018 ea
1174 1989 1274 2034 quae
1292 1974 1423 2018 vultis
1439 1973 1603 2018 faciatis
1619 1975 1635 1999 ⁴
1654 1994 1662 2018 ;
1684 1992 1704 2015 »
1723 1988 1824 2018 cum
1842 2007 1844 2010 -

440 2271 584 2317 netur,
610 2259 720 2304 nihil
742 2256 862 2319 quod
894 2256 1115 2314 calcetur3
1153 2257 1230 2301 sed
1257 2266 1400 2301 totum
1434 2272 1512 2317 per
1544 2255 1842 2302 concordiamc
1895 2286 1898 2311 ί

438 2340 590 2390 perget
613 2330 666 2375 ad
684 2330 922 2390 justitiam3
948 2328 1023 2371 flet
1048 2326 1251 2371 voluntas
1273 2328 1351 2371 Dei
1365 2328 1410 2371 in
1427 2327 1541 2372 coelo
1558 2336 1602 2371 et
1622 2327 1667 2371 in
1689 2336 1817 2371 terra.
1846 2296 1851 2369 l
1896 2378 1898 2383 .

444 2419 464 2442 «
496 2402 590 2445 Fiat
618 2400 820 2445 voluntas
850 2409 926 2443 tua
947 2399 993 2441 in
1016 2397 1130 2441 coelo
1152 2406 1195 2442 et
1216 2398 1259 2441 in
1287 2407 1416 2442 terra.
1440 2416 1460 2439 »
1500 2397 1819 2442 Perfectionem
1837 2390 1848 2447 ,ξ
1883 2409 1885 2413 ”

439 2479 638 2530 optamus
655 2506 665 2526 ,
692 2469 870 2531 quando
890 2470 974 2513 hoc
992 2483 1180 2512 oramus.
1202 2470 1313 2512 Item
1333 2487 1353 2510 «
1371 2467 1467 2512 Fiat
1485 2467 1687 2513 voluntas
1709 2476 1785 2512 tua
1802 2500 1815 2522 ,
1836 2459 1847 2563 i
1880 2480 1898 2525 ‚355

440 2560 461 2584 u
495 2543 604 2585 sicut
624 2542 669 2585 in
686 2541 820 2597 coelo,
845 2550 888 2586 et
909 2541 956 2584 in
976 2549 1103 2585 terra.
1132 2558 1152 2581 »
1195 2542 1247 2584 In
1268 2539 1459 2585 Ecclesia
1491 2538 1702 2599 spiritales
1725 2554 1817 2584 coe·
1895 2572 1898 2587 1

485 2632 493 2648 ¹
516 2626 626 2658 Mattlii
646 2636 720 2665 xxv,
741 2625 838 2668 4¹⁵-
863 2632 873 2648 ²
893 2628 983 2658 Rom.
1001 2636 1056 2666 vn,
1078 2623 1132 2658 25.
1148 2641 1189 2648 --
1213 2622 1227 2647 ³
1249 2635 1260 2657 1
1279 2627 1352 2657 Cor.
1372 2634 1426 2666 xv,
1446 2623 1547 2666 54-
1565 2623 1578 2654 4
1598 2623 1701 2659 Galat.
1717 2633 1750 2666 v,
1767 2634 1814 2666 17.
1839 2614 1844 2672 ᾗ
