1898 3178
386 209 469 247 510
814 215 848 243 s.
883 215 1115 244 Aucuszmm
1146 217 1325 244 Enscom

384 282 438 326 de
460 283 541 326 isto
562 281 659 326 loco
681 281 901 339 superiore
916 315 927 335 ,
951 280 1026 324 sed
1049 280 1224 338 potestis
1247 279 1515 340 ubicumque
1537 279 1649 322 estis.
1679 278 1765 322 Ubi

383 351 715 412 reprehenditur
731 350 949 405 Christus,
976 349 1199 394 defendite
1230 369 1238 395 :
1264 349 1657 394 murmuratoribus
1674 363 1766 392 res·

384 421 575 482 pondete
592 456 602 476 ,
628 420 994 479 blasphematores
1017 420 1245 480 corripite,
1271 421 1325 464 ab
1348 435 1496 465 eorum
1524 435 1600 464 vos
1628 419 1766 463 socie-

384 493 537 537 cietate
560 491 758 535 alienate.
788 490 856 535 Sic
883 491 1092 549 erogatis,
1126 490 1160 534 si
1181 490 1348 551 aliquos
1370 489 1615 535 lucramini.
1641 488 1767 548 Agite

383 564 520 608 vicem
538 571 731 606 nostram
751 562 798 605 in
818 561 1024 607 domibus
1045 562 1209 607 vestris.
1232 561 1470 620 Episcopus
1489 560 1591 605 inde
1620 558 1768 619 appel-

382 632 496 676 latus
532 641 595 677 est
611 667 622 688 ‚
670 632 772 692 quia
808 631 1125 692 superintendit
1139 667 1150 686 ‚
1185 632 1287 691 quia
1324 629 1591 675 intendendo
1627 637 1765 674 curat.

385 703 692 765 Unusquisque
714 718 815 762 ergo
838 704 884 747 in
902 703 1034 748 domo
1055 719 1131 747 sua
1146 737 1157 758 ‚
1179 703 1213 747 si
1237 712 1370 762 caput
1395 711 1458 747 est
1483 701 1634 746 domui
1653 716 1740 745 suae
1754 734 1766 755 ,

385 774 516 819 debet
541 774 594 819 ad
631 790 731 820 eum
753 776 970 836 pertinere
991 776 1263 835 episcopatus
1292 774 1486 818 officium
1498 808 1514 830 ,
1547 770 1769 833 quomodo

384 846 449 890 sui
470 847 650 892 credant
667 882 678 902 ‚
703 862 759 911 ne
776 846 910 907 aliqui
937 847 1129 906 ipsorum
1151 846 1196 889 in
1212 845 1410 890 haeresim
1438 845 1664 889 incurrant
1679 878 1690 899 ,
1715 858 1770 886 ne

384 932 517 972 uxor,
555 933 611 961 ne
634 916 746 962 filius
762 952 773 973 ‚
798 933 854 961 ne
888 917 976 961 filia
996 953 1006 971 ‚
1033 933 1088 961 ne
1110 917 1200 976 ipse
1233 932 1381 961 servus
1397 952 1408 972 ,
1434 916 1535 977 quia
1570 915 1681 960 tanti
1708 923 1771 958 est

385 997 572 1048 emptus.
600 988 833 1048 Disciplina
861 988 1097 1048 apostolica
1114 989 1351 1048 praeposuit
1371 987 1598 1032 dominum
1628 1000 1767 1040 servo,

389 1067 433 1102 et
463 1074 634 1104 servum
657 1058 852 1103 subdidit
869 1059 1047 1104 domino
1066 1062 1076 1084 ¹
1097 1078 1106 1103 :
1132 1060 1327 1104 Christus
1349 1068 1494 1103 tamen
1521 1073 1600 1117 pro
1617 1057 1772 1101 ambo—

387 1128 470 1173 bus
490 1144 628 1173 unum
650 1129 836 1188 pretium
859 1129 993 1173 dedit.
1023 1129 1224 1174 Minimos
1247 1138 1409 1174 vestros
1427 1127 1560 1173 nolite
1574 1135 1772 1172 contem-

386 1214 520 1255 nere,
547 1199 885 1245 domesticorum
919 1209 1164 1244 vestrorum
1196 1200 1379 1244 salutem
1401 1199 1521 1244 omni
1549 1197 1772 1257 vigilantia

386 1280 633 1329 procurate.
657 1273 763 1316 Haec
780 1271 815 1315 si
831 1270 973 1315 facitis
991 1306 1002 1327 ‚
1029 1272 1214 1330 erogatis
1238 1290 1247 1315 ι
1268 1271 1376 1330 pigri
1393 1269 1503 1314 servi
1520 1272 1611 1313 non'
1624 1268 1741 1313 eritis
1757 1302 1768 1322 ‚

386 1340 712 1386 damnationem
740 1350 831 1385 tam
851 1340 1153 1385 detestandam
1178 1355 1268 1385 non
1291 1339 1514 1384 timebitis,

431 1448 444 1468 ¹
462 1446 579 1490 EpheS.
601 1457 647 1488 vr,
665 1445 698 1488 5,
715 1451 748 1479 et
765 1446 826 1479 Tit.
847 1457 882 1488 u,
897 1458 930 1488 9.

1872 714 1898 760 Dr

1873 958 1898 996 Nu

1874 1399 1898 1440 su

1876 1626 1898 1654 vo

1876 1681 1898 1724 xi*

1876 1767 1898 1796 tn

1878 1980 1898 2022 ql
