1898 3178
413 204 496 242 452
851 209 884 238 S.
920 209 1150 238 mensum
1182 211 1362 238 nmscom

410 282 498 321 Deo
513 311 524 332 ,
550 291 637 320 non
658 274 932 333 semetipsum
955 274 1195 318 exinaniret
1215 274 1402 319 formam
1424 272 1534 317 servi
1552 272 1788 331 accipiens,

410 363 490 392 nec
512 347 720 391 sentirent
752 345 852 388 caeci
867 379 878 400 ,
904 353 953 389 ut
975 353 1148 404 possent
1169 344 1370 389 clamare.
1410 341 1495 388 Sed
1517 357 1616 387 cum
1640 357 1792 401 opera-

410 428 529 463 retur
552 416 795 462 transitoria
810 451 821 472 ,
851 414 897 460 id
917 424 1007 471 est,
1044 414 1291 460 humiliaret
1319 430 1362 458 se
1378 449 1388 469 ‚
1420 412 1560 458 factus
1584 412 1792 458 obediens

410 505 547 550 usque
580 488 635 532 ad
662 496 868 543 mortem,
909 496 1093 532 mortem
1125 496 1269 531 autem
1298 486 1461 540 crucis,
1497 483 1792 529 clamaverunt

409 560 498 604 duo
530 558 664 603 caeci:
705 559 952 603 «Miserere
985 558 1148 613 nostri,
1183 556 1244 600 fili
1275 555 1428 600 David.
1458 573 1478 596 n
1506 555 1612 608 Quia
1644 564 1686 598 et
1709 555 1792 598 hoc

409 630 551 689 ipsum
566 628 689 689 quod
707 629 918 674 Dominus
935 637 978 673 et
998 637 1165 673 creator
1186 625 1325 671 David
1340 661 1351 680 ,
1373 626 1503 670 etiam
1525 625 1638 669 filius
1656 625 1792 671 David

408 714 498 744 esse
519 699 659 745 voluit
674 734 685 754 ,
710 700 755 743 in
770 708 965 760 tempore
987 700 1070 744 hoc
1088 699 1197 757 egit,
1219 696 1428 742 transiens
1449 696 1532 740 hoc
1554 694 1671 740 fecit.

464 772 569 814 XII.
591 768 705 823 Quid
721 778 786 815 est
802 778 964 825 autem,
985 768 1170 814 clamare
1188 766 1243 811 ad
1260 767 1481 813 Christum
1494 802 1504 822 ,
1523 766 1690 822 fratres,
1710 765 1793 810 nisi
1848 769 1851 807 ῐ

410 840 559 898 gratiae
587 839 748 885 Christi
769 854 1007 899 congruere
1030 839 1155 882 bonis
1178 837 1408 898 operibus?
1432 839 1525 882 Hoc
1551 835 1649 881 dico
1665 871 1676 891 ,
1705 835 1793 880 fra-

409 920 495 954 tres
511 944 522 966 ,
543 925 598 955 ne
619 909 732 955 forte
754 911 887 955 simus
909 918 1147 969 strepentes
1166 907 1367 963 vocibus,
1390 916 1434 951 et
1456 907 1565 951 muti
1582 906 1790 952 moribus.

409 981 515 1035 Quis
548 989 611 1025 est
643 982 720 1041 qui
753 980 911 1025 clamat
944 979 999 1025 ad
1031 980 1277 1034 Christum,
1316 989 1365 1023 ut
1395 978 1582 1038 pellatur
1619 977 1797 1023 interior

409 1052 579 1096 caecitas
614 1061 865 1096 transeunte
894 1051 1088 1105 Christo,
1132 1051 1179 1095 id
1221 1059 1306 1106 est,
1353 1050 1628 1109 dispensante
1671 1049 1797 1094 nobis

408 1121 663 1180 temporalia
692 1130 984 1176 sacramenta,
1020 1121 1181 1181 quibus
1211 1120 1522 1165 admoneamur
1553 1120 1608 1164 ad
1636 1129 1798 1164 aeterna

409 1190 645 1251 capienda?
660 1192 766 1245 Quis
780 1201 844 1236 est
861 1192 937 1252 qui
952 1192 1110 1236 clamat
1124 1192 1178 1235 ad
1192 1192 1440 1237 Christum?
1456 1191 1541 1245 Qui
1556 1191 1797 1236 contemnit

409 1261 626 1306 mundum
640 1297 650 1317 ,
676 1262 834 1306 clamat
851 1261 906 1306 ad
928 1262 1166 1307 Christum.
1189 1263 1274 1314 Qui
1296 1262 1460 1322 spernit
1481 1261 1628 1306 saeculi
1645 1261 1799 1320 volup·

408 1341 540 1387 tates,
566 1331 724 1376 clamat
745 1331 799 1376 ad
821 1332 1059 1377 Christum.
1082 1331 1163 1385 Qui
1181 1330 1285 1376 dicit
1302 1347 1391 1376 non
1407 1331 1573 1390 lingua,
1595 1331 1670 1376 sed
1685 1331 1794 1376 vita:

414 1421 435 1444 «
458 1403 566 1447 Mihi
591 1403 782 1446 mundus
804 1402 1032 1446 crucifixus
1058 1411 1142 1457 est,
1176 1411 1218 1446 et
1241 1417 1320 1461 ego
1342 1401 1531 1446 mundo1
1554 1421 1563 1446 2
1592 1420 1611 1442 »
1638 1400 1799 1445 clamat

410 1473 464 1516 ad
485 1473 723 1518 Christum.
752 1491 772 1514 «
793 1473 878 1525 Qui
902 1472 1133 1532 dispergit,
1163 1482 1206 1516 et
1227 1471 1302 1516 dat
1320 1472 1607 1531 pauperibus,
1634 1481 1684 1516 ut
1702 1473 1798 1531 jus-

412 1561 432 1584 »
458 1543 553 1587 titia
574 1543 664 1602 ejus
681 1551 855 1587 maneat
870 1543 914 1585 in
936 1542 1145 1586 saeculum
1158 1542 1329 1587 saeeu1i³
1351 1562 1358 1587 ;
1380 1561 1399 1584 »
1418 1543 1574 1587 clamat
1589 1543 1644 1586 ad
1656 1543 1798 1587 Chris-

408 1623 517 1657 tum.
544 1613 629 1666 Qui
652 1613 767 1656 enim
790 1611 940 1667 audit,
965 1621 1008 1656 et
1028 1628 1117 1657 non
1134 1612 1291 1657 surdus
1314 1612 1435 1657 audit
1461 1629 1469 1655 ε
1495 1632 1515 1655 «
1536 1616 1620 1657 Res
1638 1622 1796 1658 vestras

411 1702 431 1726 »
457 1683 654 1738 vendite,
679 1691 721 1726 et
744 1682 843 1728 date
866 1684 1146 1742 pauperibus.
1175 1684 1323 1729 Facite
1344 1684 1467 1729 vobis
1488 1685 1683 1730 sacculos
1706 1700 1797 1730 non

414 1773 434 1796 »
460 1763 795 1809 veterascentes,
818 1754 1070 1798 thesaurum
1094 1770 1183 1799 non
1207 1755 1482 1799 deficientem
1510 1757 1554 1799 in
1576 1754 1690 1800 coelo
1705 1757 1747 1796 3:
1773 1773 1792 1796 »

411 1834 619 1885 tanquam
640 1823 923 1882 vestigiorum
939 1824 1126 1868 sonitum
1148 1824 1308 1869 Christi
1331 1826 1593 1869 transeuntis
1617 1824 1796 1870 audiens

409 1894 565 1939 clamet
582 1895 636 1939 ad
657 1896 750 1939 haec
772 1910 928 1949 caecus,
947 1895 993 1938 id
1015 1904 1100 1949 est,
1121 1894 1251 1939 faciat
1267 1895 1362 1939 ista.
1391 1897 1484 1939 Vox
1498 1897 1588 1955 ejus
1610 1896 1657 1939 in
1673 1895 1796 1940 factis

407 1967 475 2010 sit.
500 1966 684 2025 Incipiat
704 1964 922 2010 mundum
944 1974 1223 2010 contemnere
1238 2000 1249 2020 ,
1270 1965 1388 2024 inopi
1414 1980 1491 2009 sua
1511 1965 1792 2022 distribuere,

409 2051 487 2095 pro
501 2035 636 2080 nihilo
651 2036 814 2079 habere
827 2051 926 2095 quae
939 2035 1136 2079 homines
1155 2044 1318 2090 amant,
1334 2044 1586 2080 contemnat
1599 2035 1792 2096 injurias,

409 2122 498 2152 non
530 2115 705 2166 appetat
738 2105 968 2161 vindicari,
1003 2115 1126 2165 paret
1152 2105 1372 2150 maxillam
1395 2107 1677 2166 percutienti,
1703 2116 1797 2152 oret

408 2193 486 2236 pro
507 2178 690 2222 inimicis
703 2197 716 2235 3
731 2177 765 2221 si
780 2177 878 2237 quis
899 2178 938 2221 ei
955 2176 1184 2222 abstulerit
1199 2192 1274 2221 sua
1287 2212 1297 2232 ,
1323 2193 1413 2222 non
1431 2187 1620 2238 repetat,
1636 2177 1670 2223 si
1687 2176 1795 2239 quid

407 2247 533 2291 alicui
557 2247 810 2302 abstulerit,
835 2246 989 2291 reddat
1009 2246 1318 2307 quadruplum.

464 2320 587 2362 XIII.
618 2320 730 2363 Cum
752 2318 830 2362 ista
852 2316 993 2361 facere
1021 2318 1223 2377 coeperit,
1249 2332 1399 2362 omnes
1419 2319 1484 2362 sui
1505 2318 1702 2377 cognati,
1727 2318 1794 2362 af-
1844 2356 1846 2359 .
1876 2306 1886 2348 ‘2‘

1888 2385 1890 2401 i

408 2387 538 2443 fines,
575 2389 699 2432 amici
720 2396 1063 2432 commoventur.
1092 2387 1176 2440 Qui
1207 2387 1394 2447 diligunt
1421 2387 1654 2443 saeculum,
1687 2403 1794 2432 con-

407 2458 637 2504 tradicunt.
673 2459 788 2513 Quid
817 2459 1004 2505 insanis?
1031 2459 1198 2505 Nimius
1220 2474 1263 2504 es
1295 2474 1303 2501 :
1343 2459 1563 2521 numquid
1594 2458 1665 2505 alii
1697 2474 1790 2505 non

452 2548 460 2565 ¹
488 2542 589 2575 Galat.
609 2554 653 2584 vi,
674 2543 723 2585 14.
746 2561 787 2568 —
807 2550 819 2567 ²
839 2543 917 2578 Psal.
935 2555 997 2587 cxi,
1013 2555 1044 2587 9.
1064 2560 1104 2567 ——
1126 2542 1138 2568 3
1156 2545 1234 2578 Luc.
1255 2554 1310 2587 xu,
1329 2541 1405 2578 30³.
