1898 3178
406 232 489 272 480
842 245 874 272 s.
912 243 1141 273 Aucusnm
1174 245 1357 274 Emscom

403 308 480 366 qui
504 307 633 352 simul
655 308 813 366 aurigis
841 317 884 352 et
900 310 1180 355 venatoribus
1202 310 1415 365 clamant,
1437 310 1696 370 plerumque
1716 310 1785 354 di-

401 378 544 436 ligunt
565 395 609 424 se
630 399 639 424 :
664 378 740 424 sed
760 395 850 424 non
872 389 936 425 est
966 381 1011 425 in
1033 382 1091 425 eis
1121 382 1305 426 charitas
1331 381 1386 426 de
1416 382 1547 426 corde
1576 396 1686 441 puro
1703 416 1714 437 ,
1742 390 1786 426 et

401 460 477 494 cnt
685 451 801 495 bona
818 486 829 506 ,
870 460 913 496 et
942 453 1029 496 fine
1053 467 1142 498 non
1164 454 1280 498 ficta.
1316 452 1428 497 Talis
1451 453 1635 497 charitas
1657 453 1786 497 vestis
1852 442 1854 475 1

399 531 461 567 est
484 519 704 580 nuptialis.
729 540 750 564 «
772 522 815 567 Si
836 521 993 581 linguis
1009 523 1239 568 hominum
1260 523 1415 583 loquar
1432 533 1475 568 et
1492 523 1758 582 Angelorum
1771 557 1782 578 ,

399 610 420 633 »
455 591 709 636 charitatem
726 600 871 636 autem
894 608 984 638 non
1004 593 1191 638 habeam
1206 628 1217 648 ,
1243 592 1382 637 factus
1404 608 1500 638 sum
1516 628 1527 649 ,
1552 594 1718 654 inquit,
1736 602 1787 637 ut
1895 579 1898 631 η’

398 680 419 703 »
455 670 740 707 aeramentum
759 677 916 707 sonans
930 697 942 718 ,
967 671 1043 708 aut
1063 662 1315 721 cymbalum
1334 663 1523 708 tinniens
1539 665 1571 706 1.
1594 681 1615 705 »
1637 662 1784 708 Adve—
1848 682 1850 721 ξ

395 742 556 778 nerunt
588 733 751 793 linguae
793 733 895 779 solae
912 769 923 789 ,
949 743 992 778 et
1022 734 1182 779 dicitur
1211 735 1269 779 eis
1297 754 1306 779 2
1343 735 1458 787 Quid
1486 735 1572 778 huc
1594 734 1783 779 intrastis

394 820 483 849 non
515 804 726 848 habentes
746 813 910 849 vestem
931 804 1203 863 nuptialem?
1228 823 1249 846 «
1286 804 1328 849 Si
1350 804 1545 849 habuero
1565 839 1576 859 ,
1610 804 1753 864 inquit
1767 839 1778 859 ,

395 894 416 916 »
452 875 749 934 prophetiam,
783 884 826 919 et
861 875 996 920 sciero
1033 875 1177 919 omnia
1206 883 1500 930 sacramenta,
1527 884 1571 919 et
1606 889 1782 920 omnem
1845 871 1848 907 ἶ
1888 866 1897 942 'J

394 964 415 988 »
451 946 693 1001 scientiam,
707 954 750 989 et
771 946 968 990 habuero
990 945 1141 999 fidem,
1158 945 1218 990 ita
1238 954 1288 990 ut
1308 955 1477 990 montes
1499 943 1782 1001 transferam,
1844 938 1846 958 ³

393 1035 413 1057 »
451 1017 707 1060 charitatem
731 1025 877 1060 autem
895 1031 985 1060 non
1006 1015 1193 1060 habeam
1208 1051 1219 1072 ,
1244 1016 1353 1060 nihil
1368 1031 1463 1060 sum
1478 1018 1665 1060 2.»Eece
1682 1025 1785 1060 sunt
1842 1014 1845 1052 Ῑ

391 1086 464 1130 illa
481 1086 691 1131 miracula
707 1087 938 1131 hominum
955 1086 1217 1147 plerumque
1230 1102 1320 1132 non
1342 1087 1600 1131 habentium
1621 1095 1784 1131 vestem
1840 1093 1843 1150 ζ
1882 1071 1896 1134 '¹1'

390 1156 678 1216 nuptialem«
698 1156 741 1201 Si
761 1157 878 1210 haec,
904 1157 1064 1216 inquit,
1086 1157 1272 1202 habeam
1295 1158 1441 1202 omnia
1459 1192 1470 1213 ,
1496 1166 1540 1202 et
1560 1157 1784 1203 Christum
1840 1158 1842 1174 '
1894 1148 1898 1214 ’ἶ

390 1245 412 1268 2)
447 1243 536 1272 non
570 1227 777 1281 habeam,
810 1226 919 1270 nihil
955 1242 1068 1271 sum.
1094 1226 1236 1283 Nihil,
1275 1228 1447 1287 inquit,
1474 1242 1585 1271 sum.
1618 1245 1638 1268 »
1666 1230 1783 1285 Ergo
1838 1239 1841 1274 ῑ
1892 1217 1894 1229 ¹

388 1298 617 1359 prophetia
634 1297 745 1342 nihil
763 1299 852 1342 est?
865 1313 968 1356 ergo
986 1298 1164 1343 scientia
1179 1306 1549 1343 sacramentorum
1562 1296 1673 1341 nihil
1690 1299 1781 1341 est?

387 1372 488 1415 Non
509 1367 584 1412 illa
606 1368 717 1412 nihil
739 1377 842 1412 sunt
863 1387 871 1412 :
897 1367 973 1411 sed
994 1382 1073 1424 ego
1091 1401 1101 1420 ,
1142 1368 1176 1410 si
1198 1367 1272 1409 illa
1294 1368 1475 1410 habeam
1490 1401 1501 1420 ,
1526 1376 1569 1411 et
1591 1367 1781 1410 charita-

388 1449 477 1483 tem
501 1454 590 1483 non
611 1438 796 1482 habeam
816 1471 828 1491 ,
869 1436 978 1480 nihil
1000 1451 1111 1480 sum.
1138 1438 1310 1489 Quanta
1334 1437 1449 1480 bona
1471 1436 1581 1479 nihil
1600 1446 1782 1495 prosunt

385 1509 478 1553 sine
508 1524 596 1553 uno
621 1508 771 1553 bono?
798 1508 840 1552 Si
863 1523 952 1551 non
974 1507 1159 1551 habeam
1183 1507 1459 1561 charitatem,
1481 1507 1513 1549 si
1537 1505 1782 1565 eleemosy-
1834 1503 1850 1558 ³52
1865 1495 1896 1555 *f*

385 1595 462 1624 nas
483 1578 643 1637 largior
659 1578 705 1621 in
718 1592 946 1636 pauperes,
962 1577 996 1620 si
1018 1577 1072 1621 ad
1085 1576 1402 1622 confessionem
1420 1578 1605 1622 nominis
1618 1580 1648 1623 C
1659 1579 1780 1622 bristi
1832 1595 1848 1634 2}-
1864 1586 1877 1641 ’Ὺ

383 1664 523 1708 usque
547 1645 602 1691 ad
627 1647 883 1705 sanguinem
899 1681 909 1701 ,
931 1661 1069 1706 usque
1087 1647 1142 1690 ad
1159 1647 1280 1706 ignes
1302 1647 1478 1703 accedo,
1504 1657 1686 1707 possunt
1699 1649 1781 1692 ista
1838 1674 1843 1694 ,ι

384 1719 477 1763 fieri
500 1728 542 1763 et
565 1733 710 1762 amore
731 1716 895 1775 gloriae,
917 1718 1062 1761 inania
1075 1727 1193 1762 sunt.
1216 1719 1328 1771 Quia
1351 1734 1455 1777 ergo
1478 1727 1663 1777 possunt
1685 1719 1779 1762 fieri

383 1790 513 1833 etiam
538 1803 683 1833 amore
705 1787 854 1846 gloriae
869 1787 1029 1843 inania,
1046 1803 1135 1832 non
1157 1788 1368 1833 charitate
1391 1788 1670 1845 pinguissima
1684 1789 1779 1846 pie-
1839 1809 1845 1822 a
1884 1782 1895 1804 U

383 1860 504 1913 tatis,
537 1860 667 1903 etiam
689 1858 780 1916 ipsa
813 1867 1153 1911 commemorat,
1179 1857 1329 1915 etipsa
1352 1857 1452 1900 audi
1479 1876 1488 1901 :
1518 1876 1539 1899 «
1567 1858 1610 1901 Si
1634 1857 1778 1900 distri·
1828 1882 1844 1906 ff
1882 1871 1889 1909 ζ

386 1948 406 1971 »
442 1929 580 1973 buero
614 1928 759 1971 omnia
792 1941 888 1970 mea
915 1927 962 1969 in
985 1941 1112 1970 usum
1144 1941 1409 1985 pauperum,
1435 1935 1478 1970 et
1499 1927 1533 1970 si
1556 1925 1777 1971 tradidero
1827 1952 1840 1982 μ

384 2018 405 2041 »
441 2014 597 2058 corpus
618 2012 766 2041 meum
783 2006 833 2040 ut
854 1995 1046 2050 ardeam,
1069 1996 1323 2039 charitatem
1342 2011 1431 2040 non
1449 1996 1776 2051 habeam,nihil
1884 1997 1890 2016 ³

384 2088 406 2111 n
431 2069 537 2113 mihi
568 2068 793 2128 prodestss.
823 2085 842 2107 »
869 2069 973 2110 Haec
1001 2075 1065 2110 est
1088 2066 1214 2111 vestis
1243 2066 1464 2127 nuptialis,
1505 2070 1776 2127 Interrogate
1826 2082 1827 2102 1
1885 2083 1888 2086 ⁴

381 2156 457 2187 vos
474 2176 484 2196 ,
509 2141 541 2185 si
574 2139 744 2184 habetis
762 2137 904 2193 illam,
937 2138 1078 2181 securi
1116 2138 1215 2182 estis
1239 2138 1284 2182 in
1307 2139 1507 2184 convivio
1527 2139 1770 2185 Dominico.
1823 2177 1825 2189 ⁴

381 2214 489 2255 Duae
511 2220 612 2255 sunt
633 2211 679 2253 in
701 2209 879 2254 homine
902 2224 990 2252 uno
1006 2243 1016 2262 ,
1043 2209 1230 2253 charitas
1252 2219 1294 2253 et
1321 2209 1549 2269 cupiditas.
1577 2210 1773 2254 Charitas
1830 2231 1833 2235 ·

382 2292 585 2327 nascatur
601 2282 645 2325 in
663 2290 722 2335 te,
749 2281 782 2323 si
806 2279 1003 2324 nondum
1028 2288 1129 2323 nata
1152 2289 1214 2324 est
1235 2301 1246 2339 3
1266 2291 1309 2325 et
1332 2281 1367 2325 si
1389 2289 1491 2325 nata
1512 2288 1591 2335 cst,
1613 2279 1769 2334 alatur,

382 2354 600 2398 nutriatur
616 2388 627 2409 ,
653 2360 833 2397 crescat.
862 2370 882 2393 «
908 2349 988 2394 Illa
1010 2365 1113 2394 vero
1136 2352 1372 2410 cupiditas,
1399 2361 1443 2396 et
1466 2351 1500 2395 si
1520 2349 1566 2394 in
1586 2351 1667 2394 hac
1685 2350 1772 2395 vita
1820 2390 1821 2396 ,
1849 2357 1898 2401 ῥ’

381 2443 403 2465 »
440 2424 631 2482 extingui
646 2423 819 2482 penitus
836 2436 926 2466 non
941 2430 1103 2479 potest,
1120 2422 1221 2480 quia
1237 2422 1270 2465 si
1286 2422 1517 2467 dixerimus
1537 2421 1657 2479 quod
1677 2435 1772 2479 pec·
1818 2448 1820 2475 :

383 2512 404 2536 »
440 2505 585 2539 catum
602 2510 692 2539 non
713 2493 941 2547 habemus,
967 2507 1045 2536 nos
1068 2493 1180 2551 ipsos
1197 2493 1471 2549 seducimus,
1491 2501 1535 2536 ct
1557 2491 1710 2536 veritas
1723 2491 1768 2534 in
1817 2484 1820 2532 1
1842 2466 1898 2515 ‘Q'

428 2586 437 2602 ¹
462 2590 474 2611 1
496 2581 567 2611 Cor.
589 2590 658 2619 xm,
682 2590 710 2613 ι,
726 2595 768 2601 —
789 2586 799 2601 ²
826 2578 907 2611 lbid.
923 2586 955 2611 2.
980 2593 1020 2601 -·
1042 2575 1055 2601 3
1077 2576 1158 2610 lbid.
1179 2578 1210 2611 3.

1843 2406 1859 2436 [l'v
1870 2414 1898 2444 ur
