1898 3178
366 229 417 266 28
426 225 449 265 4
801 237 834 266 s.
873 235 1101 263 AUGUSTINI
1135 237 1314 264 Emscori

364 303 556 363 illojugo
577 304 664 347 leni
685 312 727 346 et
749 303 912 346 sarcina
935 301 1035 356 levi,
1061 301 1262 345 audimus
1288 302 1545 361 Apostolum
1569 302 1711 347 dicere
1735 319 1745 344 ε

369 394 387 415 «
416 378 465 419 In
493 375 694 418 omuibus
716 373 1071 418 commendantes
1093 373 1375 432 nosmetipsos
1393 408 1403 427 ,
1432 382 1643 433 tanquam
1672 375 1747 418 Dei

368 465 386 486 η
416 446 659 499 ministros,
698 445 742 488 in
773 443 911 488 multa
939 444 1143 503 patientia
1163 479 1173 498 ,
1202 444 1248 487 in
1286 442 1666 500 tribulationibus,
1703 445 1747 488 in

368 536 386 556 η
415 516 760 570 necessitatibus,
798 516 843 558 in
872 516 1101 573 angustiis,
1127 516 1171 558 in
1194 515 1350 574 plagis,
1380 524 1462 558 etc.
1486 518 1515 558 ¹.
1543 532 1563 555 »
1585 518 1641 558 Et
1663 515 1747 558 alio

363 586 458 631 loco
475 588 521 630 in
543 586 693 630 eadem
712 586 905 645 Epistola
931 605 939 630 :
967 605 987 628 «
1007 589 1043 630 Α
1065 586 1228 629 ,Iudaeis
1249 585 1480 644 quinquies
1501 586 1750 645 quadrage-

369 679 384 696 »
411 673 486 700 nas
500 692 514 712 ‚
540 673 625 701 una
656 658 824 713 minus,
863 658 1024 717 accepi.
1055 660 1136 701 Ter
1158 657 1288 715 virgis
1310 671 1445 700 caesus
1468 671 1561 700 sum
1578 692 1589 711 ,
1615 656 1748 700 semel

363 747 382 768 ³>
409 727 625 787 lapidatus
644 744 763 782 sum,
784 738 850 772 ter
868 729 1142 787 naufragium
1168 727 1266 782 feci,
1293 737 1421 771 nocte
1438 736 1481 771 et
1501 727 1571 771 die
1587 728 1631 771 in
1653 742 1748 787 pro-

364 816 383 838 »
409 796 550 842 fundo
573 799 700 842 maris
728 798 842 843 fui22
871 818 890 839 n
918 802 974 842 Et
1002 807 1157 842 caetera
1183 797 1377 856 pericula
1409 812 1507 857 quae
1529 798 1750 842 numerari

360 868 534 929 quidem
554 879 757 929 possunt,
783 868 859 914 sed
881 868 1076 924 tolerari,
1103 868 1183 913 nisi
1203 867 1363 929 Spiritu
1381 877 1529 914 sancto
1538 869 1743 929 juvante,

359 954 449 982 non
472 949 667 999 possunt,

419 1013 475 1054 II.
505 1012 660 1055 Omnia
682 1027 785 1071 ergo
806 1011 901 1065 illa,
928 1027 1026 1071 quae
1048 1012 1405 1056 commemoravit
1423 1026 1571 1071 aspera
1593 1020 1636 1055 et
1650 1025 1749 1069 gra-

359 1081 451 1134 via,
478 1080 751 1140 frequentius
774 1091 817 1125 et
840 1081 1134 1126 abuudantius
1151 1082 1391 1126 sustinebat
1413 1101 1422 1125 :
1452 1081 1526 1126 sed
1549 1081 1746 1141 profecto

360 1150 508 1194 aderat
535 1151 573 1193 ei
600 1151 781 1209 Spiritus
803 1159 978 1194 sanctus
994 1184 1004 1204 ,
1030 1152 1105 1210 qui
1123 1151 1167 1193 in
1192 1153 1411 1196 exterioris
1434 1152 1623 1195 hominis
1649 1167 1748 1196 cor-

362 1222 588 1279 ruptione,
609 1221 859 1265 interiorem
875 1229 1105 1264 renovaret
1126 1220 1181 1264 de
1198 1220 1268 1264 die
1284 1221 1330 1264 in
1353 1220 1486 1275 diem,
1514 1229 1557 1264 et
1578 1230 1749 1280 gustata

359 1293 510 1351 requie
537 1292 747 1352 spirituali
774 1293 819 1336 in
844 1291 1064 1336 affluentia
1083 1290 1335 1335 deliciarum
1355 1291 1458 1346 Dei,
1478 1292 1523 1335 in
1544 1307 1619 1351 spe
1641 1291 1748 1337 bea-

359 1362 556 1406 titudinis
571 1362 730 1411 futurae
745 1364 890 1408 omnia
904 1363 1132 1422 praesentia
1147 1362 1351 1407 deliniret
1368 1378 1532 1422 aspera,
1547 1372 1590 1408 et
1601 1364 1747 1408 omnia

359 1433 501 1490 gravia
524 1432 749 1477 relevaret.
783 1435 896 1476 Ecce
919 1447 1051 1492 quam
1082 1448 1212 1476 suave
1234 1435 1392 1493 jugum
1413 1433 1575 1477 Christi
1596 1442 1746 1492 porta-

359 1502 433 1545 bat
450 1536 460 1555 ,
484 1511 526 1545 et
551 1517 681 1562 quam
707 1501 844 1546 levem
864 1502 1075 1546 sarcinam
1098 1520 1106 1546 :
1137 1511 1187 1545 ut
1208 1502 1354 1545 omnia
1375 1501 1470 1556 illa,
1495 1518 1595 1562 quae
1619 1517 1747 1562 supe-

357 1573 444 1616 rius
463 1582 713 1616 enumerata
734 1572 843 1625 dura
861 1582 904 1617 et
924 1573 1131 1616 immania
1153 1573 1295 1616 omnis
1315 1572 1487 1617 auditor
1506 1573 1717 1618 horrescit
1731 1609 1742 1629 ,

356 1644 494 1687 levem
518 1643 844 1688 tribulationem
867 1643 1029 1687 diceret
1048 1665 1058 1699 3
1084 1644 1257 1687 intuens
1278 1643 1557 1688 interioribus
1579 1654 1621 1688 et
1643 1644 1745 1688 fide-

356 1714 468 1757 libus
488 1713 640 1767 oculis,
656 1722 823 1773 quanto
842 1714 981 1772 pretio
1004 1713 1308 1772 temporalium
1328 1713 1512 1757 emenda
1526 1714 1579 1758 sit
1595 1713 1745 1758 futura

356 1785 439 1827 vita
455 1819 464 1837 ,
484 1799 572 1827 non
590 1784 678 1842 pati
702 1792 887 1826 aeternos
903 1783 1073 1827 labores
1095 1783 1352 1842 impiorum,
1374 1792 1416 1827 et
1438 1784 1529 1828 sine
1551 1783 1640 1828 ulla
1657 1783 1744 1828 sol-

356 1854 578 1897 licitudine
601 1852 762 1912 perfrui
787 1863 948 1897 aeterua
970 1853 1177 1898 felicitate
1193 1856 1426 1914 justorum.
1452 1855 1593 1898 Secari
1614 1863 1658 1898 et
1672 1856 1741 1898 uri

355 1940 397 1968 se
415 1926 610 1968 homines
624 1925 866 1984 patiuntur,
888 1934 937 1968 ut
956 1923 1127 1968 dolores
1141 1940 1228 1969 nou
1243 1926 1409 1979 aeterni,
1426 1923 1501 1968 sed
1514 1924 1742 1984 aliquanto

354 1994 638 2039 diuturnioris
672 1995 850 2048 ulceris,
888 1995 1103 2038 acriorum
1131 1994 1334 2038 dolorum
1357 1995 1496 2053 pretio
1518 1994 1738 2038 rediman-

354 2076 439 2110 tur.
470 2069 521 2109 In
548 2065 779 2124 languida³
811 2074 855 2109 et
876 2066 1039 2109 incerta
1060 2065 1296 2109 vacationis
1327 2064 1590 2109 brevissimae
1611 2074 1742 2125 atque

354 2136 508 2180 ultima
527 2136 638 2190 vita,
665 2135 982 2179 immanissimis
1005 2134 1127 2179 bellis
1149 2135 1271 2179 miles
1293 2136 1518 2193 atteritur3
1541 2134 1742 2194 pluribus

356 2205 534 2251 fortasse
557 2207 678 2250 annis
703 2207 748 2250 in
765 2205 989 2250 laboribus
1015 2205 1258 2265 inquietus,
1284 2220 1417 2265 quam
1439 2206 1485 2249 in
1506 2206 1595 2250 otio
1617 2207 1741 2266 quie-

355 2287 492 2321 turus.
525 2278 694 2331 Quibus
717 2275 1046 2335 tempestatibus
1069 2284 1111 2319 et
1134 2274 1356 2334 procellis,
1386 2290 1519 2335 quam
1543 2275 1740 2320 horribili

356 2358 397 2392 et
419 2349 642 2392 tremenda
670 2348 819 2392 sevitia
842 2346 944 2392 coeli
965 2356 1007 2390 et
1031 2347 1158 2390 maris
1180 2347 1420 2406 importuni
1449 2355 1550 2390 sunt
1570 2361 1739 2392 merca-

356 2428 489 2472 tores,
520 2428 570 2462 ut
604 2419 770 2462 divitias
805 2426 1001 2461 ventosas
1044 2417 1292 2476 acquirant,
1331 2416 1568 2476 majoribus
1606 2432 1737 2475 quam

353 2488 511 2547 quibus
534 2489 752 2547 acquisitae
774 2497 896 2542 sunt,
918 2486 1119 2546 periculis
1141 2496 1183 2530 et
1203 2486 1529 2545 tempestatibus
1555 2486 1733 2544 plenas?

402 2580 407 2594 ¹
438 2573 543 2605 Florus
566 2574 602 2604 ml
622 2583 639 2603 ’ἡ
659 2576 717 2604 Cor
736 2585 780 2606 ri.
801 2573 831 2613 4.
858 2590 895 2595 -
916 2579 928 2595 2²
950 2572 994 2604 Ῑι1.
1018 2581 1061 2603 xi.
1082 2571 1135 2613 94,
1156 2571 1208 2603 95,
1236 2589 1275 2594 -
1293 2570 1304 2593 ⁷
1327 2573 1429 2603 Forte
1444 2573 1502 2603 Pro
1525 2571 1686 2612 languida.
