1898 3178
428 267 567 294 sERMO
598 267 707 305 cv11,
742 268 796 293 DE
828 268 973 294 viminis
1004 268 1098 294 Luc.
1133 267 1208 294 ΧΠ.
1426 256 1508 294 595

135 334 248 376 Ecce
267 330 398 376 modo
415 340 458 375 te
478 331 636 390 proba,
661 331 793 376 modo
811 341 854 376 te
881 331 1115 391 interroga.
1140 332 1258 385 Quid
1279 347 1348 376 me
1370 341 1511 376 atten—

133 400 230 445 dis?
253 404 376 446 Intus
412 411 453 445 te
474 401 649 445 attende
668 436 679 456 ,
711 402 828 446 intus
854 410 897 446 te
926 402 1026 447 vide
1041 437 1053 457 ,
1074 402 1190 447 intus
1213 411 1255 446 te
1277 403 1471 446 examina
1497 421 1507 447 ε

132 471 234 515 sede
255 472 310 516 ad
333 481 375 516 te
389 507 401 523 ,
421 480 465 514 et
484 471 698 516 constitue
722 481 765 516 te
793 481 894 516 ante
916 481 958 516 te
974 507 984 526 ,
1009 481 1051 517 et
1071 472 1117 516 in
1136 471 1373 533 equuleum
1396 488 1509 532 prae-

130 543 246 601 cepti
269 542 345 586 Dei
361 541 546 586 extende
575 551 618 585 te
633 577 646 595 ,
672 551 716 586 et
737 543 890 587 timore
908 551 1062 602 torque
1078 551 1122 586 te
1136 577 1149 598 ,
1169 552 1213 586 et
1238 542 1327 588 noli
1346 552 1389 587 te
1410 543 1505 602 pal—

130 626 234 670 pare
256 630 265 655 :
291 610 505 670 responde
527 611 620 654 tibi.
637 613 750 656 Ecce
772 611 807 655 si
828 612 910 655 hoc
930 611 1160 671 quisquam
1183 612 1387 667 minetur,
1403 612 1510 673 quid

131 679 294 726 facies?
317 680 440 725 Tollo
461 682 539 725 tibi
553 717 564 737 ,
590 680 710 741 quod
729 696 831 725 cum
851 690 973 726 tanto
993 681 1142 726 labore
1164 683 1402 742 acquisisti,
1427 683 1508 727 nisi

130 767 211 811 pro
231 767 301 796 me
333 750 489 796 falsum
512 751 807 796 testimonium
828 752 997 796 dixeris.
1025 755 1085 796 Da
1107 751 1230 796 illum
1258 772 1267 797 :
1301 771 1322 795 «
1347 755 1507 798 Cavete

133 840 154 865 »
188 822 244 866 ab
260 823 379 868 omni
400 822 591 866 avaritia.
613 841 632 864 η
659 824 696 866 Ο
712 837 833 867 serve
853 837 975 866 meus
993 857 1004 877 ,
1029 822 1144 867 dicet
1161 823 1257 879 tibi,
1281 839 1412 883 quem
1443 839 1512 867 re-

127 892 246 938 demi
267 902 311 938 et
331 893 517 937 liberum
540 893 624 938 feci
642 929 655 948 ‚
686 909 818 954 quem
851 893 906 938 de
928 908 1050 938 servo
1076 894 1252 938 fratrem
1275 895 1506 954 adoptavi,

127 979 261 1025 quem
279 964 326 1008 in
346 980 527 1023 corpore
548 980 645 1009 meo
665 965 914 1008 membrum
942 965 1092 1024 posui,
1114 964 1215 1009 audi
1237 981 1305 1009 me
1335 985 1343 1010 :
1371 966 1511 1011 Tollat

126 1034 248 1095 quod
267 1035 501 1095 acquisisti,
527 1050 596 1079 me
618 1036 697 1079 tibi
719 1051 808 1080 non
823 1035 962 1080 tollet.
988 1038 1050 1080 Ne
1067 1051 1231 1094 pereaS,
1251 1052 1391 1081 servas
1409 1039 1511 1082 tua?

130 1107 285 1151 Nonne
306 1105 385 1149 tibi
406 1105 494 1149 dixi
512 1125 522 1149 ι
552 1107 750 1150 «Cavete
771 1106 827 1149 ab
849 1106 969 1150 omni
989 1105 1253 1164 cupiditate?
1273 1126 1291 1147 »

188 1179 244 1221 X.
271 1179 384 1221 Ecce
404 1176 594 1220 turbaris
608 1212 619 1231 ,
640 1192 742 1222 ecce
764 1176 950 1221 fluctuas
971 1196 981 1222 :
1005 1192 1080 1221 cor
1096 1186 1221 1221 tuum
1243 1178 1365 1236 quasi
1393 1173 1511 1222 navis

132 1246 459 1306 tempestatibus
482 1247 688 1307 quatitur.
716 1247 883 1292 Dormit
905 1248 1125 1293 Christus:
1144 1248 1282 1292 excita
1299 1247 1511 1292 dormien-

130 1326 235 1373 tem,
247 1327 290 1362 et
307 1334 395 1362 non
413 1318 585 1377 patieris
603 1327 902 1377 tempestatem
916 1319 1178 1363 saevientem.
1191 1321 1337 1378 Ipsum
1355 1319 1507 1374 excita,

123 1388 207 1447 *qui
237 1388 347 1432 nihil
382 1389 543 1434 habere
564 1389 729 1444 voluit,
760 1398 803 1433 et
828 1398 968 1433 totum
999 1389 1132 1432 habes
1151 1424 1161 1443 ‚
1188 1389 1264 1449 qui
1286 1405 1423 1449 usquc
1457 1389 1511 1433 ad

130 1474 304 1503 crucem
327 1475 406 1518 pro
431 1468 471 1503 te
497 1459 718 1518 pervenit,
747 1460 871 1519 cujus
893 1459 999 1502 nudi
1022 1468 1152 1518 atque
1172 1460 1401 1517 pendentis
1419 1475 1511 1504 ossa

130 1528 184 1573 ab
205 1528 515 1572 insultantibus
536 1538 761 1573 numerata
784 1538 905 1573 sunt:
923 1538 967 1572 et
987 1543 1089 1572 cave
1104 1529 1158 1571 ab
1181 1530 1300 1572 omni
1317 1530 1506 1573 avaritia.

129 1602 287 1642 Parum
317 1607 381 1642 est
416 1598 590 1642 avaritia
619 1599 846 1657 pecuniae:
869 1613 971 1642 cave
994 1598 1212 1642 avaritiam
1248 1599 1363 1641 vitae.
1393 1602 1507 1643 Hor-

129 1668 262 1713 renda
279 1669 454 1713 avaritia
471 1703 482 1723 ,
505 1669 739 1713 metuenda
757 1668 948 1713 avaritia.
977 1667 1226 1728 Aliquando
1248 1668 1379 1712 homo
1401 1686 1508 1714 con-

128 1739 285 1784 temnit
305 1739 424 1800 quod
445 1739 607 1793 habet,
637 1747 680 1783 et
708 1739 814 1783 dicit
844 1758 853 1783 :
886 1741 983 1784 Non
1009 1738 1106 1782 dico
1127 1737 1285 1781 falsum
1318 1741 1509 1784 testimo-

127 1810 250 1854 nium
277 1828 286 1853 :
323 1825 413 1853 non
446 1808 559 1853 dico.
588 1809 699 1853 Dicis
732 1808 867 1853 mihi:
905 1807 1028 1852 Tollo
1060 1809 1179 1867 quod
1202 1807 1350 1852 habes.
1389 1808 1508 1854 Tolle

128 1879 249 1938 quod
269 1878 410 1921 habeo
430 1896 439 1921 :
465 1892 555 1920 non
573 1877 685 1920 tollis
696 1879 822 1935 quod
839 1879 955 1922 intus
971 1878 1126 1922 habeo.
1157 1881 1253 1923 Non
1275 1879 1388 1922 enim
1404 1894 1509 1938 pau-

127 1964 204 2008 per
232 1956 495 1992 remanserat
517 1947 593 2006 qui
615 1946 787 1991 dicebat
814 1966 823 1990 :
852 1966 870 1987 «
896 1948 1103 1991 Dominus
1127 1948 1271 2001 dedit,
1298 1949 1505 1992 Dominus

128 2036 148 2060 »
185 2017 391 2074 abstulit,
416 2017 528 2061 sicut
543 2017 727 2061 Domino
749 2015 930 2074 placuit,
957 2017 1015 2059 ita
1032 2015 1197 2059 factum
1220 2025 1282 2060 est
1301 2035 1309 2060 :
1331 2032 1432 2076 ergo
1449 2019 1503 2062 sit

129 2106 151 2129 »
185 2103 346 2132 nomen
364 2087 536 2131 Domini
553 2086 846 2130 benedictum.
867 2086 1020 2131 Nudus
1037 2087 1120 2129 exu
1137 2085 1191 2129 de
1212 2096 1335 2131 utero
1356 2090 1503 2133 matris

130 2176 151 2200 n
186 2173 293 2202 meae
308 2193 319 2214 ,
340 2156 485 2202 nudus
506 2167 695 2202 revertar
714 2157 759 2201 in
778 2166 936 2201 terram
952 2158 983 2199 ¹.
1012 2174 1032 2197 »
1058 2156 1210 2201 Nudus
1232 2158 1335 2201 foris
1354 2193 1364 2211 ,
1385 2159 1500 2203 intus

126 2230 321 2275 vestitus.
345 2228 498 2274 Nudus
518 2229 621 2273 foris
641 2245 664 2272 a
686 2228 860 2287 pannis,
879 2237 923 2271 et
945 2227 1224 2285 putribilibus
1246 2228 1414 2286 pannis,
1430 2230 1500 2273 in-

126 2309 195 2344 tus
213 2300 409 2346 vestitus.
437 2299 591 2344 Unde?
612 2319 631 2342 «
650 2299 899 2344 Sacerdotes
918 2298 983 2341 tui
1003 2298 1242 2342 induantur
1258 2300 1421 2358 justitia
1435 2305 1496 2345 ².»

54 2414 55 2426 ¹
128 2369 213 2415 Sed
239 2369 346 2430 quid
373 2372 407 2414 si
430 2369 550 2414 dicat
567 2405 578 2424 ,
610 2385 711 2414 cum
743 2368 1049 2427 contempseris
1081 2383 1130 2412 ea
1152 2384 1251 2428 quae
1278 2370 1467 2428 possides
1484 2407 1494 2427 ,

54 2431 57 2471 ἶ
126 2439 236 2500 quid
257 2440 290 2484 si
313 2439 428 2485 dicat
454 2459 463 2485 2
483 2440 647 2486 Occido
666 2441 740 2484 te?
762 2437 991 2499 Responde
1013 2437 1096 2493 illi,
1122 2439 1156 2482 si
1179 2439 1400 2485 Christum
1421 2457 1500 2486 au-

126 2510 243 2566 disti,
257 2510 438 2556 Occides
452 2513 553 2554 me?
573 2510 728 2556 Melius
747 2519 797 2555 tu
813 2509 982 2556 occides
1001 2524 1173 2554 carnem
1196 2525 1352 2568 meam,
1369 2529 1501 2573 quam

175 2601 186 2617 ¹
206 2595 279 2628 Job.
298 2606 322 2638 1,
339 2605 394 2629 21.
415 2611 456 2619 —
477 2602 490 2618 ²
514 2593 595 2627 Psal.
615 2604 723 2635 cxxxi,
743 2605 777 2635 9.

1305 2649 1367 2689 38.
