<?xml version="1.0" encoding="UTF-8"?>
<!DOCTYPE html PUBLIC "-//W3C//DTD XHTML 1.0 Transitional//EN"
    "http://www.w3.org/TR/xhtml1/DTD/xhtml1-transitional.dtd">
<html xmlns="http://www.w3.org/1999/xhtml" xml:lang="en" lang="en">
 <head>
  <title>
</title>
<meta http-equiv="Content-Type" content="text/html;charset=utf-8" />
  <meta name='ocr-system' content='tesseract 3.04.00' />
  <meta name='ocr-capabilities' content='ocr_page ocr_carea ocr_par ocr_line ocrx_word'/>
</head>
<body>
  <div class='ocr_page' id='page_1' title='image "./operaomniaaccura18auguuoft_0286.png"; bbox 0 0 1898 3178; ppageno 0'>
   <div class='ocr_carea' id='block_1_1' title="bbox 439 233 1379 270">
    <p class='ocr_par' dir='ltr' id='par_1_1' title="bbox 439 233 1379 270">
     <span class='ocr_line' id='line_1_1' title="bbox 439 233 1379 270; baseline -0.002 -1"><span class='ocrx_word' id='word_1_1' title='bbox 439 233 524 270; x_wconf 73' lang='lat'>276</span> <span class='ocrx_word' id='word_1_2' title='bbox 865 243 898 269; x_wconf 88' lang='lat' dir='ltr'>s.</span> <span class='ocrx_word' id='word_1_3' title='bbox 934 239 1165 268; x_wconf 71' lang='lat' dir='ltr'>Aucusnm</span> <span class='ocrx_word' id='word_1_4' title='bbox 1198 241 1379 269; x_wconf 76' lang='lat' dir='ltr'>EPISCOPI</span> 
     </span>
    </p>
   </div>
   <div class='ocr_carea' id='block_1_2' title="bbox 426 306 1898 2477">
    <p class='ocr_par' dir='ltr' id='par_1_2' title="bbox 426 306 1897 1758">
     <span class='ocr_line' id='line_1_2' title="bbox 432 306 1823 367; baseline -0.003 -13"><span class='ocrx_word' id='word_1_5' title='bbox 432 309 635 354; x_wconf 85' lang='lat' dir='ltr'>Accusati</span> <span class='ocrx_word' id='word_1_6' title='bbox 661 317 787 361; x_wconf 80' lang='lat' dir='ltr'>sunt,</span> <span class='ocrx_word' id='word_1_7' title='bbox 811 316 1114 352; x_wconf 83' lang='lat' dir='ltr'>consumentes</span> <span class='ocrx_word' id='word_1_8' title='bbox 1131 317 1327 367; x_wconf 89' lang='lat' dir='ltr'>tempora</span> <span class='ocrx_word' id='word_1_9' title='bbox 1348 322 1441 358; x_wconf 85' lang='lat' dir='ltr'>sua,</span> <span class='ocrx_word' id='word_1_10' title='bbox 1457 315 1499 351; x_wconf 89' lang='lat' dir='ltr'>et</span> <span class='ocrx_word' id='word_1_11' title='bbox 1517 306 1823 365; x_wconf 80' lang='lat' dir='ltr'>occupationes</span> 
     </span>
     <span class='ocr_line' id='line_1_3' title="bbox 431 375 1823 438; baseline -0.002 -15"><span class='ocrx_word' id='word_1_12' title='bbox 431 379 778 438; x_wconf 87' lang='lat' dir='ltr'>disputationum</span> <span class='ocrx_word' id='word_1_13' title='bbox 802 392 981 422; x_wconf 87' lang='lat' dir='ltr'>suarum</span> <span class='ocrx_word' id='word_1_14' title='bbox 1002 377 1049 420; x_wconf 90' lang='lat' dir='ltr'>in</span> <span class='ocrx_word' id='word_1_15' title='bbox 1070 377 1382 437; x_wconf 88' lang='lat' dir='ltr'>perscrutanda</span> <span class='ocrx_word' id='word_1_16' title='bbox 1410 386 1453 421; x_wconf 92' lang='lat' dir='ltr'>et</span> <span class='ocrx_word' id='word_1_17' title='bbox 1480 376 1672 436; x_wconf 89' lang='lat' dir='ltr'>quodam</span> <span class='ocrx_word' id='word_1_18' title='bbox 1693 375 1823 420; x_wconf 84' lang='lat' dir='ltr'>modo</span> 
     </span>
     <span class='ocr_line' id='line_1_4' title="bbox 430 446 1823 508; baseline -0.003 -15"><span class='ocrx_word' id='word_1_19' title='bbox 430 449 649 493; x_wconf 84' lang='lat' dir='ltr'>metienda</span> <span class='ocrx_word' id='word_1_20' title='bbox 662 458 859 493; x_wconf 85' lang='lat' dir='ltr'>creatura</span> <span class='ocrx_word' id='word_1_21' title='bbox 878 467 886 493; x_wconf 80' lang='lat' dir='ltr'>z</span> <span class='ocrx_word' id='word_1_22' title='bbox 902 449 1170 508; x_wconf 87' lang='lat' dir='ltr'>quaesierunt</span> <span class='ocrx_word' id='word_1_23' title='bbox 1184 461 1351 492; x_wconf 86' lang='lat' dir='ltr'>meatus</span> <span class='ocrx_word' id='word_1_24' title='bbox 1366 447 1574 501; x_wconf 80' lang='lat' dir='ltr'>siderum,</span> <span class='ocrx_word' id='word_1_25' title='bbox 1595 446 1823 490; x_wconf 83' lang='lat' dir='ltr'>intervalla</span> 
     </span>
     <span class='ocr_line' id='line_1_5' title="bbox 431 518 1825 578; baseline -0.004 -13"><span class='ocrx_word' id='word_1_26' title='bbox 431 519 655 565; x_wconf 82' lang='lat' dir='ltr'>stellarum</span> <span class='ocrx_word' id='word_1_27' title='bbox 672 554 683 574; x_wconf 87' lang='lat'><strong>‚</strong></span> <span class='ocrx_word' id='word_1_28' title='bbox 708 519 864 563; x_wconf 88' lang='lat' dir='ltr'>itinera</span> <span class='ocrx_word' id='word_1_29' title='bbox 884 518 1128 564; x_wconf 88' lang='lat' dir='ltr'>coelestium</span> <span class='ocrx_word' id='word_1_30' title='bbox 1155 534 1388 578; x_wconf 88' lang='lat' dir='ltr'>corporum</span> <span class='ocrx_word' id='word_1_31' title='bbox 1404 553 1414 572; x_wconf 85' lang='lat'>‚</span> <span class='ocrx_word' id='word_1_32' title='bbox 1439 518 1499 562; x_wconf 88' lang='lat' dir='ltr'>ita</span> <span class='ocrx_word' id='word_1_33' title='bbox 1523 526 1572 561; x_wconf 86' lang='lat' dir='ltr'>ut</span> <span class='ocrx_word' id='word_1_34' title='bbox 1595 526 1825 576; x_wconf 85' lang='lat' dir='ltr'>computa-</span> 
     </span>
     <span class='ocr_line' id='line_1_6' title="bbox 431 588 1824 649; baseline -0.002 -16"><span class='ocrx_word' id='word_1_35' title='bbox 431 590 622 634; x_wconf 86' lang='lat' dir='ltr'>tionibus</span> <span class='ocrx_word' id='word_1_36' title='bbox 640 588 905 649; x_wconf 87' lang='lat' dir='ltr'>quibusdam</span> <span class='ocrx_word' id='word_1_37' title='bbox 920 589 975 634; x_wconf 85' lang='lat' dir='ltr'>ad</span> <span class='ocrx_word' id='word_1_38' title='bbox 987 605 1082 634; x_wconf 89' lang='lat' dir='ltr'>eam</span> <span class='ocrx_word' id='word_1_39' title='bbox 1097 589 1318 634; x_wconf 87' lang='lat' dir='ltr'>scientiam</span> <span class='ocrx_word' id='word_1_40' title='bbox 1332 589 1630 648; x_wconf 84' lang='lat' dir='ltr'>pervenirent,</span> <span class='ocrx_word' id='word_1_41' title='bbox 1650 597 1700 631; x_wconf 91' lang='lat' dir='ltr'>ut</span> <span class='ocrx_word' id='word_1_42' title='bbox 1720 602 1824 646; x_wconf 87' lang='lat' dir='ltr'>prae-</span> 
     </span>
     <span class='ocr_line' id='line_1_7' title="bbox 430 659 1821 718; baseline -0.002 -14"><span class='ocrx_word' id='word_1_43' title='bbox 430 660 626 705; x_wconf 88' lang='lat' dir='ltr'>dicerent</span> <span class='ocrx_word' id='word_1_44' title='bbox 649 659 872 704; x_wconf 89' lang='lat' dir='ltr'>defectum</span> <span class='ocrx_word' id='word_1_45' title='bbox 894 660 994 705; x_wconf 92' lang='lat' dir='ltr'>solis</span> <span class='ocrx_word' id='word_1_46' title='bbox 1008 695 1019 715; x_wconf 87' lang='lat'>‚</span> <span class='ocrx_word' id='word_1_47' title='bbox 1045 659 1266 705; x_wconf 87' lang='lat' dir='ltr'>defectum</span> <span class='ocrx_word' id='word_1_48' title='bbox 1281 659 1424 716; x_wconf 80' lang='lat' dir='ltr'>lunae3</span> <span class='ocrx_word' id='word_1_49' title='bbox 1447 668 1490 703; x_wconf 92' lang='lat' dir='ltr'>et</span> <span class='ocrx_word' id='word_1_50' title='bbox 1508 659 1687 718; x_wconf 87' lang='lat' dir='ltr'>quando</span> <span class='ocrx_word' id='word_1_51' title='bbox 1708 673 1821 717; x_wconf 86' lang='lat' dir='ltr'>prae-</span> 
     </span>
     <span class='ocr_line' id='line_1_8' title="bbox 429 729 1825 785; baseline -0.001 -11"><span class='ocrx_word' id='word_1_52' title='bbox 429 729 624 775; x_wconf 86' lang='lat' dir='ltr'>dicerent</span> <span class='ocrx_word' id='word_1_53' title='bbox 657 731 874 785; x_wconf 88' lang='lat' dir='ltr'>eveniret‚</span> <span class='ocrx_word' id='word_1_54' title='bbox 909 746 961 775; x_wconf 91' lang='lat' dir='ltr'>eo</span> <span class='ocrx_word' id='word_1_55' title='bbox 990 730 1086 785; x_wconf 88' lang='lat' dir='ltr'>die,</span> <span class='ocrx_word' id='word_1_56' title='bbox 1113 739 1158 775; x_wconf 90' lang='lat' dir='ltr'>et</span> <span class='ocrx_word' id='word_1_57' title='bbox 1186 745 1235 774; x_wconf 85' lang='lat' dir='ltr'>ea</span> <span class='ocrx_word' id='word_1_58' title='bbox 1257 730 1363 774; x_wconf 88' lang='lat' dir='ltr'>hora</span> <span class='ocrx_word' id='word_1_59' title='bbox 1380 764 1391 784; x_wconf 85' lang='lat'>‚</span> <span class='ocrx_word' id='word_1_60' title='bbox 1429 738 1598 773; x_wconf 91' lang='lat' dir='ltr'>tantum</span> <span class='ocrx_word' id='word_1_61' title='bbox 1628 737 1673 772; x_wconf 90' lang='lat' dir='ltr'>et</span> <span class='ocrx_word' id='word_1_62' title='bbox 1703 738 1825 773; x_wconf 88' lang='lat' dir='ltr'>tanta</span> 
     </span>
     <span class='ocr_line' id='line_1_9' title="bbox 431 798 1826 861; baseline -0.002 -16"><span class='ocrx_word' id='word_1_63' title='bbox 431 810 574 860; x_wconf 79' lang='lat' dir='ltr'>parte,</span> <span class='ocrx_word' id='word_1_64' title='bbox 603 817 655 845; x_wconf 88' lang='lat' dir='ltr'>ex</span> <span class='ocrx_word' id='word_1_65' title='bbox 679 810 845 861; x_wconf 86' lang='lat' dir='ltr'>quanta</span> <span class='ocrx_word' id='word_1_66' title='bbox 886 810 1008 860; x_wconf 88' lang='lat' dir='ltr'>parte</span> <span class='ocrx_word' id='word_1_67' title='bbox 1043 799 1107 844; x_wconf 89' lang='lat' dir='ltr'>illi</span> <span class='ocrx_word' id='word_1_68' title='bbox 1144 800 1449 859; x_wconf 71' lang='lat' dir='ltr'>praedixerant.</span> <span class='ocrx_word' id='word_1_69' title='bbox 1488 802 1646 857; x_wconf 85' lang='lat' dir='ltr'>Magna</span> <span class='ocrx_word' id='word_1_70' title='bbox 1673 798 1826 843; x_wconf 88' lang='lat' dir='ltr'>indus-</span> 
     </span>
     <span class='ocr_line' id='line_1_10' title="bbox 432 870 1826 931; baseline -0.001 -16"><span class='ocrx_word' id='word_1_71' title='bbox 432 872 514 916; x_wconf 88' lang='lat' dir='ltr'>tria</span> <span class='ocrx_word' id='word_1_72' title='bbox 536 908 546 927; x_wconf 89' lang='lat'>‚</span> <span class='ocrx_word' id='word_1_73' title='bbox 582 888 738 931; x_wconf 85' lang='lat' dir='ltr'>magna</span> <span class='ocrx_word' id='word_1_74' title='bbox 777 872 964 917; x_wconf 86' lang='lat' dir='ltr'>solertia.</span> <span class='ocrx_word' id='word_1_75' title='bbox 1012 872 1097 916; x_wconf 92' lang='lat' dir='ltr'>Sed</span> <span class='ocrx_word' id='word_1_76' title='bbox 1135 871 1198 914; x_wconf 89' lang='lat' dir='ltr'>ibi</span> <span class='ocrx_word' id='word_1_77' title='bbox 1241 873 1492 916; x_wconf 89' lang='lat' dir='ltr'>Creatorem</span> <span class='ocrx_word' id='word_1_78' title='bbox 1521 870 1699 914; x_wconf 85' lang='lat' dir='ltr'>scrutati</span> <span class='ocrx_word' id='word_1_79' title='bbox 1724 878 1826 914; x_wconf 87' lang='lat' dir='ltr'>sunt</span> 
     </span>
     <span class='ocr_line' id='line_1_11' title="bbox 434 940 1824 1002; baseline -0.003 -14"><span class='ocrx_word' id='word_1_80' title='bbox 434 944 624 1002; x_wconf 85' lang='lat' dir='ltr'>positum</span> <span class='ocrx_word' id='word_1_81' title='bbox 642 959 733 988; x_wconf 92' lang='lat' dir='ltr'>non</span> <span class='ocrx_word' id='word_1_82' title='bbox 755 943 886 1002; x_wconf 84' lang='lat' dir='ltr'>longe</span> <span class='ocrx_word' id='word_1_83' title='bbox 913 959 936 987; x_wconf 91' lang='lat' dir='ltr'>a</span> <span class='ocrx_word' id='word_1_84' title='bbox 958 958 1000 987; x_wconf 86' lang='lat' dir='ltr'>se</span> <span class='ocrx_word' id='word_1_85' title='bbox 1016 977 1026 996; x_wconf 87' lang='lat'>,</span> <span class='ocrx_word' id='word_1_86' title='bbox 1050 952 1094 986; x_wconf 86' lang='lat' dir='ltr'>et</span> <span class='ocrx_word' id='word_1_87' title='bbox 1114 958 1205 986; x_wconf 91' lang='lat' dir='ltr'>non</span> <span class='ocrx_word' id='word_1_88' title='bbox 1231 943 1508 986; x_wconf 89' lang='lat' dir='ltr'>invenerunt.</span> <span class='ocrx_word' id='word_1_89' title='bbox 1535 944 1672 994; x_wconf 88' lang='lat' dir='ltr'>Quem</span> <span class='ocrx_word' id='word_1_90' title='bbox 1701 941 1735 984; x_wconf 93' lang='lat' dir='ltr'>si</span> <span class='ocrx_word' id='word_1_91' title='bbox 1754 940 1824 984; x_wconf 93' lang='lat' dir='ltr'>in-</span> 
     </span>
     <span class='ocr_line' id='line_1_12' title="bbox 431 1011 1825 1071; baseline -0.002 -14"><span class='ocrx_word' id='word_1_92' title='bbox 431 1014 651 1057; x_wconf 86' lang='lat' dir='ltr'>venissent</span> <span class='ocrx_word' id='word_1_93' title='bbox 666 1048 677 1067; x_wconf 80' lang='lat'>,</span> <span class='ocrx_word' id='word_1_94' title='bbox 704 1013 918 1057; x_wconf 85' lang='lat' dir='ltr'>haberent</span> <span class='ocrx_word' id='word_1_95' title='bbox 935 1012 1053 1071; x_wconf 84' lang='lat' dir='ltr'>apud</span> <span class='ocrx_word' id='word_1_96' title='bbox 1069 1027 1127 1055; x_wconf 88' lang='lat' dir='ltr'>se.</span> <span class='ocrx_word' id='word_1_97' title='bbox 1150 1011 1326 1070; x_wconf 87' lang='lat' dir='ltr'>Optime</span> <span class='ocrx_word' id='word_1_98' title='bbox 1345 1011 1495 1071; x_wconf 89' lang='lat' dir='ltr'>itaque</span> <span class='ocrx_word' id='word_1_99' title='bbox 1515 1020 1557 1055; x_wconf 91' lang='lat' dir='ltr'>et</span> <span class='ocrx_word' id='word_1_100' title='bbox 1589 1011 1825 1055; x_wconf 85' lang='lat' dir='ltr'>rectissime</span> 
     </span>
     <span class='ocr_line' id='line_1_13' title="bbox 433 1080 1823 1142; baseline -0.001 -16"><span class='ocrx_word' id='word_1_101' title='bbox 433 1083 621 1126; x_wconf 85' lang='lat' dir='ltr'>accusati</span> <span class='ocrx_word' id='word_1_102' title='bbox 639 1093 756 1136; x_wconf 83' lang='lat' dir='ltr'>sunt,</span> <span class='ocrx_word' id='word_1_103' title='bbox 780 1083 856 1142; x_wconf 89' lang='lat' dir='ltr'>qui</span> <span class='ocrx_word' id='word_1_104' title='bbox 871 1091 1113 1142; x_wconf 88' lang='lat' dir='ltr'>potuerunt</span> <span class='ocrx_word' id='word_1_105' title='bbox 1129 1081 1385 1139; x_wconf 85' lang='lat' dir='ltr'>investigare</span> <span class='ocrx_word' id='word_1_106' title='bbox 1398 1096 1602 1126; x_wconf 86' lang='lat' dir='ltr'>numeros</span> <span class='ocrx_word' id='word_1_107' title='bbox 1615 1080 1823 1135; x_wconf 87' lang='lat' dir='ltr'>siderum,</span> 
     </span>
     <span class='ocr_line' id='line_1_14' title="bbox 431 1151 1897 1210; baseline -0.001 -14"><span class='ocrx_word' id='word_1_108' title='bbox 431 1151 660 1197; x_wconf 83' lang='lat' dir='ltr'>intervalla</span> <span class='ocrx_word' id='word_1_109' title='bbox 684 1161 960 1210; x_wconf 79' lang='lat' dir='ltr'>temporum,</span> <span class='ocrx_word' id='word_1_110' title='bbox 996 1152 1217 1196; x_wconf 80' lang='lat' dir='ltr'>defectum</span> <span class='ocrx_word' id='word_1_111' title='bbox 1242 1152 1461 1196; x_wconf 89' lang='lat' dir='ltr'>luminum</span> <span class='ocrx_word' id='word_1_112' title='bbox 1489 1166 1750 1209; x_wconf 85' lang='lat' dir='ltr'>cognoscere</span> <span class='ocrx_word' id='word_1_113' title='bbox 1784 1160 1828 1195; x_wconf 90' lang='lat' dir='ltr'>et</span> <span class='ocrx_word' id='word_1_114' title='bbox 1893 1196 1897 1201; x_wconf 75' lang='grc'><em>,</em></span> 
     </span>
     <span class='ocr_line' id='line_1_15' title="bbox 430 1221 1827 1282; baseline -0.001 -15"><span class='ocrx_word' id='word_1_115' title='bbox 430 1223 668 1282; x_wconf 82' lang='lat' dir='ltr'>praedicere</span> <span class='ocrx_word' id='word_1_116' title='bbox 696 1241 704 1267; x_wconf 91' lang='lat'><strong>:</strong></span> <span class='ocrx_word' id='word_1_117' title='bbox 728 1231 846 1266; x_wconf 88' lang='lat' dir='ltr'>recte</span> <span class='ocrx_word' id='word_1_118' title='bbox 864 1221 1054 1266; x_wconf 89' lang='lat' dir='ltr'>accusati</span> <span class='ocrx_word' id='word_1_119' title='bbox 1072 1230 1195 1274; x_wconf 83' lang='lat' dir='ltr'>sunt,</span> <span class='ocrx_word' id='word_1_120' title='bbox 1224 1221 1432 1280; x_wconf 86' lang='lat' dir='ltr'>quoniam</span> <span class='ocrx_word' id='word_1_121' title='bbox 1455 1236 1478 1264; x_wconf 90' lang='lat' dir='ltr'>a</span> <span class='ocrx_word' id='word_1_122' title='bbox 1498 1237 1588 1280; x_wconf 83' lang='lat' dir='ltr'>quo</span> <span class='ocrx_word' id='word_1_123' title='bbox 1609 1222 1690 1266; x_wconf 88' lang='lat' dir='ltr'>ista</span> <span class='ocrx_word' id='word_1_124' title='bbox 1711 1221 1827 1266; x_wconf 85' lang='lat' dir='ltr'>facta</span> 
     </span>
     <span class='ocr_line' id='line_1_16' title="bbox 429 1291 1826 1353; baseline -0.001 -16"><span class='ocrx_word' id='word_1_125' title='bbox 429 1303 562 1353; x_wconf 82' lang='lat' dir='ltr'>atque</span> <span class='ocrx_word' id='word_1_126' title='bbox 585 1294 785 1338; x_wconf 89' lang='lat' dir='ltr'>ordinata</span> <span class='ocrx_word' id='word_1_127' title='bbox 802 1301 926 1347; x_wconf 82' lang='lat' dir='ltr'>sunt,</span> <span class='ocrx_word' id='word_1_128' title='bbox 952 1307 1042 1336; x_wconf 90' lang='lat' dir='ltr'>non</span> <span class='ocrx_word' id='word_1_129' title='bbox 1063 1291 1329 1335; x_wconf 88' lang='lat' dir='ltr'>invenerunt</span> <span class='ocrx_word' id='word_1_130' title='bbox 1345 1326 1356 1346; x_wconf 79' lang='lat'>‚</span> <span class='ocrx_word' id='word_1_131' title='bbox 1392 1291 1492 1351; x_wconf 84' lang='lat' dir='ltr'>quia</span> <span class='ocrx_word' id='word_1_132' title='bbox 1515 1307 1713 1351; x_wconf 80' lang='lat' dir='ltr'>quaerere</span> <span class='ocrx_word' id='word_1_133' title='bbox 1744 1307 1826 1336; x_wconf 89' lang='lat' dir='ltr'>ne-</span> 
     </span>
     <span class='ocr_line' id='line_1_17' title="bbox 432 1361 1828 1421; baseline -0.001 -14"><span class='ocrx_word' id='word_1_134' title='bbox 432 1364 676 1421; x_wconf 78' lang='lat' dir='ltr'>glexerunt.</span> <span class='ocrx_word' id='word_1_135' title='bbox 707 1366 772 1406; x_wconf 91' lang='lat' dir='ltr'>Tu</span> <span class='ocrx_word' id='word_1_136' title='bbox 785 1371 931 1406; x_wconf 89' lang='lat' dir='ltr'>autem</span> <span class='ocrx_word' id='word_1_137' title='bbox 953 1378 1042 1407; x_wconf 92' lang='lat' dir='ltr'>non</span> <span class='ocrx_word' id='word_1_138' title='bbox 1064 1361 1191 1406; x_wconf 84' lang='lat' dir='ltr'>valde</span> <span class='ocrx_word' id='word_1_139' title='bbox 1214 1378 1339 1417; x_wconf 79' lang='lat' dir='ltr'>cura,</span> <span class='ocrx_word' id='word_1_140' title='bbox 1366 1362 1399 1406; x_wconf 87' lang='lat' dir='ltr'>si</span> <span class='ocrx_word' id='word_1_141' title='bbox 1423 1378 1551 1421; x_wconf 85' lang='lat' dir='ltr'>gyros</span> <span class='ocrx_word' id='word_1_142' title='bbox 1573 1363 1762 1407; x_wconf 88' lang='lat' dir='ltr'>siderum</span> <span class='ocrx_word' id='word_1_143' title='bbox 1784 1372 1828 1407; x_wconf 85' lang='lat' dir='ltr'>et</span> 
     </span>
     <span class='ocr_line' id='line_1_18' title="bbox 430 1432 1893 1490; baseline -0.001 -13"><span class='ocrx_word' id='word_1_144' title='bbox 430 1433 673 1477; x_wconf 88' lang='lat' dir='ltr'>coelestium</span> <span class='ocrx_word' id='word_1_145' title='bbox 696 1441 1025 1476; x_wconf 90' lang='lat' dir='ltr'>terrenorumve</span> <span class='ocrx_word' id='word_1_146' title='bbox 1043 1447 1276 1490; x_wconf 89' lang='lat' dir='ltr'>corporum</span> <span class='ocrx_word' id='word_1_147' title='bbox 1294 1447 1499 1476; x_wconf 86' lang='lat' dir='ltr'>numeros</span> <span class='ocrx_word' id='word_1_148' title='bbox 1523 1432 1826 1490; x_wconf 85' lang='lat' dir='ltr'>ignores.Vide</span> <span class='ocrx_word' id='word_1_149' title='bbox 1890 1485 1893 1490; x_wconf 22' lang='grc' dir='ltr'><em>Α</em></span> 
     </span>
     <span class='ocr_line' id='line_1_19' title="bbox 429 1491 1893 1563; baseline 0 -16"><span class='ocrx_word' id='word_1_150' title='bbox 429 1502 806 1563; x_wconf 82' lang='lat' dir='ltr'>pulchritudinem</span> <span class='ocrx_word' id='word_1_151' title='bbox 828 1502 999 1558; x_wconf 85' lang='lat' dir='ltr'>mundi,</span> <span class='ocrx_word' id='word_1_152' title='bbox 1018 1512 1060 1547; x_wconf 93' lang='lat' dir='ltr'>et</span> <span class='ocrx_word' id='word_1_153' title='bbox 1077 1502 1208 1547; x_wconf 87' lang='lat' dir='ltr'>lauda</span> <span class='ocrx_word' id='word_1_154' title='bbox 1230 1501 1460 1547; x_wconf 87' lang='lat' dir='ltr'>eonsilium</span> <span class='ocrx_word' id='word_1_155' title='bbox 1478 1503 1826 1547; x_wconf 85' lang='lat' dir='ltr'>Creatoris.Vide</span> <span class='ocrx_word' id='word_1_156' title='bbox 1887 1491 1893 1500; x_wconf 57' lang='lat'><em>„</em></span> 
     </span>
     <span class='ocr_line' id='line_1_20' title="bbox 426 1571 1826 1633; baseline -0.001 -16"><span class='ocrx_word' id='word_1_157' title='bbox 426 1573 547 1633; x_wconf 85' lang='lat' dir='ltr'>quod</span> <span class='ocrx_word' id='word_1_158' title='bbox 572 1574 704 1628; x_wconf 78' lang='lat' dir='ltr'>fecit,</span> <span class='ocrx_word' id='word_1_159' title='bbox 733 1588 830 1618; x_wconf 85' lang='lat' dir='ltr'>ama</span> <span class='ocrx_word' id='word_1_160' title='bbox 853 1573 930 1633; x_wconf 91' lang='lat' dir='ltr'>qui</span> <span class='ocrx_word' id='word_1_161' title='bbox 950 1571 1053 1617; x_wconf 88' lang='lat' dir='ltr'>fecit</span> <span class='ocrx_word' id='word_1_162' title='bbox 1079 1592 1086 1617; x_wconf 94' lang='lat'><strong>:</strong></span> <span class='ocrx_word' id='word_1_163' title='bbox 1116 1582 1215 1617; x_wconf 91' lang='lat' dir='ltr'>tene</span> <span class='ocrx_word' id='word_1_164' title='bbox 1248 1574 1330 1616; x_wconf 89' lang='lat' dir='ltr'>hoc</span> <span class='ocrx_word' id='word_1_165' title='bbox 1361 1572 1562 1616; x_wconf 84' lang='lat' dir='ltr'>maxime.</span> <span class='ocrx_word' id='word_1_166' title='bbox 1604 1576 1714 1617; x_wconf 84' lang='lat' dir='ltr'>Ama</span> <span class='ocrx_word' id='word_1_167' title='bbox 1748 1573 1826 1633; x_wconf 90' lang='lat' dir='ltr'>qui</span> 
     </span>
     <span class='ocr_line' id='line_1_21' title="bbox 427 1641 1825 1703; baseline -0.001 -15"><span class='ocrx_word' id='word_1_168' title='bbox 427 1643 530 1688; x_wconf 85' lang='lat' dir='ltr'>fecit</span> <span class='ocrx_word' id='word_1_169' title='bbox 552 1663 559 1688; x_wconf 91' lang='lat'><strong>:</strong></span> <span class='ocrx_word' id='word_1_170' title='bbox 583 1644 687 1703; x_wconf 86' lang='lat' dir='ltr'>quia</span> <span class='ocrx_word' id='word_1_171' title='bbox 706 1652 749 1686; x_wconf 90' lang='lat' dir='ltr'>et</span> <span class='ocrx_word' id='word_1_172' title='bbox 766 1652 809 1686; x_wconf 87' lang='lat' dir='ltr'>te</span> <span class='ocrx_word' id='word_1_173' title='bbox 822 1643 965 1700; x_wconf 89' lang='lat' dir='ltr'>ipsum</span> <span class='ocrx_word' id='word_1_174' title='bbox 986 1651 1224 1686; x_wconf 85' lang='lat' dir='ltr'>amatorem</span> <span class='ocrx_word' id='word_1_175' title='bbox 1240 1656 1369 1686; x_wconf 89' lang='lat' dir='ltr'>suum</span> <span class='ocrx_word' id='word_1_176' title='bbox 1384 1641 1439 1687; x_wconf 88' lang='lat' dir='ltr'>ad</span> <span class='ocrx_word' id='word_1_177' title='bbox 1453 1642 1685 1701; x_wconf 85' lang='lat' dir='ltr'>imaginem</span> <span class='ocrx_word' id='word_1_178' title='bbox 1703 1658 1825 1687; x_wconf 88' lang='lat' dir='ltr'>suam</span> 
     </span>
     <span class='ocr_line' id='line_1_22' title="bbox 430 1713 549 1758; baseline -0.008 -1"><span class='ocrx_word' id='word_1_179' title='bbox 430 1713 549 1758; x_wconf 84' lang='lat' dir='ltr'>fecit.</span> 
     </span>
    </p>

    <p class='ocr_par' dir='ltr' id='par_1_3' title="bbox 426 1783 1898 2477">
     <span class='ocr_line' id='line_1_23' title="bbox 487 1783 1827 1845; baseline 0.001 -16"><span class='ocrx_word' id='word_1_180' title='bbox 487 1788 569 1829; x_wconf 86' lang='grc' dir='ltr'><strong>ΙΙΙ.</strong></span> <span class='ocrx_word' id='word_1_181' title='bbox 606 1787 720 1842; x_wconf 87' lang='lat' dir='ltr'>Ergo</span> <span class='ocrx_word' id='word_1_182' title='bbox 751 1784 852 1844; x_wconf 81' lang='lat' dir='ltr'>quia</span> <span class='ocrx_word' id='word_1_183' title='bbox 885 1794 948 1828; x_wconf 89' lang='lat' dir='ltr'>est</span> <span class='ocrx_word' id='word_1_184' title='bbox 989 1784 1170 1839; x_wconf 77' lang='lat' dir='ltr'>mirum,</span> <span class='ocrx_word' id='word_1_185' title='bbox 1207 1785 1309 1844; x_wconf 86' lang='lat' dir='ltr'>quia</span> <span class='ocrx_word' id='word_1_186' title='bbox 1352 1783 1511 1830; x_wconf 87' lang='lat' dir='ltr'>talibus</span> <span class='ocrx_word' id='word_1_187' title='bbox 1559 1786 1827 1845; x_wconf 84' lang='lat' dir='ltr'>sapientibus</span> 
     </span>
     <span class='ocr_line' id='line_1_24' title="bbox 428 1855 1841 1916; baseline -0.001 -14"><span class='ocrx_word' id='word_1_188' title='bbox 428 1855 647 1915; x_wconf 86' lang='lat' dir='ltr'>occupatis</span> <span class='ocrx_word' id='word_1_189' title='bbox 664 1855 776 1898; x_wconf 87' lang='lat' dir='ltr'>circa</span> <span class='ocrx_word' id='word_1_190' title='bbox 795 1861 1029 1910; x_wconf 82' lang='lat' dir='ltr'>creaturas,</span> <span class='ocrx_word' id='word_1_191' title='bbox 1053 1856 1127 1914; x_wconf 84' lang='lat' dir='ltr'>qui</span> <span class='ocrx_word' id='word_1_192' title='bbox 1150 1857 1398 1900; x_wconf 83' lang='lat' dir='ltr'>Creatorem</span> <span class='ocrx_word' id='word_1_193' title='bbox 1418 1855 1688 1914; x_wconf 81' lang='lat' dir='ltr'>negligenter</span> <span class='ocrx_word' id='word_1_194' title='bbox 1699 1873 1822 1916; x_wconf 83' lang='lat' dir='ltr'>quae—</span> <span class='ocrx_word' id='word_1_195' title='bbox 1839 1887 1841 1889; x_wconf 82' lang='lat'>·</span> 
     </span>
     <span class='ocr_line' id='line_1_25' title="bbox 426 1926 1894 1984; baseline 0 -12"><span class='ocrx_word' id='word_1_196' title='bbox 426 1943 521 1972; x_wconf 85' lang='lat' dir='ltr'>rere</span> <span class='ocrx_word' id='word_1_197' title='bbox 542 1926 805 1980; x_wconf 83' lang='lat' dir='ltr'>voluerunt,</span> <span class='ocrx_word' id='word_1_198' title='bbox 832 1941 912 1969; x_wconf 91' lang='lat' dir='ltr'>nec</span> <span class='ocrx_word' id='word_1_199' title='bbox 936 1926 1130 1970; x_wconf 87' lang='lat' dir='ltr'>invenire</span> <span class='ocrx_word' id='word_1_200' title='bbox 1153 1935 1417 1984; x_wconf 84' lang='lat' dir='ltr'>potuerunt,</span> <span class='ocrx_word' id='word_1_201' title='bbox 1446 1926 1699 1971; x_wconf 83' lang='lat' dir='ltr'>abscondita</span> <span class='ocrx_word' id='word_1_202' title='bbox 1720 1936 1822 1973; x_wconf 87' lang='lat' dir='ltr'>sunt</span> <span class='ocrx_word' id='word_1_203' title='bbox 1887 1958 1894 1964; x_wconf 86' lang='lat'><em>-</em></span> 
     </span>
     <span class='ocr_line' id='line_1_26' title="bbox 426 1992 1893 2057; baseline 0.001 -15"><span class='ocrx_word' id='word_1_204' title='bbox 426 1998 500 2042; x_wconf 88' lang='lat' dir='ltr'>illa</span> <span class='ocrx_word' id='word_1_205' title='bbox 539 1998 593 2041; x_wconf 92' lang='lat' dir='ltr'>de</span> <span class='ocrx_word' id='word_1_206' title='bbox 625 1997 785 2057; x_wconf 86' lang='lat' dir='ltr'>quibus</span> <span class='ocrx_word' id='word_1_207' title='bbox 814 1995 922 2040; x_wconf 76' lang='lat' dir='ltr'>dixit</span> <span class='ocrx_word' id='word_1_208' title='bbox 950 1995 1146 2040; x_wconf 87' lang='lat' dir='ltr'>Christus</span> <span class='ocrx_word' id='word_1_209' title='bbox 1180 2015 1188 2040; x_wconf 92' lang='lat'><strong>:</strong></span> <span class='ocrx_word' id='word_1_210' title='bbox 1226 1995 1539 2040; x_wconf 84' lang='lat' dir='ltr'>«Abscondisti</span> <span class='ocrx_word' id='word_1_211' title='bbox 1574 1997 1666 2041; x_wconf 89' lang='lat' dir='ltr'>haec</span> <span class='ocrx_word' id='word_1_212' title='bbox 1699 2014 1723 2041; x_wconf 85' lang='lat' dir='ltr'>a</span> <span class='ocrx_word' id='word_1_213' title='bbox 1756 2014 1839 2043; x_wconf 88' lang='lat' dir='ltr'>sa--</span> <span class='ocrx_word' id='word_1_214' title='bbox 1884 1992 1893 1999; x_wconf 55' lang='grc'><strong>”</strong></span> 
     </span>
     <span class='ocr_line' id='line_1_27' title="bbox 430 2065 1898 2141; baseline 0.002 -31"><span class='ocrx_word' id='word_1_215' title='bbox 430 2088 450 2110; x_wconf 86' lang='lat'>»</span> <span class='ocrx_word' id='word_1_216' title='bbox 487 2067 705 2128; x_wconf 90' lang='lat' dir='ltr'>pientibus</span> <span class='ocrx_word' id='word_1_217' title='bbox 728 2076 770 2110; x_wconf 90' lang='lat' dir='ltr'>et</span> <span class='ocrx_word' id='word_1_218' title='bbox 793 2065 1081 2126; x_wconf 88' lang='lat' dir='ltr'>prudentibus</span> <span class='ocrx_word' id='word_1_219' title='bbox 1111 2085 1119 2109; x_wconf 90' lang='lat'>:</span> <span class='ocrx_word' id='word_1_220' title='bbox 1148 2085 1167 2107; x_wconf 92' lang='lat'>»</span> <span class='ocrx_word' id='word_1_221' title='bbox 1193 2065 1430 2109; x_wconf 88' lang='lat' dir='ltr'>mirabilius</span> <span class='ocrx_word' id='word_1_222' title='bbox 1454 2075 1517 2110; x_wconf 91' lang='lat' dir='ltr'>est</span> <span class='ocrx_word' id='word_1_223' title='bbox 1547 2067 1758 2125; x_wconf 88' lang='lat' dir='ltr'>sapientes</span> <span class='ocrx_word' id='word_1_224' title='bbox 1779 2075 1822 2114; x_wconf 89' lang='lat' dir='ltr'>et</span> <span class='ocrx_word' id='word_1_225' title='bbox 1862 2110 1867 2132; x_wconf 51' lang='lat'>¹</span> <span class='ocrx_word' id='word_1_226' title='bbox 1891 2114 1898 2141; x_wconf 51' lang='lat' dir='ltr'>t</span> 
     </span>
     <span class='ocr_line' id='line_1_28' title="bbox 426 2112 1896 2208; baseline 0 -25"><span class='ocrx_word' id='word_1_227' title='bbox 426 2139 661 2199; x_wconf 86' lang='lat' dir='ltr'>prudentes</span> <span class='ocrx_word' id='word_1_228' title='bbox 690 2136 982 2195; x_wconf 87' lang='lat' dir='ltr'>deprehensos</span> <span class='ocrx_word' id='word_1_229' title='bbox 1010 2135 1140 2180; x_wconf 85' lang='lat' dir='ltr'>etiam</span> <span class='ocrx_word' id='word_1_230' title='bbox 1164 2136 1240 2194; x_wconf 89' lang='lat' dir='ltr'>qui</span> <span class='ocrx_word' id='word_1_231' title='bbox 1270 2150 1535 2194; x_wconf 84' lang='lat' dir='ltr'>cognoscere</span> <span class='ocrx_word' id='word_1_232' title='bbox 1559 2146 1812 2196; x_wconf 86' lang='lat' dir='ltr'>potuerunt.</span> <span class='ocrx_word' id='word_1_233' title='bbox 1858 2112 1896 2208; x_wconf 34' lang='grc' dir='ltr'>,ἐς</span> 
     </span>
     <span class='ocr_line' id='line_1_29' title="bbox 432 2204 1897 2284; baseline 0.001 -34"><span class='ocrx_word' id='word_1_234' title='bbox 432 2229 453 2251; x_wconf 78' lang='lat'>‹&lt;</span> <span class='ocrx_word' id='word_1_235' title='bbox 487 2207 722 2252; x_wconf 83' lang='lat' dir='ltr'>Revelatur</span> <span class='ocrx_word' id='word_1_236' title='bbox 743 2206 858 2250; x_wconf 88' lang='lat' dir='ltr'>enim</span> <span class='ocrx_word' id='word_1_237' title='bbox 874 2241 884 2260; x_wconf 89' lang='lat'>,</span> <span class='ocrx_word' id='word_1_238' title='bbox 913 2205 1081 2264; x_wconf 82' lang='lat' dir='ltr'>inquit,</span> <span class='ocrx_word' id='word_1_239' title='bbox 1112 2205 1174 2248; x_wconf 81' lang='lat' dir='ltr'>ira</span> <span class='ocrx_word' id='word_1_240' title='bbox 1199 2205 1277 2248; x_wconf 92' lang='lat' dir='ltr'>Dei</span> <span class='ocrx_word' id='word_1_241' title='bbox 1295 2204 1349 2249; x_wconf 91' lang='lat' dir='ltr'>de</span> <span class='ocrx_word' id='word_1_242' title='bbox 1371 2205 1485 2250; x_wconf 89' lang='lat' dir='ltr'>coelo</span> <span class='ocrx_word' id='word_1_243' title='bbox 1500 2222 1629 2266; x_wconf 87' lang='lat' dir='ltr'>super</span> <span class='ocrx_word' id='word_1_244' title='bbox 1645 2223 1818 2253; x_wconf 89' lang='lat' dir='ltr'>omnem</span> <span class='ocrx_word' id='word_1_245' title='bbox 1834 2217 1841 2284; x_wconf 47' lang='lat' dir='ltr'><strong>ff</strong></span> <span class='ocrx_word' id='word_1_246' title='bbox 1857 2207 1897 2283; x_wconf 38' lang='grc' dir='ltr'>ὦ.</span> 
     </span>
     <span class='ocr_line' id='line_1_30' title="bbox 430 2275 1898 2359; baseline 0.001 -39"><span class='ocrx_word' id='word_1_247' title='bbox 430 2298 450 2320; x_wconf 86' lang='lat'>»</span> <span class='ocrx_word' id='word_1_248' title='bbox 486 2278 752 2337; x_wconf 87' lang='lat' dir='ltr'>impietatem</span> <span class='ocrx_word' id='word_1_249' title='bbox 788 2287 830 2320; x_wconf 88' lang='lat' dir='ltr'>et</span> <span class='ocrx_word' id='word_1_250' title='bbox 862 2275 1116 2335; x_wconf 85' lang='lat' dir='ltr'>injustitiam</span> <span class='ocrx_word' id='word_1_251' title='bbox 1139 2276 1396 2331; x_wconf 78' lang='lat' dir='ltr'>hominum,</span> <span class='ocrx_word' id='word_1_252' title='bbox 1427 2278 1503 2336; x_wconf 88' lang='lat' dir='ltr'>qui</span> <span class='ocrx_word' id='word_1_253' title='bbox 1520 2277 1747 2322; x_wconf 88' lang='lat' dir='ltr'>veritatem</span> <span class='ocrx_word' id='word_1_254' title='bbox 1773 2279 1898 2359; x_wconf 45' lang='lat' dir='ltr'>ins.Im</span> 
     </span>
     <span class='ocr_line' id='line_1_31' title="bbox 433 2344 1898 2423; baseline 0.001 -34"><span class='ocrx_word' id='word_1_255' title='bbox 433 2368 452 2389; x_wconf 87' lang='lat'>»</span> <span class='ocrx_word' id='word_1_256' title='bbox 487 2348 716 2407; x_wconf 86' lang='lat' dir='ltr'>iniquitate</span> <span class='ocrx_word' id='word_1_257' title='bbox 734 2347 930 2390; x_wconf 88' lang='lat' dir='ltr'>detinent</span> <span class='ocrx_word' id='word_1_258' title='bbox 952 2348 1010 2388; x_wconf 87' lang='lat'>¹.»</span> <span class='ocrx_word' id='word_1_259' title='bbox 1045 2346 1209 2398; x_wconf 79' lang='lat' dir='ltr'>Quaeris</span> <span class='ocrx_word' id='word_1_260' title='bbox 1233 2344 1413 2391; x_wconf 88' lang='lat' dir='ltr'>fortasse</span> <span class='ocrx_word' id='word_1_261' title='bbox 1437 2363 1569 2407; x_wconf 87' lang='lat' dir='ltr'>quam</span> <span class='ocrx_word' id='word_1_262' title='bbox 1590 2348 1814 2392; x_wconf 88' lang='lat' dir='ltr'>veritatem</span> <span class='ocrx_word' id='word_1_263' title='bbox 1831 2368 1836 2412; x_wconf 55' lang='lat' dir='ltr'><strong>ff</strong></span> <span class='ocrx_word' id='word_1_264' title='bbox 1855 2388 1898 2423; x_wconf 51' lang='grc' dir='ltr'>,Ἧῖ</span> 
     </span>
     <span class='ocr_line' id='line_1_32' title="bbox 432 2414 1875 2477; baseline 0 -15"><span class='ocrx_word' id='word_1_265' title='bbox 432 2418 655 2463; x_wconf 84' lang='lat' dir='ltr'>detineant</span> <span class='ocrx_word' id='word_1_266' title='bbox 671 2419 714 2461; x_wconf 90' lang='lat' dir='ltr'>in</span> <span class='ocrx_word' id='word_1_267' title='bbox 728 2417 980 2477; x_wconf 78' lang='lat' dir='ltr'>iniquitate?</span> <span class='ocrx_word' id='word_1_268' title='bbox 999 2417 1108 2468; x_wconf 88' lang='lat' dir='ltr'>Quia</span> <span class='ocrx_word' id='word_1_269' title='bbox 1123 2417 1244 2476; x_wconf 82' lang='lat' dir='ltr'>quod</span> <span class='ocrx_word' id='word_1_270' title='bbox 1256 2426 1410 2461; x_wconf 90' lang='lat' dir='ltr'>notum</span> <span class='ocrx_word' id='word_1_271' title='bbox 1431 2428 1494 2461; x_wconf 87' lang='lat' dir='ltr'>est</span> <span class='ocrx_word' id='word_1_272' title='bbox 1512 2418 1603 2472; x_wconf 82' lang='lat' dir='ltr'>Dei,</span> <span class='ocrx_word' id='word_1_273' title='bbox 1617 2417 1835 2462; x_wconf 73' lang='lat' dir='ltr'>manifes-³</span> <span class='ocrx_word' id='word_1_274' title='bbox 1871 2414 1875 2419; x_wconf 47' lang='lat'>²</span> 
     </span>
    </p>
   </div>
   <div class='ocr_carea' id='block_1_3' title="bbox 1829 0 1898 2484">
    <p class='ocr_par' dir='ltr' id='par_1_4' title="bbox 1829 0 1898 2484">
     <span class='ocr_line' id='line_1_33' title="bbox 1829 0 1898 2484; baseline 0 0"><span class='ocrx_word' id='word_1_275' title='bbox 1829 0 1898 2484; x_wconf 95' lang='lat' dir='ltr'> </span> 
     </span>
    </p>
   </div>
   <div class='ocr_carea' id='block_1_4' title="bbox 487 2574 1830 2679">
    <p class='ocr_par' dir='ltr' id='par_1_5' title="bbox 487 2574 1830 2679">
     <span class='ocr_line' id='line_1_34' title="bbox 487 2574 1830 2616; baseline -0.003 -12"><span class='ocrx_word' id='word_1_276' title='bbox 487 2580 492 2595; x_wconf 85' lang='lat'><em>¹</em></span> <span class='ocrx_word' id='word_1_277' title='bbox 522 2576 613 2604; x_wconf 60' lang='lat' dir='ltr'>lium.</span> <span class='ocrx_word' id='word_1_278' title='bbox 637 2585 659 2611; x_wconf 73' lang='grc' dir='ltr'>ι,</span> <span class='ocrx_word' id='word_1_279' title='bbox 681 2574 728 2604; x_wconf 77' lang='grc' dir='ltr'>ιὸ.</span> <span class='ocrx_word' id='word_1_280' title='bbox 1827 2608 1830 2616; x_wconf 80' lang='lat'>.</span> 
     </span>
     <span class='ocr_line' id='line_1_35' title="bbox 1825 2623 1829 2663; baseline 0 0"><span class='ocrx_word' id='word_1_281' title='bbox 1825 2623 1829 2663; x_wconf 71' lang='lat' dir='ltr'>i</span> 
     </span>
     <span class='ocr_line' id='line_1_36' title="bbox 1825 2666 1828 2679; baseline 0 0"><span class='ocrx_word' id='word_1_282' title='bbox 1825 2666 1828 2679; x_wconf 90' lang='grc' dir='ltr'>Ι</span> 
     </span>
    </p>
   </div>
  </div>
 </body>
</html>
