1898 3178
330 196 467 223 sEnMo
499 196 597 234 LVI,
631 195 679 222 m
709 191 875 221 ΜΑΤΤΗ.
911 194 984 233 v1,
1019 193 1074 221 nn
1106 188 1230 220 onA‘r.
1265 192 1373 220 nou.
1447 180 1529 220 187

152 261 342 316 faciunt,
367 259 512 318 magni
537 268 639 304 sunt
659 259 735 319 qui
751 258 917 304 faciunt
931 294 942 315 ,
958 257 1168 319 spiritales
1189 256 1370 303 faciunt.
1395 260 1532 303 Num-

152 332 259 393 quid
280 331 386 376 tales
403 339 505 375 sunt
526 345 676 375 omnes
701 330 747 373 in
778 330 968 374 Ecclesia
989 329 1138 374 fideles
1158 328 1213 374 ad
1239 327 1373 372 altare
1406 343 1532 373 acce-

152 403 301 447 dentes
316 436 327 457 ,
352 417 509 461 corpus
531 410 573 445 et
590 400 847 459 sanguinem
870 400 1030 445 Christi
1054 400 1296 445 sumentes?
1316 398 1533 458 numquid

151 472 256 518 tales
278 481 379 516 sunt
401 473 583 516 omnes?
605 473 662 515 Et
685 479 829 515 tamen
853 485 1003 515 omnes
1024 471 1176 516 dicunt
1194 490 1202 516 :
1221 489 1242 513 «
1259 469 1439 515 Dimitte
1452 484 1533 514 no-

153 561 175 586 »
209 543 274 587 bis
301 541 448 587 debita
467 551 612 587 nostra
628 577 639 597 ‚
674 542 787 586 sicut
809 550 852 585 et
873 556 951 585 nos
974 540 1230 585 dimittimus
1259 539 1532 585 debitoribus

152 631 174 655 n
209 614 380 658 nostris.
401 631 422 655 »
450 613 493 659 Si
515 611 777 673 respondeat
794 611 876 656 illis
894 614 1009 657 Deus
1024 646 1034 666 ,
1060 611 1166 671 quid
1185 627 1207 655 a
1228 626 1298 655 me
1318 611 1463 671 petitis
1483 619 1534 654 ut

150 683 305 729 faciam
323 686 442 744 quod
469 685 647 744 promisi
667 719 678 739 ,
703 683 882 744 quando
898 697 975 727 vos
992 697 1082 726 non
1105 680 1241 726 facitis
1271 680 1391 742 quod
1417 696 1533 741 prae·

149 756 273 814 cepi?
295 755 411 808 Quid
444 755 647 814 promisi?
666 754 892 799 Dimittere
924 752 1072 798 debita
1092 761 1247 797 vestra.
1277 751 1395 805 Quid
1416 767 1532 812 prae⁶

148 825 276 884 cepi?
300 827 357 870 Ut
378 834 422 869 et
442 840 518 870 vos
542 824 771 869 dimittatis
802 823 1074 868 debitoribus
1106 823 1273 867 vestris.
1299 822 1533 876 Quomodo

148 895 324 954 potestis
346 895 430 941 hoc
452 895 593 940 facere
617 930 628 950 ,
654 895 688 939 si
709 910 799 940 non
821 893 1008 953 diligatis
1036 893 1268 937 inimicos?
1290 892 1408 946 Quid
1430 907 1533 952 ergo

147 964 303 1010 facturi
331 981 480 1010 sumus
498 1001 510 1021 ,
546 965 731 1010 fratres?
752 963 822 1010 Ad
842 973 1009 1009 tantam
1032 964 1295 1023 paucitatem
1323 962 1533 1021 redigitur

148 1052 251 1096 grex
269 1037 459 1083 Christi?
491 1038 533 1082 Si
553 1037 633 1081 soli
664 1036 727 1081 illi
749 1036 914 1080 debent
944 1036 1088 1080 dicere
1115 1055 1124 1081 ;
1154 1055 1174 1078 ι(
1199 1035 1378 1080 Dimitte
1406 1035 1532 1080 nobis

150 1124 170 1148 »
206 1107 355 1153 debita
370 1118 539 1163 nostra,
565 1108 675 1153 sicut
697 1116 740 1152 et
761 1122 838 1151 nos
856 1106 1113 1151 dimittimus
1135 1106 1405 1150 debitoribus
1431 1120 1533 1150 nos-

148 1195 170 1218 »
204 1178 279 1222 tris
296 1212 307 1232 ,
324 1196 345 1220 n
370 1179 447 1238 qui
469 1178 661 1237 diligunt
683 1177 881 1222 inimicos
899 1198 910 1235 3
930 1178 1075 1221 nescio
1096 1177 1203 1237 quid
1224 1174 1381 1220 faciam
1395 1211 1406 1230 ,
1431 1191 1530 1219 nes-

148 1247 215 1291 cio
232 1247 340 1307 quid
361 1247 519 1291 dicam.
542 1248 746 1291 Dicturus
763 1247 880 1290 enim
893 1247 1018 1290 vobis
1039 1261 1158 1290 sum:
1179 1246 1222 1292 Si
1239 1261 1329 1291 non
1351 1245 1531 1305 diligitis

147 1318 342 1362 inimicos
358 1326 543 1373 vestros,
569 1318 704 1362 nolite
725 1319 870 1362 orare?
889 1320 986 1363 Non
1003 1317 1142 1362 audeo
1162 1336 1170 1362 :
1190 1318 1279 1362 imo
1300 1326 1350 1361 ut
1374 1316 1530 1376 diliga-

146 1388 200 1433 tis
217 1424 228 1443 ,
253 1396 385 1433 orate.
413 1387 497 1433 Sed
515 1387 733 1448 numquid
753 1388 876 1433 vobis
897 1388 1091 1434 dicturus
1107 1403 1227 1444 sum,
1254 1388 1297 1433 Si
1318 1403 1409 1432 non
1425 1387 1528 1432 dili-

146 1459 244 1518 gitis
264 1459 459 1504 inimicos
478 1468 657 1514 vestros,
672 1458 807 1504 nolite
822 1459 868 1503 in
885 1460 1092 1504 Oratione
1111 1459 1336 1504 Dominica
1358 1459 1525 1505 dicere:

150 1547 171 1571 «
204 1529 382 1574 Dimitte
416 1530 541 1574 nobis
573 1529 721 1574 debita
752 1539 920 1585 nostra,
954 1530 1065 1574 sicut
1086 1538 1130 1574 et
1163 1545 1242 1574 nos
1271 1529 1528 1575 dimittimus

148 1615 169 1640 »
203 1598 473 1644 debitoribus
486 1600 672 1644 nostris?
691 1618 710 1641 η
738 1603 849 1644 Puta
865 1600 967 1660 quia
980 1599 1079 1644 dico
1101 1618 1110 1645 :
1135 1600 1279 1646 Nolite
1301 1599 1461 1648 dicere.
1485 1601 1528 1646 Si

144 1685 234 1714 non
261 1669 475 1725 dixeritis,
494 1671 891 1721 nondimittuntur
912 1690 920 1714 :
944 1671 978 1714 si
1000 1670 1213 1726 dixeritis,
1239 1680 1282 1715 et
1298 1686 1388 1716 non
1409 1672 1527 1716 fece-

143 1740 254 1795 ritis,
279 1756 370 1785 non
391 1740 686 1785 dimittuntur.
710 1743 827 1799 Ergo
844 1740 1079 1785 dicendum
1102 1750 1180 1796 est,
1197 1750 1241 1785 et
1257 1740 1524 1798 faciendum,

144 1819 194 1855 ut
215 1811 506 1855 dimittantur.

201 1883 322 1926 XVI.
366 1882 504 1927 Video
543 1881 709 1942 aliquid
742 1881 862 1926 unde
887 1897 1061 1942 possum
1074 1917 1085 1939 ,
1129 1898 1220 1928 non
1261 1885 1526 1943 paucitatem

141 1952 421 1998 christianam
432 1987 445 2009 ,
461 1954 537 1998 sed
550 1953 878 1998 multitudinem
896 1953 1107 1998 consolari
1125 1974 1134 1999 2
1155 1963 1199 1998 et
1216 1955 1305 1999 scio
1323 1956 1427 2015 quia
1441 1957 1525 2001 hoc

141 2023 394 2068 desideratis
415 2023 580 2072 audire.
596 2024 810 2069 Dimittite
825 2059 836 2079 ‚
867 2033 918 2069 ut
933 2025 1178 2069 dimittatur
1203 2025 1325 2070 vobis
1340 2061 1351 2081 ,
1380 2027 1525 2071 Chris-

140 2102 211 2138 tus
242 2093 364 2138 dixit.
390 2096 448 2139 Et
482 2110 559 2140 vos
588 2095 634 2139 in
655 2095 862 2139 Oratione
889 2095 998 2155 quid
1039 2095 1214 2140 dicitis?
1250 2095 1369 2140 unde
1390 2097 1524 2143 modo

139 2173 375 2208 tractamus
401 2183 410 2210 z
441 2166 659 2210 «Dimitte
680 2164 806 2209 nobis
839 2164 986 2210 debita
1023 2175 1196 2224 nostra,
1233 2167 1345 2211 sicut
1365 2175 1410 2211 et
1442 2183 1522 2213 nos

140 2252 162 2276 ³»
197 2233 457 2279 dimittimus
480 2236 750 2281 debitoribus
769 2236 940 2281 nostris.
969 2254 990 2278 n
1018 2237 1088 2281 Sic
1104 2236 1295 2292 dimitte,
1319 2239 1518 2295 Domine,

137 2304 361 2364 quomodo
383 2304 640 2350 dimittimus
655 2308 686 2350 1.
713 2308 807 2350 Hoc
828 2305 956 2351 dicis:
981 2306 1049 2351 Sic
1071 2306 1258 2361 dimitte,
1276 2310 1420 2363 Pater,
1445 2309 1522 2369 qui

136 2389 180 2418 es
201 2375 246 2417 in
269 2374 413 2429 coelis,
447 2374 596 2419 debita
625 2385 798 2431 nostra,
829 2375 1052 2436 quomodo
1078 2385 1120 2420 et
1153 2392 1230 2420 nos
1262 2376 1520 2422 dimittimus
1595 2401 1605 2409 ·

137 2445 408 2490 debitoribus
421 2447 590 2491 nostris.
612 2449 704 2492 Hoc
721 2448 837 2491 enim
854 2446 996 2493 facere
1011 2446 1178 2491 debetis
1199 2466 1208 2493 :
1228 2447 1348 2508 quod
1370 2449 1403 2494 si
1427 2464 1516 2494 non

186 2534 192 2550 ¹
213 2530 292 2560 Luc.
312 2539 357 2569 vt,
378 2529 428 2569 37.
