1898 3178
409 249 490 288 296
838 256 872 285 S.
911 260 1138 289 AUGUSTIM
1172 262 1373 292 EPISCOH,

403 326 662 369 contraxisse
683 333 925 384 peccatum.
954 324 1068 369 Illud
1091 326 1228 385 ipsum
1252 326 1447 386 profecto
1470 335 1560 381 est,
1585 326 1705 387 quod
1737 329 1782 373 in

402 405 655 455 praesentem
678 395 847 454 sibique
868 395 1121 454 loquentem
1142 412 1231 440 non
1252 396 1557 451 crediderunt,
1593 412 1783 458 eumque

400 466 625 509 inimicum
641 465 918 524 deputantes,
939 466 1145 525 quoniam
1159 482 1260 511 vera
1273 467 1461 522 dicebat,
1481 467 1658 526 insuper
1673 469 1766 512 occi

400 535 573 580 derunt.
590 537 683 580 Hoc
699 544 925 594 peccatum
949 545 1035 580 tam
1057 551 1260 594 magnum
1276 546 1317 580 et
1332 536 1617 592 horrendum,
1643 538 1676 581 si
1694 553 1783 582 non

399 605 583 649 venisset
599 613 642 649 et
662 604 836 650 locutus
852 606 910 650 eis
931 604 1097 661 fuisset,
1118 607 1270 667 utique
1297 622 1386 650 non
1410 607 1635 651 haberent.
1664 608 1782 652 Sicut

399 690 500 732 ergo
523 674 701 719 ibicum
720 675 921 720 audimus
947 696 955 720 :
977 695 996 718 «
1023 680 1255 720 Peccatum
1283 692 1371 720 non
1394 675 1629 733 haberent3
1652 694 1672 717 »
1695 692 1781 721 non

398 760 549 799 omne,
579 746 654 788 sed
671 745 849 806 aliquod
865 756 1094 806 peccatum
1110 745 1393 805 intelligimus
1411 765 1419 790 :
1437 747 1496 790 ita
1510 748 1555 790 in
1573 746 1783 791 hodierna

396 815 581 860 lectione
601 831 704 860 cum
725 816 927 860 audimus
953 836 962 861 :
993 836 1013 859 «
1036 817 1220 875 Spiritus
1243 816 1510 876 blasphemia
1527 832 1617 862 non
1635 818 1784 861 remit-

397 904 417 927 »
452 895 595 942 tetur3
623 905 642 927 »
669 902 758 931 non
795 902 969 931 omnem
992 887 1330 946 blasphemiam,
1351 885 1426 931 sed
1447 887 1682 946 quamdam
1708 906 1718 932 ι
1740 896 1785 932 et

394 972 494 1001 cum
518 956 717 1001 audimus
740 977 748 1001 :
774 977 793 999 «
814 958 897 1010 Qui
919 957 1024 1001 dicit
1046 958 1226 1001 verbum
1250 967 1401 1001 contra
1428 957 1639 1017 Spiritum
1656 973 1782 1002 sanc-

398 1044 417 1067 »
454 1036 563 1081 tum,
584 1042 673 1071 non
691 1028 936 1070 remittetur
949 1027 1012 1083 ei3
1036 1045 1056 1068 »
1078 1042 1167 1071 non
1183 1042 1315 1072 omne
1332 1028 1534 1082 verbum,
1556 1026 1630 1071 sed
1645 1028 1783 1087 quod-

401 1095 496 1139 dam
520 1095 763 1154 intelligere
784 1096 1010 1139 debemus.

449 1169 553 1210 XII.
589 1169 697 1210 Nam
732 1176 775 1210 et
806 1167 888 1210 hoc
911 1167 1054 1225 ipsum
1091 1166 1211 1225 quod
1247 1167 1305 1210 ait
1338 1186 1346 1210 :
1378 1186 1398 1208 «
1426 1167 1609 1225 Spiritus
1636 1177 1781 1211 autem

394 1256 412 1277 »
449 1237 718 1295 blasphemia
746 1252 836 1281 non
861 1237 1105 1280 remittetur
1132 1256 1141 1280 ε
1170 1255 1189 1277 »
1217 1237 1371 1295 utique
1406 1252 1496 1280 non
1519 1238 1660 1281 omnis
1691 1239 1781 1296 spi-

393 1309 516 1363 ritus,
539 1306 615 1351 sed
637 1308 819 1366 Spiritus
845 1309 981 1351 sancti
1003 1306 1317 1366 blasphemiam
1341 1322 1514 1351 necesse
1537 1317 1600 1351 est
1621 1307 1782 1352 intelli-

391 1393 555 1435 gamus.
585 1376 715 1430 Quod
753 1387 797 1421 et
820 1378 853 1420 si
879 1377 1049 1436 planius
1088 1376 1192 1420 alibi
1214 1392 1304 1420 non
1341 1376 1524 1430 diceret,
1561 1378 1657 1437 quis
1690 1387 1780 1422 tam

389 1463 538 1492 vecors
565 1456 702 1501 esset,
739 1456 789 1491 ut
821 1447 940 1494 aliud
978 1447 1268 1504 intelligeret?
1300 1447 1551 1491 Secundum
1578 1448 1691 1492 hanc
1715 1463 1780 1491 re-

391 1518 537 1577 gulam
579 1517 810 1561 locutionis
832 1552 842 1570 ,
885 1525 928 1560 et
963 1515 1074 1560 illud
1107 1514 1316 1575 accipitur
1347 1536 1357 1561 ·.
1392 1536 1411 1558 «
1446 1517 1535 1561 Nisi
1576 1518 1672 1576 quis
1713 1533 1780 1562 re-

392 1608 412 1629 »
449 1598 576 1632 natus
597 1588 730 1632 fuerit
753 1602 803 1630 ex
826 1603 937 1646 aqua
967 1595 1011 1629 ct
1035 1587 1239 1645 Spiritu¹.
1267 1604 1288 1627 »
1321 1589 1417 1631 Non
1456 1587 1571 1631 enim
1602 1588 1661 1631 ait
1688 1587 1776 1642 ibi,

389 1669 431 1702 et
467 1657 629 1716 Spiritu
662 1665 810 1700 sancto
838 1675 847 1699 ε
882 1665 928 1699 et
957 1664 1103 1699 tamen
1132 1656 1215 1700 hoc
1242 1656 1511 1714 intelligitur.
1546 1659 1633 1702 Nec
1663 1673 1778 1718 quo·-

390 1729 503 1771 niam
538 1727 671 1777 dixit,
704 1741 753 1769 ex
775 1742 887 1786 aqua
915 1735 959 1770 et
989 1720 1172 1785 spiritu,
1214 1741 1388 1771 omnem
1428 1727 1626 1786 spiritum
1659 1729 1778 1787 quis-

389 1812 520 1858 quam
551 1796 791 1855 intelligere
814 1797 996 1854 cogitur.
1029 1797 1239 1849 Quocirca
1256 1812 1355 1841 cum
1371 1796 1492 1841 audis
1515 1817 1523 1842 :
1551 1817 1571 1840 «
1594 1798 1777 1857 Spiritus

393 1887 412 1908 »
448 1876 593 1911 autem
624 1866 891 1925 balsphemia
924 1881 1015 1910 non
1045 1867 1322 1910 remittetur:
1359 1884 1379 1907 »
1411 1867 1522 1911 sicut
1556 1883 1645 1911 non
1678 1884 1775 1912 om·-

389 1952 487 1981 nem
504 1936 719 1996 spiritum,
740 1937 798 1980 ita
820 1951 911 1980 non
927 1936 1066 1980 omnis
1084 1935 1256 1994 spiritus
1276 1934 1589 1994 blasphemiam
1605 1947 1776 1996 oportet
1839 1977 1841 1979 .
1890 1959 1898 1988 g

387 2023 584 2067 acciplas.

445 2081 569 2122 XIII.
606 2077 768 2120 Audire
800 2077 888 2135 jam
923 2075 1038 2119 velle
1059 2090 1134 2119 vos
1163 2075 1313 2129 video,
1358 2076 1566 2135 quoniam
1589 2092 1677 2121 non
1711 2087 1774 2122 est

389 2149 554 2203 omnis,
581 2161 783 2207 quaenam
820 2146 872 2189 sit
910 2145 983 2188 illa
1018 2144 1288 2204 blasphemia
1326 2146 1535 2205 Spiritus,
1562 2163 1660 2206 quae
1683 2164 1771 2192 non

390 2219 657 2275 remittetur,
683 2227 726 2261 et
747 2215 867 2276 quod
889 2216 941 2260 sit
964 2216 1148 2259 verbum
1165 2250 1176 2269 ,
1203 2216 1410 2275 quoniam
1433 2232 1521 2260 non
1544 2226 1608 2260 est
1624 2232 1769 2273 omne,
1885 2240 1889 2258 ;

389 2289 508 2347 quod
532 2288 565 2331 si
587 2287 751 2331 dictum
776 2286 906 2329 fuerit
927 2294 1077 2329 contra
1104 2285 1313 2343 Spiritum
1348 2294 1545 2329 sanctum
1561 2321 1572 2340 ‚
1598 2302 1686 2331 non
1704 2303 1771 2331 re-

389 2359 604 2411 mittetur,
647 2371 789 2417 neque
811 2356 857 2399 in
878 2356 961 2399 hoc
983 2354 1166 2409 saeculo,
1191 2369 1334 2414 neque
1355 2355 1401 2397 in
1421 2354 1585 2399 futuro.
1613 2359 1710 2400 Jam
1727 2367 1770 2401 et
1828 2369 1832 2409 ξ

384 2441 462 2484 ego
484 2427 641 2471 vellem
665 2426 831 2481 dicere,
864 2425 984 2485 quod
1006 2425 1289 2469 intentissime
1317 2425 1551 2484 expectatis
1582 2426 1733 2470 audire
1757 2447 1765 2472 :
1826 2458 1830 2471 «
1888 2462 1891 2469 ,

383 2495 457 2538 sed
480 2495 662 2541 tolerate
685 2496 926 2556 aliquantas
949 2495 1121 2555 majoris
1143 2494 1379 2551 diligentiae
1401 2509 1562 2550 moras,
1597 2494 1736 2540 donec
1751 2532 1761 2551 ,

429 2581 440 2599 ¹
458 2581 549 2610 Joan.
565 2591 609 2613 ιιι.
626 2580 656 2611 5.
