1898 3178
409 212 490 250 352
808 219 842 249 s.
876 219 1107 248 Aucus'rnu
1141 221 1320 249 EPISCOI‘I

405 288 533 346 pheta
552 306 560 331 ε
581 290 703 344 «Ego
726 286 962 345 percutiam
977 320 988 340 ‚
1009 294 1052 329 et
1073 300 1153 345 ego
1174 286 1415 330 sanabo¹.»
1436 289 1527 331 Hoc
1548 287 1664 331 enim
1683 301 1782 345 per-

404 359 513 403 cutit
536 362 647 402 Deus
662 393 673 412 ‚
711 356 831 417 quod
852 373 895 401 se
931 358 976 400 in
997 357 1172 401 homine
1194 357 1360 401 extollit
1394 356 1595 401 adversus
1623 360 1777 401 Deum.

404 432 500 474 Non
524 438 587 472 est
604 429 763 487 impius
784 427 978 472 medicus
994 463 1004 482 ‚
1026 428 1101 487 qui
1123 436 1338 472 tumorem
1357 427 1473 482 ferit,
1489 427 1565 487 qui
1583 428 1780 487 putredi2
1841 454 1843 492 ὲ
1880 429 1898 470 [c

404 514 502 542 nem
531 506 668 553 secat,
704 506 779 542 aut
809 498 912 541 urit.
947 497 1146 542 Dolorem
1177 498 1334 556 ingerit
1370 517 1378 542 :
1412 498 1594 555 ingerit,
1632 498 1706 542 sed
1734 507 1783 541 ut
1841 499 1843 529 ἶ
1878 513 1894 541 :3

403 569 611 629 perducat
629 567 683 612 ad
700 568 942 612 sanitatem.
968 567 1176 613 Molestus
1194 577 1257 611 est
1284 587 1293 611 ε
1313 567 1388 611 sed
1406 569 1485 612 nisi
1508 578 1616 612 esset
1629 603 1641 623 ‚
1665 567 1782 611 utilis
1841 557 1843 593 3

403 656 489 684 non
503 648 625 683 esset.
641 640 875 684 Prostravit
886 655 989 699 ergo
1002 639 1198 684 Christus
1211 654 1298 682 una
1315 654 1421 683 voce
1437 638 1630 693 Saulum‚
1647 639 1783 683 erexit
1841 666 1843 688 ;
1879 643 1891 691 ζ’

404 711 587 755 Paulum
614 730 622 756 ε
645 712 726 756 hoc
744 720 806 755 est
821 746 831 765 ,
852 711 1082 770 prostravit
1111 711 1347 769 superbum
1364 745 1375 765 ‚
1400 711 1532 754 erexit
1552 709 1777 753 humilem.
1841 700 1843 723 ³

402 785 509 827 Nam
528 799 626 843 quae
643 781 727 827 suit
751 783 858 827 ratio
879 782 1080 826 mutandi
1097 782 1178 825 sibi
1200 782 1406 836 nominis,
1433 790 1483 825 ut
1503 796 1603 825 cum
1629 780 1783 826 Saulus
1842 837 1843 840 Ἴ
1879 797 1898 824 τως

401 863 526 897 antea
560 863 786 898 vocaretur
802 889 812 909 ‚
835 862 982 913 postea
1005 867 1048 896 se
1073 851 1258 896 Paulum
1281 850 1547 909 dicivellet3
1579 851 1658 895 nisi
1681 852 1780 911 quia
1841 860 1843 905 j
1878 869 1890 895 tr.

403 925 521 969 Sauli
556 940 715 969 nomen
744 924 789 967 in
816 940 860 968 se
894 923 1097 982 agnovit,
1131 938 1231 967 cum
1264 931 1621 983 persequeretur,
1651 922 1781 966 fuisse
1841 921 1843 924 ’

399 996 646 1055 superbiae?
667 996 811 1054 Elegit
832 1010 934 1053 ergo
949 993 1116 1038 humile
1133 1009 1315 1049 nomen,
1340 1003 1390 1037 ut
1414 993 1594 1048 Paulus,
1615 994 1698 1038 hoc
1720 1002 1784 1038 est

400 1066 630 1120 minimus,
656 1075 899 1109 vocaretur.
928 1063 1110 1108 Paulum
1141 1066 1255 1109 enim
1277 1099 1288 1120 ‚
1313 1065 1539 1108 minimum
1562 1073 1640 1108 est.
1668 1067 1783 1108 Pau·
1840 1111 1843 1116 ,
1877 1082 1898 1109 w

399 1135 489 1179 lum
514 1136 621 1180 nihil
645 1136 763 1179 aliud
791 1143 880 1189 est,
907 1150 1035 1193 quam
1059 1150 1256 1194 parvum.
1284 1138 1345 1179 De
1366 1151 1455 1195 quo
1488 1134 1664 1178 nomine
1693 1135 1782 1194 jam

400 1205 585 1263 glorians
601 1240 611 1259 ,
632 1204 1012 1264 humilitatemque
1034 1205 1345 1249 commendans
1372 1224 1380 1248 z
1411 1224 1430 1246 «
1457 1208 1573 1263 Ego,
1609 1205 1778 1264 inquit,

401 1295 420 1317 n
457 1292 552 1320 sum
571 1275 777 1319 minimus
801 1274 1106 1334 Apostolorum
1127 1279 1158 1319 ².
1189 1295 1208 1316 »
1231 1275 1356 1320 Unde
1379 1291 1482 1334 ergo
1499 1311 1509 1331 ,
1535 1276 1653 1319 unde
1675 1276 1753 1319 iste
1768 1310 1779 1331 ,

398 1347 478 1390 nisi
502 1363 554 1390 ex
576 1345 739 1406 populo
757 1346 1041 1390 Judaeorum?
1072 1345 1180 1390 Inde
1198 1346 1268 1390 alii
1291 1345 1484 1405 Apostoli
1502 1381 1512 1401 ,
1546 1345 1648 1390 inde
1667 1350 1782 1390 Pau-

398 1417 465 1460 lus
481 1452 491 1471 ,
512 1416 614 1460 inde
646 1432 755 1476 quos
791 1416 1069 1460 commendat
1090 1415 1204 1458 idem
1228 1415 1413 1470 Paulus,
1439 1416 1559 1476 quod
1597 1415 1783 1460 viderint

399 1488 632 1531 Dominum
654 1495 751 1546 post
777 1486 1151 1530 resurrectionem.
1182 1505 1201 1527 «
1224 1485 1338 1529 Dicit
1367 1486 1482 1529 enim
1513 1501 1613 1529 eum
1642 1486 1782 1529 visum

402 1578 420 1599 »
458 1558 593 1602 ferme
617 1573 639 1600 a
662 1557 910 1616 quingentis
940 1556 1146 1599 tratribus
1174 1555 1323 1609 simul,
1361 1571 1410 1599 ex
1447 1556 1603 1615 quibus
1638 1556 1782 1615 plures

401 1648 421 1670 ))
457 1637 634 1671 manent
656 1642 794 1686 usque
815 1628 973 1681 adhuc,
997 1626 1173 1686 quidam
1195 1636 1340 1670 autem
1359 1627 1629 1670 dormierunt
1643 1630 1674 1670 ²⁵.
1700 1646 1718 1667 υ

457 1701 533 1742 IV.
554 1701 618 1741 Ex
650 1696 725 1741 illo
755 1707 900 1741 autem
918 1696 1082 1756 populo
1105 1698 1233 1741 etiam
1256 1697 1340 1753 illi,
1364 1697 1466 1757 qui,
1498 1713 1599 1741 cum
1630 1701 1782 1741 Petrus

397 1770 649 1829 loqueretur
669 1803 679 1823 ‚
705 1767 1012 1812 commendans
1035 1768 1274 1826 passionem
1292 1802 1303 1822 ‚
1330 1769 1690 1812 resurrectionem
1711 1767 1781 1812 di-

398 1842 709 1900 vinitatemque
727 1839 915 1892 Christi,
942 1848 1120 1896 accepto
1145 1840 1307 1897 Spiritu
1325 1848 1497 1894 sancto,
1524 1839 1700 1898 quando
1719 1838 1782 1883 illi

399 1926 546 1955 omnes
563 1945 573 1963 ,
598 1910 643 1952 in
676 1924 784 1969 quos
804 1908 924 1952 venit
947 1909 1129 1967 Spiritus
1162 1917 1332 1952 sanctus
1351 1943 1361 1962 ‚
1392 1908 1549 1966 linguis
1583 1910 1778 1953 omnium

398 1981 592 2039 gentium
614 1988 716 2024 sunt
728 1979 864 2023 locuti
880 2013 890 2033 ‚
909 1979 1160 2038 compuncti
1177 1979 1329 2038 spiritu
1343 2014 1353 2033 ,
1372 1979 1448 2039 qui
1471 1978 1707 2023 audiebant
1729 1995 1779 2023 ex
1837 1986 1841 2034 ξ
1868 1971 1895 2021 20}

397 2051 560 2112 populo
597 2052 848 2095 Judaeorum
869 2084 880 2103 ‚
916 2050 1180 2109 quaesierunt
1218 2050 1445 2094 consilium
1478 2051 1624 2094 salutis
1659 2066 1775 2105 suae,
1838 2060 1841 2072 '

397 2123 682 2180 intelligentes
698 2136 740 2165 se
763 2136 856 2165 reos
871 2121 1090 2179 sanguinis
1109 2120 1267 2165 Christi
1289 2139 1297 2164 ;
1324 2121 1443 2180 quod
1461 2135 1559 2164 eum
1581 2119 1662 2180 ipsi
1678 2137 1779 2165 cru-

397 2193 631 2247 cifixerint,
657 2192 735 2250 ipsi
758 2190 1018 2244 occiderint,
1039 2190 1084 2233 in
1107 2191 1230 2249 cujus
1252 2190 1428 2234 nomine
1449 2191 1577 2234 occisi
1601 2207 1623 2233 a
1644 2206 1687 2234 se
1710 2192 1777 2234 vi-

397 2263 549 2307 derent
571 2272 689 2306 tanta
713 2261 920 2305 miracula
942 2261 1032 2303 fleri
1049 2295 1059 2314 ‚
1085 2260 1280 2303 viderent
1302 2260 1483 2318 Spiritus
1505 2260 1641 2304 sancti
1663 2276 1776 2319 prae-

397 2334 848 2386 sentiam.Quaerentes
861 2346 963 2390 ergo
973 2329 1198 2374 consilium
1208 2345 1474 2389 ‚responsum
1487 2340 1747 2389 acceperunt
1765 2349 1773 2375 :
1836 2354 1839 2380 ;
1878 2358 1880 2360 v
1896 2362 1898 2389 ς

401 2423 420 2444 «
457 2404 579 2461 Agite
592 2403 893 2463 poenitentiam
907 2436 918 2456 ‚
939 2410 981 2444 et
998 2400 1243 2459 baptizetur
1264 2401 1563 2460 unusquisque
1585 2409 1776 2444 vestrum

399 2492 419 2515 »
456 2474 500 2517 in
529 2475 704 2518 nomine
738 2472 910 2518 Domini
932 2471 1066 2516 nostri
1087 2473 1189 2515 Jesu
1217 2472 1402 2527 Christi,
1434 2481 1477 2515 et
1500 2471 1775 2516 dimittentur
1836 2469 1839 2483 ²

446 2566 453 2582 ¹
476 2562 570 2592 Deut.
590 2569 689 2601 xxm,
709 2560 762 2601 39.
783 2575 824 2581 —
839 2564 851 2581 ²
877 2569 888 2590 1
909 2559 983 2590 Cor.
1005 2566 1059 2598 xv,
1083 2567 1115 2598 9.
1137 2573 1178 2579 —-
1200 2554 1364 2589 ³1bid.6.
