1898 3178
70 2614 77 2780 k

79 2953 87 3178 l

241 249 382 279 SERMO
412 251 549 287 Lvnl,
584 250 628 277 m
663 247 828 278 MA'ITH.
865 254 930 289 vi,
966 252 1020 279 DE
1051 250 1175 279 oum:
1212 254 1316 279 noM.
1390 244 1472 281 20¹.)

97 316 241 375 inquit
274 315 494 375 apostolus
523 314 711 358 Jacobus
743 334 752 360 :
782 318 956 361 «Nemo
978 331 1078 362 cum
1101 325 1315 372 tentatur,
1358 317 1474 362 dicat

94 404 115 429 »
151 387 358 447 quoniam
372 401 395 429 a
408 388 498 430 Deo
518 393 724 429 tentatur.
742 388 857 430 Deus
874 387 989 431 enim
1006 388 1243 433 intentator
1260 387 1475 432 malorum

90 476 111 499 »
149 467 213 502 est
239 476 248 502 :
272 457 362 516 ipse
383 465 529 500 autem
553 456 771 500 neminem
804 465 959 501 tentat.
998 459 1303 520 Unusquisque
1326 468 1473 504 autem

88 547 109 570 »
147 536 342 573 tentatur
385 543 408 571 a
444 527 795 587 concupiscentia
824 543 900 572 sua
933 528 1172 574 abstractus
1207 541 1246 573 et
1282 529 1465 575 illectus.

88 615 109 639 »
144 597 309 641 Deinde
326 597 673 657 concupiscentia
688 612 788 641 cum
803 599 1072 658 conceperit,
1094 600 1205 658 parit
1218 610 1462 660 peccatum:

90 686 110 709 »
145 676 372 727 peccatum
396 682 498 711 vero
519 682 620 712 cum
632 676 983 712 consummatum
998 667 1144 724 fuerit,
1160 680 1336 729 generat
1354 687 1470 716 mor-

92 756 113 780 »
151 747 236 782 tem
255 740 286 782 ¹.
304 755 325 779 n
360 740 476 796 Ergo
498 753 552 781 ne
567 738 1219 797 abstraharisaconcupiscentia
1240 757 1248 781 :
1267 741 1356 786 noli
1374 758 1473 787 con·

90 809 247 854 sentire
276 809 638 868 concupiscentiae
660 818 761 852 tuae.
792 811 889 854 Non
911 819 974 853 est
998 809 1114 854 unde
1137 812 1374 871 concipiat,
1400 813 1481 856 nisi

92 880 146 924 de
169 889 226 925 te.
258 880 522 925 Consensisti
550 899 558 924 :
584 881 705 939 quasi
726 881 1002 925 concubuisti
1023 881 1069 925 in
1087 881 1218 926 corde
1242 892 1334 928 tuo.
1373 886 1481 928 Sur—

93 951 201 995 rexit
221 951 572 1010 concupiscentia
594 969 602 994 :
628 965 737 1009 nega
756 960 799 994 te
817 950 879 995 illi
901 971 909 996 :
935 951 1025 995 noli
1049 968 1142 996 eam
1165 954 1302 1013 sequi.
1326 952 1483 999 Illicita

94 1030 179 1075 est,
201 1020 359 1065 lasciva
382 1030 467 1075 est,
493 1021 631 1079 turpis
644 1030 723 1075 est,
743 1020 903 1065 alienat
920 1031 963 1066 te
981 1038 1004 1065 a
1023 1025 1129 1067 Deo.
1147 1022 1244 1069 Noli
1267 1022 1370 1068 dare
1385 1040 1486 1069 con-

91 1091 298 1135 sensionis
330 1090 600 1150 amplexum,
639 1106 693 1134 ne
717 1090 897 1149 plangas
921 1101 1099 1150 partum
1129 1112 1138 1137 :
1172 1094 1274 1153 quia
1307 1094 1341 1137 si
1374 1110 1484 1140 con-

92 1161 294 1216 senseris,
325 1161 370 1205 id
405 1170 492 1216 est,
526 1176 627 1205 cum
652 1161 920 1220 amplexatus
938 1161 1071 1206 fueris
1088 1198 1098 1218 ,
1124 1164 1329 1225 concipit.
1368 1168 1482 1211 Cum

94 1232 444 1291 concupiscentia
470 1232 740 1290 conceperit,
777 1232 888 1290 parit
918 1242 1162 1292 peccatum.
1197 1234 1404 1280 Nondum
1429 1237 1485 1281 ti-

93 1303 211 1346 mes?
234 1305 466 1346 Peccatum
492 1310 669 1359 generat
701 1310 887 1345 mortem
922 1320 931 1345 :
964 1301 1034 1346 vel
1056 1313 1243 1348 mortem
1274 1305 1394 1350 time.
1443 1307 1486 1352 Si

95 1381 323 1433 peccatum
344 1387 435 1417 non
456 1371 604 1427 times,
630 1372 735 1415 time
754 1387 842 1432 quo
864 1372 1064 1431 perducit
1086 1384 1329 1433 peccatum.
1351 1377 1486 1422 Dulce

94 1453 158 1489 est
177 1452 406 1504 peccatum
428 1461 437 1488 ε
463 1441 538 1487 sed
560 1458 703 1487 amara
722 1451 785 1486 est
806 1458 936 1487 mors.
965 1446 1060 1504 Ipsa
1077 1454 1141 1489 est
1162 1445 1390 1492 infelicitas
1409 1449 1486 1494 ho-

95 1515 263 1559 minum
290 1533 299 1557 ε
324 1522 502 1573 propter
521 1512 642 1572 quod
664 1521 869 1572 peccant,
888 1514 1120 1559 morientes
1141 1516 1212 1560 hic
1235 1516 1482 1575 dimittunt,

95 1594 139 1630 et
158 1586 247 1645 ipsa
267 1594 445 1644 peccata
463 1599 609 1628 secum
626 1593 818 1643 portant.
846 1587 1002 1629 Peccas
1024 1595 1203 1645 propter
1220 1589 1449 1646 pecuniam
1469 1626 1480 1645 ,

94 1655 164 1700 hic
186 1653 446 1699 dimittenda
465 1663 529 1697 est
550 1672 559 1697 :
580 1669 730 1713 peccas
743 1662 922 1712 propter
944 1654 1116 1710 villam,
1138 1656 1207 1700 hic
1224 1656 1485 1704 dimittenda

94 1734 160 1769 est
191 1745 202 1770 ι
233 1739 385 1784 peccas
414 1716 604 1782 propter=
618 1723 873 1778 mulierem,
907 1724 977 1768 hic
1008 1723 1269 1771 dimittenda
1298 1738 1362 1773 est
1398 1748 1407 1774 ε
1444 1740 1488 1774 et

96 1795 314 1856 quidquid
335 1803 399 1838 est
422 1802 601 1852 propter
622 1792 743 1852 quod
764 1809 932 1852 peccaS,
950 1794 1129 1853 quando
1149 1797 1297 1842 oculos
1311 1798 1357 1842 in
1375 1815 1485 1845 mor-

97 1875 182 1910 tem
205 1864 423 1918 clauseris,
449 1863 520 1907 hic
543 1863 745 1917 dimittis,
765 1873 807 1907 ct
822 1864 963 1922 ipsum
986 1874 1216 1923 peccatum
1233 1869 1354 1928 quod
1371 1886 1487 1915 com-

98 1937 574 1993 nnusstemnnpossas

156 2008 212 2050 X.
247 2005 531 2050 Dimittantur
567 2011 743 2063 peccata
781 2022 790 2047 z
830 2002 1108 2049 dimittantur
1140 2008 1376 2066 praeterita,
1403 2026 1490 2056 ces-

101 2087 196 2123 sent
232 2076 396 2121 sutura.
433 2076 518 2120 Sed
552 2090 642 2119 non
674 2083 796 2134 potes
830 2075 901 2120 hic
938 2076 1081 2120 vivere
1123 2078 1214 2122 sine
1255 2079 1357 2139 ipsis
1384 2099 1393 2126 ι
1422 2082 1492 2127 vel

101 2150 283 2203 minora,
300 2146 365 2192 vel
392 2146 560 2191 minuta
582 2146 693 2201 sint,
722 2145 791 2191 vel
817 2145 929 2192 levia
950 2147 1050 2191 sint.
1089 2148 1174 2193 Sed
1200 2149 1291 2209 ipsa
1317 2150 1427 2197 levia
1452 2163 1495 2198 et

102 2220 270 2264 minuta
307 2234 396 2262 non
429 2225 781 2261 contemnantur.
828 2219 890 2261 De
929 2218 1108 2263 minutis
1146 2221 1278 2278 guttis
1308 2222 1490 2268 flumina

104 2289 355 2350 implentur.
396 2290 494 2333 Non
517 2296 856 2332 contemnantur
887 2288 957 2333 vel
992 2281 1174 2334 minora.
1217 2294 1298 2335 Per
1332 2308 1490 2352 angus-

106 2371 169 2406 tas
201 2359 378 2405 rimulas
410 2358 529 2402 navis
576 2357 751 2403 insudat
783 2374 923 2418 aqua,
963 2359 1169 2420 impletur
1205 2363 1398 2423 sentina;
1448 2375 1491 2411 et

108 2433 142 2477 ᾗ
174 2438 479 2476 conunnnatur
518 2427 708 2482 senuna,
751 2430 959 2487 nmffgstur
996 2431 1129 2475 navss.
1178 2432 1263 2477 Sed
1291 2450 1490 2482 nontffls-

109 2512 226 2548 satur
259 2518 282 2545 a
311 2500 481 2554 nautis,
521 2498 750 2543 ambulant
787 2516 937 2543 manus
967 2519 975 2545 ε
999 2500 1246 2560 ambulant,
1272 2514 1321 2550 ut
1343 2509 1492 2567 quoti-

159 2595 166 2611 ¹
189 2586 304 2619 Jacob.
327 2596 349 2623 ι,
374 2585 425 2624 13,
447 2589 511 2616 etc.

275 2649 411 2680 cxxv.
1263 2644 1306 2684 ῌι
