<?xml version="1.0" encoding="UTF-8"?>
<!DOCTYPE html PUBLIC "-//W3C//DTD XHTML 1.0 Transitional//EN"
    "http://www.w3.org/TR/xhtml1/DTD/xhtml1-transitional.dtd">
<html xmlns="http://www.w3.org/1999/xhtml" xml:lang="en" lang="en">
 <head>
  <title>
</title>
<meta http-equiv="Content-Type" content="text/html;charset=utf-8" />
  <meta name='ocr-system' content='tesseract 3.04.00' />
  <meta name='ocr-capabilities' content='ocr_page ocr_carea ocr_par ocr_line ocrx_word'/>
</head>
<body>
  <div class='ocr_page' id='page_1' title='image "./operaomniaaccura18auguuoft_0029.png"; bbox 0 0 1898 3178; ppageno 0'>
   <div class='ocr_carea' id='block_1_1' title="bbox 308 263 1456 307">
    <p class='ocr_par' dir='ltr' id='par_1_1' title="bbox 308 263 1456 307">
     <span class='ocr_line' id='line_1_1' title="bbox 308 263 1456 307; baseline 0 -7"><span class='ocrx_word' id='word_1_1' title='bbox 308 270 444 300; x_wconf 73' lang='lat' dir='ltr'>SERMO</span> <span class='ocrx_word' id='word_1_2' title='bbox 476 270 606 307; x_wconf 79' lang='lat' dir='ltr'>XLVI,</span> <span class='ocrx_word' id='word_1_3' title='bbox 641 270 695 296; x_wconf 84' lang='lat' dir='ltr'>DE</span> <span class='ocrx_word' id='word_1_4' title='bbox 727 266 976 300; x_wconf 62' lang='lat' dir='ltr'>msa-omnus</span> <span class='ocrx_word' id='word_1_5' title='bbox 1008 273 1053 298; x_wconf 83' lang='lat' dir='ltr'>IN</span> <span class='ocrx_word' id='word_1_6' title='bbox 1085 272 1231 299; x_wconf 78' lang='lat' dir='ltr'>EzEeH.</span> <span class='ocrx_word' id='word_1_7' title='bbox 1403 263 1456 300; x_wconf 85' lang='lat'>19</span> 
     </span>
    </p>
   </div>
   <div class='ocr_carea' id='block_1_2' title="bbox 0 335 1472 2563">
    <p class='ocr_par' dir='ltr' id='par_1_2' title="bbox 0 335 1472 2563">
     <span class='ocr_line' id='line_1_2' title="bbox 141 335 1458 392; baseline -0.001 -9"><span class='ocrx_word' id='word_1_8' title='bbox 141 339 306 382; x_wconf 82' lang='lat' dir='ltr'>XVIII.</span> <span class='ocrx_word' id='word_1_9' title='bbox 329 354 350 379; x_wconf 86' lang='lat'>«</span> <span class='ocrx_word' id='word_1_10' title='bbox 378 340 430 380; x_wconf 89' lang='lat' dir='ltr'>In</span> <span class='ocrx_word' id='word_1_11' title='bbox 449 350 622 380; x_wconf 85' lang='lat' dir='ltr'>omnem</span> <span class='ocrx_word' id='word_1_12' title='bbox 643 344 859 390; x_wconf 80' lang='lat' dir='ltr'>montem,</span> <span class='ocrx_word' id='word_1_13' title='bbox 884 346 927 380; x_wconf 91' lang='lat' dir='ltr'>et</span> <span class='ocrx_word' id='word_1_14' title='bbox 947 338 992 381; x_wconf 88' lang='lat' dir='ltr'>in</span> <span class='ocrx_word' id='word_1_15' title='bbox 1015 352 1185 382; x_wconf 89' lang='lat' dir='ltr'>omnem</span> <span class='ocrx_word' id='word_1_16' title='bbox 1208 335 1389 392; x_wconf 83' lang='lat' dir='ltr'>collem,</span> <span class='ocrx_word' id='word_1_17' title='bbox 1415 346 1458 382; x_wconf 83' lang='lat' dir='ltr'>et</span> 
     </span>
     <span class='ocr_line' id='line_1_3' title="bbox 84 407 1459 466; baseline 0.001 -15"><span class='ocrx_word' id='word_1_18' title='bbox 84 426 105 451; x_wconf 84' lang='lat'>»</span> <span class='ocrx_word' id='word_1_19' title='bbox 140 409 187 453; x_wconf 91' lang='lat' dir='ltr'>in</span> <span class='ocrx_word' id='word_1_20' title='bbox 205 412 379 454; x_wconf 87' lang='lat' dir='ltr'>omnem</span> <span class='ocrx_word' id='word_1_21' title='bbox 397 407 553 452; x_wconf 86' lang='lat' dir='ltr'>faciem</span> <span class='ocrx_word' id='word_1_22' title='bbox 569 415 695 451; x_wconf 83' lang='lat' dir='ltr'>terrae</span> <span class='ocrx_word' id='word_1_23' title='bbox 716 407 917 466; x_wconf 81' lang='lat' dir='ltr'>dispersae</span> <span class='ocrx_word' id='word_1_24' title='bbox 934 416 1050 452; x_wconf 91' lang='lat' dir='ltr'>sunt.</span> <span class='ocrx_word' id='word_1_25' title='bbox 1078 426 1098 450; x_wconf 91' lang='lat'>»</span> <span class='ocrx_word' id='word_1_26' title='bbox 1119 407 1234 461; x_wconf 88' lang='lat' dir='ltr'>Quid</span> <span class='ocrx_word' id='word_1_27' title='bbox 1255 417 1318 452; x_wconf 87' lang='lat' dir='ltr'>est</span> <span class='ocrx_word' id='word_1_28' title='bbox 1333 442 1344 463; x_wconf 87' lang='lat'>,</span> <span class='ocrx_word' id='word_1_29' title='bbox 1373 412 1459 452; x_wconf 89' lang='lat' dir='ltr'>«In</span> 
     </span>
     <span class='ocr_line' id='line_1_4' title="bbox 87 476 1458 536; baseline 0.001 -15"><span class='ocrx_word' id='word_1_30' title='bbox 87 498 105 521; x_wconf 83' lang='lat'>»</span> <span class='ocrx_word' id='word_1_31' title='bbox 139 493 312 523; x_wconf 89' lang='lat' dir='ltr'>omnem</span> <span class='ocrx_word' id='word_1_32' title='bbox 345 477 502 522; x_wconf 88' lang='lat' dir='ltr'>faciem</span> <span class='ocrx_word' id='word_1_33' title='bbox 531 486 660 522; x_wconf 86' lang='lat' dir='ltr'>terrae</span> <span class='ocrx_word' id='word_1_34' title='bbox 680 476 884 536; x_wconf 76' lang='lat' dir='ltr'><strong>dispersae</strong></span> <span class='ocrx_word' id='word_1_35' title='bbox 906 480 1040 522; x_wconf 77' lang='lat' dir='ltr'>sunt?</span> <span class='ocrx_word' id='word_1_36' title='bbox 1067 496 1089 520; x_wconf 89' lang='lat'>»</span> <span class='ocrx_word' id='word_1_37' title='bbox 1109 478 1266 523; x_wconf 88' lang='lat' dir='ltr'>Omnia</span> <span class='ocrx_word' id='word_1_38' title='bbox 1286 486 1458 522; x_wconf 89' lang='lat' dir='ltr'>terrena</span> 
     </span>
     <span class='ocr_line' id='line_1_5' title="bbox 81 545 1459 608; baseline 0.003 -16"><span class='ocrx_word' id='word_1_39' title='bbox 81 556 291 593; x_wconf 84' lang='lat' dir='ltr'>sectantes</span> <span class='ocrx_word' id='word_1_40' title='bbox 304 582 315 603; x_wconf 88' lang='lat'>‚</span> <span class='ocrx_word' id='word_1_41' title='bbox 340 562 391 592; x_wconf 88' lang='lat' dir='ltr'>ea</span> <span class='ocrx_word' id='word_1_42' title='bbox 411 562 510 607; x_wconf 84' lang='lat' dir='ltr'>quae</span> <span class='ocrx_word' id='word_1_43' title='bbox 531 547 577 591; x_wconf 91' lang='lat' dir='ltr'>in</span> <span class='ocrx_word' id='word_1_44' title='bbox 597 545 706 592; x_wconf 86' lang='lat' dir='ltr'>facie</span> <span class='ocrx_word' id='word_1_45' title='bbox 726 556 852 592; x_wconf 88' lang='lat' dir='ltr'>terrae</span> <span class='ocrx_word' id='word_1_46' title='bbox 873 546 1043 603; x_wconf 87' lang='lat' dir='ltr'>lucent,</span> <span class='ocrx_word' id='word_1_47' title='bbox 1062 548 1154 607; x_wconf 87' lang='lat' dir='ltr'>ipsa</span> <span class='ocrx_word' id='word_1_48' title='bbox 1175 557 1322 594; x_wconf 89' lang='lat' dir='ltr'>amant</span> <span class='ocrx_word' id='word_1_49' title='bbox 1336 582 1349 604; x_wconf 85' lang='lat'>‚</span> <span class='ocrx_word' id='word_1_50' title='bbox 1368 549 1459 608; x_wconf 82' lang='lat' dir='ltr'>ipsa</span> 
     </span>
     <span class='ocr_line' id='line_1_6' title="bbox 81 616 1463 678; baseline 0 -16"><span class='ocrx_word' id='word_1_51' title='bbox 81 617 282 676; x_wconf 85' lang='lat' dir='ltr'>diligunt.</span> <span class='ocrx_word' id='word_1_52' title='bbox 306 617 473 663; x_wconf 89' lang='lat' dir='ltr'>Nolunt</span> <span class='ocrx_word' id='word_1_53' title='bbox 493 617 629 673; x_wconf 89' lang='lat' dir='ltr'>mori,</span> <span class='ocrx_word' id='word_1_54' title='bbox 666 625 717 661; x_wconf 91' lang='lat' dir='ltr'>ut</span> <span class='ocrx_word' id='word_1_55' title='bbox 751 616 1043 663; x_wconf 83' lang='lat' dir='ltr'>abscondatur</span> <span class='ocrx_word' id='word_1_56' title='bbox 1078 618 1166 664; x_wconf 87' lang='lat' dir='ltr'>vita</span> <span class='ocrx_word' id='word_1_57' title='bbox 1201 620 1395 678; x_wconf 88' lang='lat' dir='ltr'>ipsorum</span> <span class='ocrx_word' id='word_1_58' title='bbox 1415 619 1463 663; x_wconf 91' lang='lat' dir='ltr'>in</span> 
     </span>
     <span class='ocr_line' id='line_1_7' title="bbox 81 688 1462 747; baseline 0.001 -14"><span class='ocrx_word' id='word_1_59' title='bbox 81 688 268 734; x_wconf 88' lang='lat' dir='ltr'>Christo.</span> <span class='ocrx_word' id='word_1_60' title='bbox 296 707 316 730; x_wconf 82' lang='lat'>«</span> <span class='ocrx_word' id='word_1_61' title='bbox 338 690 477 747; x_wconf 84' lang='lat' dir='ltr'>Super</span> <span class='ocrx_word' id='word_1_62' title='bbox 508 703 684 733; x_wconf 90' lang='lat' dir='ltr'>omnem</span> <span class='ocrx_word' id='word_1_63' title='bbox 707 688 864 734; x_wconf 89' lang='lat' dir='ltr'>faciem</span> <span class='ocrx_word' id='word_1_64' title='bbox 890 697 1044 745; x_wconf 81' lang='lat' dir='ltr'>terrae,</span> <span class='ocrx_word' id='word_1_65' title='bbox 1071 706 1093 731; x_wconf 89' lang='lat'>»</span> <span class='ocrx_word' id='word_1_66' title='bbox 1118 688 1351 735; x_wconf 84' lang='lat' dir='ltr'>dilectione</span> <span class='ocrx_word' id='word_1_67' title='bbox 1370 699 1462 735; x_wconf 86' lang='lat' dir='ltr'>ter-</span> 
     </span>
     <span class='ocr_line' id='line_1_8' title="bbox 81 758 1463 818; baseline 0.001 -17"><span class='ocrx_word' id='word_1_68' title='bbox 81 772 286 802; x_wconf 90' lang='lat' dir='ltr'>renorum</span> <span class='ocrx_word' id='word_1_69' title='bbox 301 778 312 816; x_wconf 80' lang='lat'>3</span> <span class='ocrx_word' id='word_1_70' title='bbox 329 767 372 802; x_wconf 85' lang='lat' dir='ltr'>et</span> <span class='ocrx_word' id='word_1_71' title='bbox 392 758 494 817; x_wconf 91' lang='lat' dir='ltr'>quia</span> <span class='ocrx_word' id='word_1_72' title='bbox 513 767 703 804; x_wconf 80' lang='lat' dir='ltr'>errantes</span> <span class='ocrx_word' id='word_1_73' title='bbox 720 773 820 805; x_wconf 90' lang='lat' dir='ltr'>oves</span> <span class='ocrx_word' id='word_1_74' title='bbox 841 767 944 803; x_wconf 91' lang='lat' dir='ltr'>sunt</span> <span class='ocrx_word' id='word_1_75' title='bbox 962 773 1040 818; x_wconf 91' lang='lat' dir='ltr'>per</span> <span class='ocrx_word' id='word_1_76' title='bbox 1051 766 1190 804; x_wconf 88' lang='lat' dir='ltr'>totam</span> <span class='ocrx_word' id='word_1_77' title='bbox 1208 758 1365 804; x_wconf 89' lang='lat' dir='ltr'>faciem</span> <span class='ocrx_word' id='word_1_78' title='bbox 1380 767 1463 804; x_wconf 90' lang='lat' dir='ltr'>ter-</span> 
     </span>
     <span class='ocr_line' id='line_1_9' title="bbox 80 828 1463 888; baseline 0.001 -17"><span class='ocrx_word' id='word_1_79' title='bbox 80 841 155 872; x_wconf 84' lang='lat' dir='ltr'>rae.</span> <span class='ocrx_word' id='word_1_80' title='bbox 174 830 272 873; x_wconf 88' lang='lat' dir='ltr'>Non</span> <span class='ocrx_word' id='word_1_81' title='bbox 294 843 442 873; x_wconf 91' lang='lat' dir='ltr'>omnes</span> <span class='ocrx_word' id='word_1_82' title='bbox 463 828 658 873; x_wconf 85' lang='lat' dir='ltr'>haeretici</span> <span class='ocrx_word' id='word_1_83' title='bbox 679 844 757 888; x_wconf 91' lang='lat' dir='ltr'>per</span> <span class='ocrx_word' id='word_1_84' title='bbox 777 837 914 874; x_wconf 84' lang='lat' dir='ltr'>totam</span> <span class='ocrx_word' id='word_1_85' title='bbox 935 828 1090 874; x_wconf 86' lang='lat' dir='ltr'>faciem</span> <span class='ocrx_word' id='word_1_86' title='bbox 1109 838 1238 873; x_wconf 85' lang='lat' dir='ltr'>terrae</span> <span class='ocrx_word' id='word_1_87' title='bbox 1264 848 1274 875; x_wconf 76' lang='lat' dir='ltr'><strong><em>z</em></strong></span> <span class='ocrx_word' id='word_1_88' title='bbox 1298 829 1374 874; x_wconf 90' lang='lat' dir='ltr'>sed</span> <span class='ocrx_word' id='word_1_89' title='bbox 1395 838 1463 873; x_wconf 87' lang='lat' dir='ltr'>ta-</span> 
     </span>
     <span class='ocr_line' id='line_1_10' title="bbox 79 897 1458 957; baseline 0.001 -16"><span class='ocrx_word' id='word_1_90' title='bbox 79 911 181 941; x_wconf 88' lang='lat' dir='ltr'>men</span> <span class='ocrx_word' id='word_1_91' title='bbox 200 898 392 941; x_wconf 86' lang='lat' dir='ltr'>haeretici</span> <span class='ocrx_word' id='word_1_92' title='bbox 415 912 490 957; x_wconf 90' lang='lat' dir='ltr'>per</span> <span class='ocrx_word' id='word_1_93' title='bbox 511 907 649 943; x_wconf 91' lang='lat' dir='ltr'>totam</span> <span class='ocrx_word' id='word_1_94' title='bbox 670 897 825 943; x_wconf 88' lang='lat' dir='ltr'>faciem</span> <span class='ocrx_word' id='word_1_95' title='bbox 852 907 994 944; x_wconf 80' lang='lat' dir='ltr'>terrae.</span> <span class='ocrx_word' id='word_1_96' title='bbox 1028 899 1113 943; x_wconf 80' lang='lat' dir='ltr'>Alii</span> <span class='ocrx_word' id='word_1_97' title='bbox 1144 899 1216 943; x_wconf 93' lang='lat' dir='ltr'>hic</span> <span class='ocrx_word' id='word_1_98' title='bbox 1234 933 1246 954; x_wconf 89' lang='lat'><strong>‚</strong></span> <span class='ocrx_word' id='word_1_99' title='bbox 1279 899 1350 944; x_wconf 88' lang='lat' dir='ltr'>alii</span> <span class='ocrx_word' id='word_1_100' title='bbox 1371 898 1458 954; x_wconf 85' lang='lat' dir='ltr'>ibi,</span> 
     </span>
     <span class='ocr_line' id='line_1_11' title="bbox 80 968 1464 1027; baseline 0.002 -18"><span class='ocrx_word' id='word_1_101' title='bbox 80 980 294 1026; x_wconf 87' lang='lat' dir='ltr'><strong>nusquam</strong></span> <span class='ocrx_word' id='word_1_102' title='bbox 314 977 460 1012; x_wconf 88' lang='lat' dir='ltr'>tamen</span> <span class='ocrx_word' id='word_1_103' title='bbox 482 968 640 1012; x_wconf 85' lang='lat' dir='ltr'>desunt</span> <span class='ocrx_word' id='word_1_104' title='bbox 665 987 674 1013; x_wconf 88' lang='lat'>:</span> <span class='ocrx_word' id='word_1_105' title='bbox 699 968 779 1027; x_wconf 92' lang='lat' dir='ltr'>ipsi</span> <span class='ocrx_word' id='word_1_106' title='bbox 797 983 842 1013; x_wconf 92' lang='lat' dir='ltr'>se</span> <span class='ocrx_word' id='word_1_107' title='bbox 862 984 953 1013; x_wconf 89' lang='lat' dir='ltr'>non</span> <span class='ocrx_word' id='word_1_108' title='bbox 973 976 1152 1013; x_wconf 87' lang='lat' dir='ltr'>norunt.</span> <span class='ocrx_word' id='word_1_109' title='bbox 1172 969 1270 1013; x_wconf 85' lang='lat' dir='ltr'>Alia</span> <span class='ocrx_word' id='word_1_110' title='bbox 1286 977 1401 1013; x_wconf 89' lang='lat' dir='ltr'>secta</span> <span class='ocrx_word' id='word_1_111' title='bbox 1417 969 1464 1012; x_wconf 91' lang='lat' dir='ltr'>in</span> 
     </span>
     <span class='ocr_line' id='line_1_12' title="bbox 79 1034 1465 1097; baseline 0.001 -18"><span class='ocrx_word' id='word_1_112' title='bbox 79 1034 223 1080; x_wconf 85' lang='lat' dir='ltr'>Africa</span> <span class='ocrx_word' id='word_1_113' title='bbox 240 1071 251 1092; x_wconf 84' lang='grc'>,</span> <span class='ocrx_word' id='word_1_114' title='bbox 276 1035 356 1081; x_wconf 90' lang='lat' dir='ltr'>alia</span> <span class='ocrx_word' id='word_1_115' title='bbox 377 1038 550 1081; x_wconf 84' lang='lat' dir='ltr'>haeresis</span> <span class='ocrx_word' id='word_1_116' title='bbox 570 1038 616 1081; x_wconf 90' lang='lat' dir='ltr'>in</span> <span class='ocrx_word' id='word_1_117' title='bbox 637 1037 815 1082; x_wconf 84' lang='lat' dir='ltr'>Oriente</span> <span class='ocrx_word' id='word_1_118' title='bbox 831 1072 843 1093; x_wconf 86' lang='lat'>‚</span> <span class='ocrx_word' id='word_1_119' title='bbox 870 1038 952 1082; x_wconf 89' lang='lat' dir='ltr'>alia</span> <span class='ocrx_word' id='word_1_120' title='bbox 982 1038 1029 1081; x_wconf 90' lang='lat' dir='ltr'>in</span> <span class='ocrx_word' id='word_1_121' title='bbox 1057 1040 1251 1097; x_wconf 85' lang='lat' dir='ltr'>AEgypto</span> <span class='ocrx_word' id='word_1_122' title='bbox 1265 1072 1277 1093; x_wconf 88' lang='lat'>‚</span> <span class='ocrx_word' id='word_1_123' title='bbox 1313 1037 1396 1082; x_wconf 89' lang='lat' dir='ltr'>alia</span> <span class='ocrx_word' id='word_1_124' title='bbox 1417 1038 1465 1081; x_wconf 90' lang='lat' dir='ltr'>in</span> 
     </span>
     <span class='ocr_line' id='line_1_13' title="bbox 79 1107 1461 1166; baseline 0.001 -16"><span class='ocrx_word' id='word_1_125' title='bbox 79 1107 392 1165; x_wconf 74' lang='lat' dir='ltr'>Mesopotamia</span> <span class='ocrx_word' id='word_1_126' title='bbox 409 1142 420 1162; x_wconf 92' lang='lat'>,</span> <span class='ocrx_word' id='word_1_127' title='bbox 455 1108 753 1166; x_wconf 60' lang='lat' dir='ltr'>verbi&#39;gratia.</span> <span class='ocrx_word' id='word_1_128' title='bbox 780 1109 965 1153; x_wconf 86' lang='lat' dir='ltr'>Diversis</span> <span class='ocrx_word' id='word_1_129' title='bbox 994 1109 1098 1153; x_wconf 91' lang='lat' dir='ltr'>locis</span> <span class='ocrx_word' id='word_1_130' title='bbox 1120 1117 1223 1152; x_wconf 90' lang='lat' dir='ltr'>sunt</span> <span class='ocrx_word' id='word_1_131' title='bbox 1244 1107 1425 1153; x_wconf 83' lang='lat' dir='ltr'>diversae</span> <span class='ocrx_word' id='word_1_132' title='bbox 1451 1127 1461 1152; x_wconf 92' lang='lat'><strong>:</strong></span> 
     </span>
     <span class='ocr_line' id='line_1_14' title="bbox 80 1175 1467 1236; baseline 0 -16"><span class='ocrx_word' id='word_1_133' title='bbox 80 1175 157 1221; x_wconf 87' lang='lat' dir='ltr'>sed</span> <span class='ocrx_word' id='word_1_134' title='bbox 177 1191 265 1221; x_wconf 89' lang='lat' dir='ltr'>una</span> <span class='ocrx_word' id='word_1_135' title='bbox 287 1186 423 1220; x_wconf 89' lang='lat' dir='ltr'>mater</span> <span class='ocrx_word' id='word_1_136' title='bbox 445 1177 647 1236; x_wconf 87' lang='lat' dir='ltr'>superbia</span> <span class='ocrx_word' id='word_1_137' title='bbox 678 1191 828 1221; x_wconf 88' lang='lat' dir='ltr'>omnes</span> <span class='ocrx_word' id='word_1_138' title='bbox 852 1177 1028 1235; x_wconf 80' lang='lat' dir='ltr'>genuit3</span> <span class='ocrx_word' id='word_1_139' title='bbox 1063 1177 1174 1219; x_wconf 89' lang='lat' dir='ltr'>sicut</span> <span class='ocrx_word' id='word_1_140' title='bbox 1203 1191 1293 1219; x_wconf 89' lang='lat' dir='ltr'>una</span> <span class='ocrx_word' id='word_1_141' title='bbox 1327 1185 1467 1220; x_wconf 88' lang='lat' dir='ltr'>mater</span> 
     </span>
     <span class='ocr_line' id='line_1_15' title="bbox 80 1244 1464 1291; baseline 0.001 -1"><span class='ocrx_word' id='word_1_142' title='bbox 80 1254 227 1291; x_wconf 90' lang='lat' dir='ltr'>nostra</span> <span class='ocrx_word' id='word_1_143' title='bbox 245 1246 458 1291; x_wconf 88' lang='lat' dir='ltr'>catholica</span> <span class='ocrx_word' id='word_1_144' title='bbox 476 1260 626 1289; x_wconf 90' lang='lat' dir='ltr'>omnes</span> <span class='ocrx_word' id='word_1_145' title='bbox 645 1246 913 1290; x_wconf 85' lang='lat' dir='ltr'>Christianos</span> <span class='ocrx_word' id='word_1_146' title='bbox 934 1244 1085 1288; x_wconf 88' lang='lat' dir='ltr'>fideles</span> <span class='ocrx_word' id='word_1_147' title='bbox 1101 1253 1195 1289; x_wconf 91' lang='lat' dir='ltr'>toto</span> <span class='ocrx_word' id='word_1_148' title='bbox 1213 1244 1318 1289; x_wconf 88' lang='lat' dir='ltr'>orbe</span> <span class='ocrx_word' id='word_1_149' title='bbox 1335 1245 1464 1291; x_wconf 86' lang='lat' dir='ltr'>diffu-</span> 
     </span>
     <span class='ocr_line' id='line_1_16' title="bbox 81 1314 1468 1374; baseline 0 -14"><span class='ocrx_word' id='word_1_150' title='bbox 81 1331 163 1361; x_wconf 86' lang='lat' dir='ltr'>sos.</span> <span class='ocrx_word' id='word_1_151' title='bbox 187 1317 286 1361; x_wconf 90' lang='lat' dir='ltr'>Non</span> <span class='ocrx_word' id='word_1_152' title='bbox 307 1330 410 1374; x_wconf 84' lang='lat' dir='ltr'>ergo</span> <span class='ocrx_word' id='word_1_153' title='bbox 431 1315 613 1369; x_wconf 81' lang='lat' dir='ltr'>mirum,</span> <span class='ocrx_word' id='word_1_154' title='bbox 633 1315 667 1358; x_wconf 90' lang='lat' dir='ltr'>si</span> <span class='ocrx_word' id='word_1_155' title='bbox 688 1314 890 1373; x_wconf 86' lang='lat' dir='ltr'>superbia</span> <span class='ocrx_word' id='word_1_156' title='bbox 906 1314 1019 1372; x_wconf 90' lang='lat' dir='ltr'>parit</span> <span class='ocrx_word' id='word_1_157' title='bbox 1039 1314 1350 1371; x_wconf 82' lang='lat' dir='ltr'>discissionem,</span> <span class='ocrx_word' id='word_1_158' title='bbox 1367 1317 1468 1360; x_wconf 88' lang='lat' dir='ltr'>cha-</span> 
     </span>
     <span class='ocr_line' id='line_1_17' title="bbox 79 1383 1467 1445; baseline 0.001 -15"><span class='ocrx_word' id='word_1_159' title='bbox 79 1386 183 1430; x_wconf 81' lang='lat' dir='ltr'>ritas</span> <span class='ocrx_word' id='word_1_160' title='bbox 203 1385 430 1429; x_wconf 87' lang='lat' dir='ltr'>unitatem.</span> <span class='ocrx_word' id='word_1_161' title='bbox 455 1387 618 1428; x_wconf 87' lang='lat' dir='ltr'>Tamen</span> <span class='ocrx_word' id='word_1_162' title='bbox 634 1383 725 1443; x_wconf 92' lang='lat' dir='ltr'>ipsa</span> <span class='ocrx_word' id='word_1_163' title='bbox 747 1383 960 1428; x_wconf 88' lang='lat' dir='ltr'>catholica</span> <span class='ocrx_word' id='word_1_164' title='bbox 976 1392 1130 1440; x_wconf 81' lang='lat' dir='ltr'>mater,</span> <span class='ocrx_word' id='word_1_165' title='bbox 1150 1385 1242 1444; x_wconf 90' lang='lat' dir='ltr'>ipse</span> <span class='ocrx_word' id='word_1_166' title='bbox 1257 1394 1404 1445; x_wconf 86' lang='lat' dir='ltr'>pastor</span> <span class='ocrx_word' id='word_1_167' title='bbox 1419 1386 1467 1430; x_wconf 87' lang='lat' dir='ltr'>in</span> 
     </span>
     <span class='ocr_line' id='line_1_18' title="bbox 81 1453 1466 1516; baseline 0.001 -16"><span class='ocrx_word' id='word_1_168' title='bbox 81 1471 131 1500; x_wconf 88' lang='lat' dir='ltr'>ea</span> <span class='ocrx_word' id='word_1_169' title='bbox 149 1456 316 1516; x_wconf 87' lang='lat' dir='ltr'>ubique</span> <span class='ocrx_word' id='word_1_170' title='bbox 337 1455 495 1515; x_wconf 86' lang='lat' dir='ltr'>quaerit</span> <span class='ocrx_word' id='word_1_171' title='bbox 517 1464 722 1510; x_wconf 87' lang='lat' dir='ltr'>errantes,</span> <span class='ocrx_word' id='word_1_172' title='bbox 742 1453 964 1500; x_wconf 89' lang='lat' dir='ltr'>confortat</span> <span class='ocrx_word' id='word_1_173' title='bbox 984 1455 1196 1512; x_wconf 90' lang='lat' dir='ltr'>infirmos,</span> <span class='ocrx_word' id='word_1_174' title='bbox 1221 1465 1346 1501; x_wconf 84' lang='lat' dir='ltr'>curat</span> <span class='ocrx_word' id='word_1_175' title='bbox 1366 1456 1466 1502; x_wconf 89' lang='lat' dir='ltr'>lan-</span> 
     </span>
     <span class='ocr_line' id='line_1_19' title="bbox 80 1525 1466 1586; baseline 0.001 -14"><span class='ocrx_word' id='word_1_176' title='bbox 80 1526 234 1586; x_wconf 82' lang='lat' dir='ltr'>guidos</span> <span class='ocrx_word' id='word_1_177' title='bbox 248 1561 260 1582; x_wconf 85' lang='lat'>‚</span> <span class='ocrx_word' id='word_1_178' title='bbox 279 1526 427 1586; x_wconf 82' lang='lat' dir='ltr'>alligat</span> <span class='ocrx_word' id='word_1_179' title='bbox 445 1525 689 1571; x_wconf 87' lang='lat' dir='ltr'>confractos</span> <span class='ocrx_word' id='word_1_180' title='bbox 704 1560 716 1582; x_wconf 91' lang='lat'>‚</span> <span class='ocrx_word' id='word_1_181' title='bbox 736 1525 841 1572; x_wconf 87' lang='lat' dir='ltr'>alios</span> <span class='ocrx_word' id='word_1_182' title='bbox 858 1526 1022 1571; x_wconf 89' lang='lat' dir='ltr'>abistis</span> <span class='ocrx_word' id='word_1_183' title='bbox 1037 1560 1050 1582; x_wconf 85' lang='lat'>,</span> <span class='ocrx_word' id='word_1_184' title='bbox 1070 1525 1173 1572; x_wconf 88' lang='lat' dir='ltr'>alios</span> <span class='ocrx_word' id='word_1_185' title='bbox 1196 1528 1252 1572; x_wconf 90' lang='lat' dir='ltr'>ab</span> <span class='ocrx_word' id='word_1_186' title='bbox 1269 1527 1353 1573; x_wconf 90' lang='lat' dir='ltr'>illis</span> <span class='ocrx_word' id='word_1_187' title='bbox 1374 1543 1466 1573; x_wconf 91' lang='lat' dir='ltr'>non</span> 
     </span>
     <span class='ocr_line' id='line_1_20' title="bbox 81 1595 1466 1657; baseline 0.001 -16"><span class='ocrx_word' id='word_1_188' title='bbox 81 1612 127 1641; x_wconf 93' lang='lat' dir='ltr'>se</span> <span class='ocrx_word' id='word_1_189' title='bbox 147 1597 332 1642; x_wconf 85' lang='lat' dir='ltr'>invicem</span> <span class='ocrx_word' id='word_1_190' title='bbox 351 1596 600 1640; x_wconf 88' lang='lat' dir='ltr'>scientibus.</span> <span class='ocrx_word' id='word_1_191' title='bbox 629 1596 715 1641; x_wconf 90' lang='lat' dir='ltr'>Sed</span> <span class='ocrx_word' id='word_1_192' title='bbox 741 1605 890 1640; x_wconf 89' lang='lat' dir='ltr'>tamen</span> <span class='ocrx_word' id='word_1_193' title='bbox 910 1595 985 1640; x_wconf 87' lang='lat' dir='ltr'>illa</span> <span class='ocrx_word' id='word_1_194' title='bbox 1011 1610 1161 1641; x_wconf 88' lang='lat' dir='ltr'>omnes</span> <span class='ocrx_word' id='word_1_195' title='bbox 1192 1598 1336 1653; x_wconf 86' lang='lat' dir='ltr'>novit,</span> <span class='ocrx_word' id='word_1_196' title='bbox 1362 1598 1466 1657; x_wconf 88' lang='lat' dir='ltr'>quia</span> 
     </span>
     <span class='ocr_line' id='line_1_21' title="bbox 81 1665 1467 1729; baseline 0 -17"><span class='ocrx_word' id='word_1_197' title='bbox 81 1682 184 1712; x_wconf 87' lang='lat' dir='ltr'>cum</span> <span class='ocrx_word' id='word_1_198' title='bbox 215 1666 416 1711; x_wconf 90' lang='lat' dir='ltr'>omnibus</span> <span class='ocrx_word' id='word_1_199' title='bbox 446 1665 541 1709; x_wconf 89' lang='lat' dir='ltr'>fusa</span> <span class='ocrx_word' id='word_1_200' title='bbox 573 1674 651 1729; x_wconf 81' lang='lat' dir='ltr'>est.</span> <span class='ocrx_word' id='word_1_201' title='bbox 685 1665 820 1709; x_wconf 87' lang='lat' dir='ltr'>Verbi</span> <span class='ocrx_word' id='word_1_202' title='bbox 846 1665 1011 1725; x_wconf 86' lang='lat' dir='ltr'>gratia,</span> <span class='ocrx_word' id='word_1_203' title='bbox 1048 1665 1177 1710; x_wconf 90' lang='lat' dir='ltr'>estin</span> <span class='ocrx_word' id='word_1_204' title='bbox 1198 1665 1342 1711; x_wconf 65' lang='lat' dir='ltr'>Airica</span> <span class='ocrx_word' id='word_1_205' title='bbox 1367 1682 1467 1726; x_wconf 89' lang='lat' dir='ltr'>pars</span> 
     </span>
     <span class='ocr_line' id='line_1_22' title="bbox 82 1735 1467 1797; baseline -0.001 -14"><span class='ocrx_word' id='word_1_206' title='bbox 82 1738 262 1793; x_wconf 87' lang='lat' dir='ltr'>Donati,</span> <span class='ocrx_word' id='word_1_207' title='bbox 286 1736 551 1781; x_wconf 90' lang='lat' dir='ltr'>Eunomiani</span> <span class='ocrx_word' id='word_1_208' title='bbox 574 1751 666 1781; x_wconf 91' lang='lat' dir='ltr'>non</span> <span class='ocrx_word' id='word_1_209' title='bbox 697 1745 796 1780; x_wconf 87' lang='lat' dir='ltr'>sunt</span> <span class='ocrx_word' id='word_1_210' title='bbox 824 1736 870 1780; x_wconf 91' lang='lat' dir='ltr'>in</span> <span class='ocrx_word' id='word_1_211' title='bbox 901 1735 1080 1794; x_wconf 76' lang='lat' dir='ltr'>Africa3</span> <span class='ocrx_word' id='word_1_212' title='bbox 1115 1736 1192 1780; x_wconf 93' lang='lat' dir='ltr'>sed</span> <span class='ocrx_word' id='word_1_213' title='bbox 1220 1752 1321 1782; x_wconf 89' lang='lat' dir='ltr'>cum</span> <span class='ocrx_word' id='word_1_214' title='bbox 1344 1746 1467 1797; x_wconf 87' lang='lat' dir='ltr'>parte</span> 
     </span>
     <span class='ocr_line' id='line_1_23' title="bbox 83 1802 1470 1864; baseline -0.001 -11"><span class='ocrx_word' id='word_1_215' title='bbox 83 1808 241 1853; x_wconf 91' lang='lat' dir='ltr'>Donati</span> <span class='ocrx_word' id='word_1_216' title='bbox 260 1817 324 1852; x_wconf 88' lang='lat' dir='ltr'>est</span> <span class='ocrx_word' id='word_1_217' title='bbox 345 1808 416 1851; x_wconf 89' lang='lat' dir='ltr'>hic</span> <span class='ocrx_word' id='word_1_218' title='bbox 438 1806 666 1851; x_wconf 87' lang='lat' dir='ltr'>catholica.</span> <span class='ocrx_word' id='word_1_219' title='bbox 694 1808 806 1851; x_wconf 89' lang='lat' dir='ltr'>Sunt</span> <span class='ocrx_word' id='word_1_220' title='bbox 828 1806 875 1851; x_wconf 90' lang='lat' dir='ltr'>in</span> <span class='ocrx_word' id='word_1_221' title='bbox 896 1807 1072 1851; x_wconf 87' lang='lat' dir='ltr'>Oriente</span> <span class='ocrx_word' id='word_1_222' title='bbox 1093 1802 1382 1864; x_wconf 78' lang='lat' dir='ltr'>Eunomiani,</span> <span class='ocrx_word' id='word_1_223' title='bbox 1406 1808 1470 1852; x_wconf 92' lang='lat' dir='ltr'>ibi</span> 
     </span>
     <span class='ocr_line' id='line_1_24' title="bbox 84 1874 1471 1935; baseline 0 -13"><span class='ocrx_word' id='word_1_224' title='bbox 84 1887 230 1923; x_wconf 85' lang='lat' dir='ltr'>autem</span> <span class='ocrx_word' id='word_1_225' title='bbox 251 1893 341 1922; x_wconf 86' lang='lat' dir='ltr'>non</span> <span class='ocrx_word' id='word_1_226' title='bbox 371 1885 432 1921; x_wconf 88' lang='lat' dir='ltr'>est</span> <span class='ocrx_word' id='word_1_227' title='bbox 454 1891 550 1935; x_wconf 88' lang='lat' dir='ltr'>pars</span> <span class='ocrx_word' id='word_1_228' title='bbox 580 1876 767 1932; x_wconf 79' lang='lat' dir='ltr'>Donati3</span> <span class='ocrx_word' id='word_1_229' title='bbox 799 1874 876 1919; x_wconf 89' lang='lat' dir='ltr'>sed</span> <span class='ocrx_word' id='word_1_230' title='bbox 896 1889 999 1920; x_wconf 91' lang='lat' dir='ltr'>cum</span> <span class='ocrx_word' id='word_1_231' title='bbox 1019 1876 1304 1921; x_wconf 88' lang='lat' dir='ltr'>Eunomianis</span> <span class='ocrx_word' id='word_1_232' title='bbox 1322 1877 1384 1921; x_wconf 88' lang='lat' dir='ltr'>ibi</span> <span class='ocrx_word' id='word_1_233' title='bbox 1405 1886 1471 1923; x_wconf 92' lang='lat' dir='ltr'>est</span> 
     </span>
     <span class='ocr_line' id='line_1_25' title="bbox 83 1946 1469 2007; baseline -0.001 -14"><span class='ocrx_word' id='word_1_234' title='bbox 83 1947 310 1994; x_wconf 74' lang='lat' dir='ltr'>catholica.</span> <span class='ocrx_word' id='word_1_235' title='bbox 337 1947 416 1992; x_wconf 89' lang='lat' dir='ltr'>Illa</span> <span class='ocrx_word' id='word_1_236' title='bbox 444 1947 503 1990; x_wconf 90' lang='lat' dir='ltr'>sic</span> <span class='ocrx_word' id='word_1_237' title='bbox 529 1955 619 2001; x_wconf 85' lang='lat' dir='ltr'>est,</span> <span class='ocrx_word' id='word_1_238' title='bbox 656 1955 866 2006; x_wconf 83' lang='lat' dir='ltr'>tanquam</span> <span class='ocrx_word' id='word_1_239' title='bbox 887 1946 985 1991; x_wconf 89' lang='lat' dir='ltr'>vitis</span> <span class='ocrx_word' id='word_1_240' title='bbox 1000 1981 1012 2002; x_wconf 85' lang='lat'>‚</span> <span class='ocrx_word' id='word_1_241' title='bbox 1036 1946 1271 1992; x_wconf 88' lang='lat' dir='ltr'>crescendo</span> <span class='ocrx_word' id='word_1_242' title='bbox 1301 1947 1469 2007; x_wconf 88' lang='lat' dir='ltr'>ubique</span> 
     </span>
     <span class='ocr_line' id='line_1_26' title="bbox 81 2016 1464 2077; baseline -0.001 -14"><span class='ocrx_word' id='word_1_243' title='bbox 81 2018 241 2063; x_wconf 84' lang='lat' dir='ltr'>diffusa</span> <span class='ocrx_word' id='word_1_244' title='bbox 263 2037 273 2063; x_wconf 68' lang='grc' dir='ltr'>ε</span> <span class='ocrx_word' id='word_1_245' title='bbox 297 2016 361 2061; x_wconf 90' lang='lat' dir='ltr'>illi</span> <span class='ocrx_word' id='word_1_246' title='bbox 382 2017 441 2061; x_wconf 89' lang='lat' dir='ltr'>sic</span> <span class='ocrx_word' id='word_1_247' title='bbox 462 2026 588 2071; x_wconf 84' lang='lat' dir='ltr'>sunt,</span> <span class='ocrx_word' id='word_1_248' title='bbox 624 2024 836 2075; x_wconf 86' lang='lat' dir='ltr'>tanquam</span> <span class='ocrx_word' id='word_1_249' title='bbox 860 2025 1078 2060; x_wconf 87' lang='lat' dir='ltr'>sarmenta</span> <span class='ocrx_word' id='word_1_250' title='bbox 1109 2016 1279 2061; x_wconf 80' lang='lat' dir='ltr'>inutilia</span> <span class='ocrx_word' id='word_1_251' title='bbox 1296 2051 1308 2073; x_wconf 83' lang='lat'>‚</span> <span class='ocrx_word' id='word_1_252' title='bbox 1347 2018 1464 2077; x_wconf 84' lang='lat' dir='ltr'>agri-</span> 
     </span>
     <span class='ocr_line' id='line_1_27' title="bbox 83 2085 1471 2146; baseline -0.001 -14"><span class='ocrx_word' id='word_1_253' title='bbox 83 2089 192 2132; x_wconf 76' lang='lat' dir='ltr'>colae</span> <span class='ocrx_word' id='word_1_254' title='bbox 210 2085 320 2131; x_wconf 85' lang='lat' dir='ltr'>falce</span> <span class='ocrx_word' id='word_1_255' title='bbox 340 2086 518 2145; x_wconf 83' lang='lat' dir='ltr'>praecisa</span> <span class='ocrx_word' id='word_1_256' title='bbox 537 2086 693 2130; x_wconf 87' lang='lat' dir='ltr'>merito</span> <span class='ocrx_word' id='word_1_257' title='bbox 714 2085 950 2130; x_wconf 88' lang='lat' dir='ltr'>sterilitatis</span> <span class='ocrx_word' id='word_1_258' title='bbox 964 2101 1054 2130; x_wconf 83' lang='lat' dir='ltr'>suae</span> <span class='ocrx_word' id='word_1_259' title='bbox 1072 2107 1083 2145; x_wconf 82' lang='lat'><em>3</em></span> <span class='ocrx_word' id='word_1_260' title='bbox 1100 2095 1152 2131; x_wconf 88' lang='lat' dir='ltr'>ut</span> <span class='ocrx_word' id='word_1_261' title='bbox 1172 2087 1270 2131; x_wconf 82' lang='lat' dir='ltr'>vitis</span> <span class='ocrx_word' id='word_1_262' title='bbox 1291 2095 1471 2146; x_wconf 87' lang='lat' dir='ltr'>putare·-</span> 
     </span>
     <span class='ocr_line' id='line_1_28' title="bbox 85 2154 1472 2214; baseline -0.001 -13"><span class='ocrx_word' id='word_1_263' title='bbox 85 2167 179 2212; x_wconf 62' lang='grc' dir='ltr'>ων,</span> <span class='ocrx_word' id='word_1_264' title='bbox 200 2171 290 2200; x_wconf 91' lang='lat' dir='ltr'>non</span> <span class='ocrx_word' id='word_1_265' title='bbox 309 2164 360 2199; x_wconf 89' lang='lat' dir='ltr'>ut</span> <span class='ocrx_word' id='word_1_266' title='bbox 389 2162 703 2213; x_wconf 83' lang='lat' dir='ltr'>amputaretur.</span> <span class='ocrx_word' id='word_1_267' title='bbox 733 2154 961 2214; x_wconf 54' lang='lat' dir='ltr'>Satin-enta</span> <span class='ocrx_word' id='word_1_268' title='bbox 979 2167 1080 2210; x_wconf 85' lang='lat' dir='ltr'>ergo</span> <span class='ocrx_word' id='word_1_269' title='bbox 1100 2156 1176 2196; x_wconf 84' lang='lat' dir='ltr'>illa</span> <span class='ocrx_word' id='word_1_270' title='bbox 1196 2157 1274 2197; x_wconf 86' lang='lat' dir='ltr'>ubi</span> <span class='ocrx_word' id='word_1_271' title='bbox 1295 2158 1472 2212; x_wconf 82' lang='lat' dir='ltr'>praecisa</span> 
     </span>
     <span class='ocr_line' id='line_1_29' title="bbox 84 2223 1472 2283; baseline -0.002 -10"><span class='ocrx_word' id='word_1_272' title='bbox 84 2236 216 2282; x_wconf 83' lang='lat' dir='ltr'>sunt,</span> <span class='ocrx_word' id='word_1_273' title='bbox 240 2227 303 2270; x_wconf 88' lang='lat' dir='ltr'>ibi</span> <span class='ocrx_word' id='word_1_274' title='bbox 320 2233 634 2269; x_wconf 88' lang='lat' dir='ltr'>remanserunt.</span> <span class='ocrx_word' id='word_1_275' title='bbox 654 2223 763 2267; x_wconf 90' lang='lat' dir='ltr'>Vitis</span> <span class='ocrx_word' id='word_1_276' title='bbox 785 2231 934 2267; x_wconf 83' lang='lat' dir='ltr'>autem</span> <span class='ocrx_word' id='word_1_277' title='bbox 954 2237 1147 2268; x_wconf 87' lang='lat' dir='ltr'>crescens</span> <span class='ocrx_word' id='word_1_278' title='bbox 1164 2238 1243 2283; x_wconf 90' lang='lat' dir='ltr'>per</span> <span class='ocrx_word' id='word_1_279' title='bbox 1263 2225 1407 2269; x_wconf 86' lang='lat' dir='ltr'>omnia</span> <span class='ocrx_word' id='word_1_280' title='bbox 1428 2234 1472 2271; x_wconf 90' lang='lat' dir='ltr'>et</span> 
     </span>
     <span class='ocr_line' id='line_1_30' title="bbox 87 2292 1472 2354; baseline -0.002 -11"><span class='ocrx_word' id='word_1_281' title='bbox 87 2306 301 2343; x_wconf 85' lang='lat' dir='ltr'>sarmenta</span> <span class='ocrx_word' id='word_1_282' title='bbox 315 2311 391 2339; x_wconf 91' lang='lat' dir='ltr'>sua</span> <span class='ocrx_word' id='word_1_283' title='bbox 405 2295 526 2338; x_wconf 91' lang='lat' dir='ltr'>novit</span> <span class='ocrx_word' id='word_1_284' title='bbox 537 2293 690 2354; x_wconf 83' lang='lat' dir='ltr'>quaein</span> <span class='ocrx_word' id='word_1_285' title='bbox 697 2292 772 2337; x_wconf 91' lang='lat' dir='ltr'>illa</span> <span class='ocrx_word' id='word_1_286' title='bbox 780 2302 1054 2350; x_wconf 78' lang='lat' dir='ltr'>manserunt,</span> <span class='ocrx_word' id='word_1_287' title='bbox 1065 2301 1108 2338; x_wconf 87' lang='lat' dir='ltr'>et</span> <span class='ocrx_word' id='word_1_288' title='bbox 1118 2293 1243 2353; x_wconf 84' lang='lat' dir='ltr'>juxta</span> <span class='ocrx_word' id='word_1_289' title='bbox 1250 2308 1295 2338; x_wconf 91' lang='lat' dir='ltr'>se</span> <span class='ocrx_word' id='word_1_290' title='bbox 1308 2310 1409 2353; x_wconf 84' lang='lat' dir='ltr'>quae</span> <span class='ocrx_word' id='word_1_291' title='bbox 1416 2293 1472 2340; x_wconf 89' lang='lat' dir='ltr'>de</span> 
     </span>
     <span class='ocr_line' id='line_1_31' title="bbox 85 2363 1471 2427; baseline -0.001 -15"><span class='ocrx_word' id='word_1_292' title='bbox 85 2367 161 2412; x_wconf 76' lang='lat' dir='ltr'>illa</span> <span class='ocrx_word' id='word_1_293' title='bbox 177 2366 352 2427; x_wconf 69' lang='lat' dir='ltr'>praecisa</span> <span class='ocrx_word' id='word_1_294' title='bbox 375 2373 490 2409; x_wconf 88' lang='lat' dir='ltr'>sunt.</span> <span class='ocrx_word' id='word_1_295' title='bbox 513 2363 622 2407; x_wconf 82' lang='lat' dir='ltr'>Inde</span> <span class='ocrx_word' id='word_1_296' title='bbox 640 2372 814 2408; x_wconf 89' lang='lat' dir='ltr'>revocat</span> <span class='ocrx_word' id='word_1_297' title='bbox 836 2372 1027 2408; x_wconf 88' lang='lat' dir='ltr'>errantes</span> <span class='ocrx_word' id='word_1_298' title='bbox 1050 2382 1059 2409; x_wconf 92' lang='lat'>:</span> <span class='ocrx_word' id='word_1_299' title='bbox 1079 2363 1182 2423; x_wconf 88' lang='lat' dir='ltr'>quia</span> <span class='ocrx_word' id='word_1_300' title='bbox 1201 2372 1246 2408; x_wconf 90' lang='lat' dir='ltr'>et</span> <span class='ocrx_word' id='word_1_301' title='bbox 1266 2363 1321 2408; x_wconf 89' lang='lat' dir='ltr'>de</span> <span class='ocrx_word' id='word_1_302' title='bbox 1341 2365 1471 2410; x_wconf 90' lang='lat' dir='ltr'>ramis</span> 
     </span>
     <span class='ocr_line' id='line_1_32' title="bbox 84 2434 1472 2494; baseline -0.002 -11"><span class='ocrx_word' id='word_1_303' title='bbox 84 2438 231 2483; x_wconf 77' lang='lat' dir='ltr'>fractis</span> <span class='ocrx_word' id='word_1_304' title='bbox 246 2437 351 2481; x_wconf 84' lang='lat' dir='ltr'>dicit</span> <span class='ocrx_word' id='word_1_305' title='bbox 369 2434 602 2494; x_wconf 81' lang='lat' dir='ltr'>Apostolus</span> <span class='ocrx_word' id='word_1_306' title='bbox 623 2453 633 2478; x_wconf 89' lang='lat'>:</span> <span class='ocrx_word' id='word_1_307' title='bbox 661 2452 682 2475; x_wconf 87' lang='lat'>«</span> <span class='ocrx_word' id='word_1_308' title='bbox 705 2437 865 2479; x_wconf 91' lang='lat' dir='ltr'>Potens</span> <span class='ocrx_word' id='word_1_309' title='bbox 883 2443 947 2479; x_wconf 88' lang='lat' dir='ltr'>est</span> <span class='ocrx_word' id='word_1_310' title='bbox 964 2434 1080 2478; x_wconf 90' lang='lat' dir='ltr'>enim</span> <span class='ocrx_word' id='word_1_311' title='bbox 1094 2436 1209 2477; x_wconf 91' lang='lat' dir='ltr'>Deus</span> <span class='ocrx_word' id='word_1_312' title='bbox 1229 2434 1387 2479; x_wconf 90' lang='lat' dir='ltr'>iterum</span> <span class='ocrx_word' id='word_1_313' title='bbox 1409 2437 1472 2481; x_wconf 93' lang='lat' dir='ltr'>in-</span> 
     </span>
     <span class='ocr_line' id='line_1_33' title="bbox 0 2503 1471 2563; baseline -0.003 -8"><span class='ocrx_word' id='word_1_314' title='bbox 0 2530 49 2563; x_wconf 55' lang='lat' dir='ltr'>fla.</span> <span class='ocrx_word' id='word_1_315' title='bbox 92 2516 111 2550; x_wconf 76' lang='lat'>²»</span> <span class='ocrx_word' id='word_1_316' title='bbox 143 2522 282 2552; x_wconf 87' lang='lat' dir='ltr'>serere</span> <span class='ocrx_word' id='word_1_317' title='bbox 313 2505 454 2550; x_wconf 83' lang='lat' dir='ltr'>illos1.</span> <span class='ocrx_word' id='word_1_318' title='bbox 485 2522 504 2546; x_wconf 89' lang='lat'>»</span> <span class='ocrx_word' id='word_1_319' title='bbox 533 2504 630 2548; x_wconf 86' lang='lat' dir='ltr'>Sive</span> <span class='ocrx_word' id='word_1_320' title='bbox 666 2503 782 2548; x_wconf 89' lang='lat' dir='ltr'>dicas</span> <span class='ocrx_word' id='word_1_321' title='bbox 814 2518 915 2549; x_wconf 90' lang='lat' dir='ltr'>oves</span> <span class='ocrx_word' id='word_1_322' title='bbox 946 2512 1137 2548; x_wconf 87' lang='lat' dir='ltr'>errantes</span> <span class='ocrx_word' id='word_1_323' title='bbox 1157 2518 1182 2548; x_wconf 87' lang='lat' dir='ltr'>a</span> <span class='ocrx_word' id='word_1_324' title='bbox 1205 2519 1359 2563; x_wconf 84' lang='lat' dir='ltr'>grege,</span> <span class='ocrx_word' id='word_1_325' title='bbox 1382 2506 1471 2551; x_wconf 90' lang='lat' dir='ltr'>sive</span> 
     </span>
    </p>
   </div>
   <div class='ocr_carea' id='block_1_3' title="bbox 0 495 79 2473">
    <p class='ocr_par' dir='ltr' id='par_1_3' title="bbox 0 495 79 2473">
     <span class='ocr_line' id='line_1_34' title="bbox 0 495 34 709; baseline 0 -143"><span class='ocrx_word' id='word_1_326' title='bbox 0 495 34 709; x_wconf 95' lang='lat' dir='ltr'>   </span> 
     </span>
     <span class='ocr_line' id='line_1_35' title="bbox 5 709 36 776; baseline 0 2402"><span class='ocrx_word' id='word_1_327' title='bbox 5 709 36 776; x_wconf 95' lang='lat' dir='ltr'> </span> 
     </span>
     <span class='ocr_line' id='line_1_36' title="bbox 8 776 38 848; baseline 0 2330"><span class='ocrx_word' id='word_1_328' title='bbox 8 776 38 848; x_wconf 95' lang='lat' dir='ltr'> </span> 
     </span>
     <span class='ocr_line' id='line_1_37' title="bbox 9 848 40 918; baseline 0 2260"><span class='ocrx_word' id='word_1_329' title='bbox 9 848 40 918; x_wconf 95' lang='lat' dir='ltr'> </span> 
     </span>
     <span class='ocr_line' id='line_1_38' title="bbox 11 918 42 987; baseline 0 2191"><span class='ocrx_word' id='word_1_330' title='bbox 11 918 42 987; x_wconf 95' lang='lat' dir='ltr'> </span> 
     </span>
     <span class='ocr_line' id='line_1_39' title="bbox 12 987 44 1056; baseline 0 2122"><span class='ocrx_word' id='word_1_331' title='bbox 12 987 44 1056; x_wconf 95' lang='lat' dir='ltr'> </span> 
     </span>
     <span class='ocr_line' id='line_1_40' title="bbox 14 1056 45 1128; baseline 0 2050"><span class='ocrx_word' id='word_1_332' title='bbox 14 1056 45 1128; x_wconf 95' lang='lat' dir='ltr'> </span> 
     </span>
     <span class='ocr_line' id='line_1_41' title="bbox 16 1128 47 1195; baseline 0 1983"><span class='ocrx_word' id='word_1_333' title='bbox 16 1128 47 1195; x_wconf 95' lang='lat' dir='ltr'> </span> 
     </span>
     <span class='ocr_line' id='line_1_42' title="bbox 17 1195 50 1314; baseline 0 0"><span class='ocrx_word' id='word_1_334' title='bbox 17 1195 50 1314; x_wconf 95' lang='lat' dir='ltr'>  </span> 
     </span>
     <span class='ocr_line' id='line_1_43' title="bbox 21 1314 53 1404; baseline 0 1774"><span class='ocrx_word' id='word_1_335' title='bbox 21 1314 53 1404; x_wconf 95' lang='lat' dir='ltr'> </span> 
     </span>
     <span class='ocr_line' id='line_1_44' title="bbox 22 1404 54 1476; baseline 0 1702"><span class='ocrx_word' id='word_1_336' title='bbox 22 1404 54 1476; x_wconf 95' lang='lat' dir='ltr'> </span> 
     </span>
     <span class='ocr_line' id='line_1_45' title="bbox 24 1476 56 1547; baseline 0 1631"><span class='ocrx_word' id='word_1_337' title='bbox 24 1476 56 1547; x_wconf 95' lang='lat' dir='ltr'> </span> 
     </span>
     <span class='ocr_line' id='line_1_46' title="bbox 26 1547 58 1616; baseline 0 1562"><span class='ocrx_word' id='word_1_338' title='bbox 26 1547 58 1616; x_wconf 95' lang='lat' dir='ltr'> </span> 
     </span>
     <span class='ocr_line' id='line_1_47' title="bbox 27 1616 60 1688; baseline 0 1490"><span class='ocrx_word' id='word_1_339' title='bbox 27 1616 60 1688; x_wconf 95' lang='lat' dir='ltr'> </span> 
     </span>
     <span class='ocr_line' id='line_1_48' title="bbox 29 1688 62 1761; baseline 0 1417"><span class='ocrx_word' id='word_1_340' title='bbox 29 1688 62 1761; x_wconf 95' lang='lat' dir='ltr'> </span> 
     </span>
     <span class='ocr_line' id='line_1_49' title="bbox 30 1761 64 1828; baseline 0 1350"><span class='ocrx_word' id='word_1_341' title='bbox 30 1761 64 1828; x_wconf 95' lang='lat' dir='ltr'> </span> 
     </span>
     <span class='ocr_line' id='line_1_50' title="bbox 31 1828 66 1895; baseline 0 1283"><span class='ocrx_word' id='word_1_342' title='bbox 31 1828 66 1895; x_wconf 95' lang='lat' dir='ltr'> </span> 
     </span>
     <span class='ocr_line' id='line_1_51' title="bbox 33 1895 68 1965; baseline 0 1213"><span class='ocrx_word' id='word_1_343' title='bbox 33 1895 68 1965; x_wconf 95' lang='lat' dir='ltr'> </span> 
     </span>
     <span class='ocr_line' id='line_1_52' title="bbox 35 1965 69 2037; baseline 0 1141"><span class='ocrx_word' id='word_1_344' title='bbox 35 1965 69 2037; x_wconf 95' lang='lat' dir='ltr'> </span> 
     </span>
     <span class='ocr_line' id='line_1_53' title="bbox 36 2037 71 2107; baseline 0 1071"><span class='ocrx_word' id='word_1_345' title='bbox 36 2037 71 2107; x_wconf 95' lang='lat' dir='ltr'> </span> 
     </span>
     <span class='ocr_line' id='line_1_54' title="bbox 38 2107 73 2176; baseline 0 1002"><span class='ocrx_word' id='word_1_346' title='bbox 38 2107 73 2176; x_wconf 95' lang='lat' dir='ltr'> </span> 
     </span>
     <span class='ocr_line' id='line_1_55' title="bbox 40 2176 77 2244; baseline 0 934"><span class='ocrx_word' id='word_1_347' title='bbox 40 2176 77 2244; x_wconf 95' lang='lat' dir='ltr'> </span> 
     </span>
     <span class='ocr_line' id='line_1_56' title="bbox 42 2244 78 2313; baseline 0 865"><span class='ocrx_word' id='word_1_348' title='bbox 42 2244 78 2313; x_wconf 95' lang='lat' dir='ltr'> </span> 
     </span>
     <span class='ocr_line' id='line_1_57' title="bbox 43 2313 79 2473; baseline 0 -88"><span class='ocrx_word' id='word_1_349' title='bbox 43 2313 79 2473; x_wconf 95' lang='lat' dir='ltr'>   </span> 
     </span>
    </p>
   </div>
   <div class='ocr_carea' id='block_1_4' title="bbox 0 2373 50 2406">
    <p class='ocr_par' dir='ltr' id='par_1_4' title="bbox 0 2373 50 2406">
     <span class='ocr_line' id='line_1_58' title="bbox 0 2373 50 2406; baseline 0.02 -1"><span class='ocrx_word' id='word_1_350' title='bbox 0 2373 50 2406; x_wconf 59' lang='lat' dir='ltr'>COR!</span> 
     </span>
    </p>
   </div>
   <div class='ocr_carea' id='block_1_5' title="bbox 141 2590 399 2632">
    <p class='ocr_par' dir='ltr' id='par_1_5' title="bbox 141 2590 399 2632">
     <span class='ocr_line' id='line_1_59' title="bbox 141 2590 399 2632; baseline -0.012 -7"><span class='ocrx_word' id='word_1_351' title='bbox 141 2599 150 2616; x_wconf 92' lang='lat'><em>¹</em></span> <span class='ocrx_word' id='word_1_352' title='bbox 169 2595 259 2625; x_wconf 86' lang='lat' dir='ltr'>Rom.</span> <span class='ocrx_word' id='word_1_353' title='bbox 281 2602 328 2632; x_wconf 79' lang='lat' dir='ltr'>xi,</span> <span class='ocrx_word' id='word_1_354' title='bbox 344 2590 399 2622; x_wconf 81' lang='lat'>23.</span> 
     </span>
    </p>
   </div>
  </div>
 </body>
</html>
