1898 3178
399 205 482 245 218
803 212 838 242 s.
874 211 1106 242 Aucus-run
1137 214 1320 244 EPISCOPI

396 280 528 336 rizat‚
553 280 742 340 cogitat,
777 279 969 335 laborat,
994 280 1109 325 curis
1129 279 1342 340 invigilat.
1369 283 1449 326 Per
1471 281 1589 326 diem
1616 284 1780 329 vexaris

394 351 618 396 laboribus
633 386 644 406 ,
679 366 755 410 per
789 360 962 396 noctem
992 351 1164 411 agitaris
1198 353 1446 397 timoribus.
1483 355 1542 398 Ut
1575 353 1781 400 saccellus

395 430 496 466 tuus
516 422 748 480 impleatur
769 422 980 477 nummis,
1002 422 1145 467 anima
1160 431 1236 468 tua
1257 422 1392 468 febrit
1412 423 1542 468 curis.

453 495 534 536 III.
560 491 720 547 Video,
740 491 864 537 doleo
887 511 895 536 :
921 491 1193 538 conturbaris
1209 527 1220 548 ‚
1254 502 1299 537 et
1319 493 1432 538 sicut
1454 493 1560 538 dicit
1587 494 1665 554 qui
1692 492 1778 540 fal-

392 561 479 606 lere
495 562 645 617 nescit,
671 577 781 607 vane
802 563 1092 608 conturbaris.
1116 563 1395 608 Thesaurizas
1416 564 1534 607 enim
1561 583 1570 609 :
1596 573 1646 609 ut
1667 565 1780 610 bene

392 632 618 691 proveniat
640 633 855 693 quidquid
889 634 978 693 agis
993 669 1005 690 ,
1040 642 1091 678 ut
1122 633 1283 678 damna
1317 642 1536 679 taceamus
1555 668 1568 690 ,
1590 643 1640 679 ut
1660 643 1781 681 tanta

391 702 582 762 pericula
597 712 640 748 et
656 704 702 748 in
715 703 893 763 singulis
910 705 1042 750 lucris
1060 704 1248 762 singulas
1263 713 1425 749 mortes
1440 739 1451 760 ‚
1468 706 1485 763 (
1505 714 1666 751 mortes
1682 706 1780 766 dico

389 789 479 818 non
508 789 769 834 corporum,
804 774 879 820 sed
911 775 1125 820 malarum
1156 775 1505 833 cogitationum,
1530 784 1580 820 ut
1603 776 1781 822 accedat

389 862 544 891 aurum
561 883 572 904 ,
603 849 714 907 perit
731 847 839 892 fides
856 869 868 906 3
888 857 938 893 ut
962 848 1068 893 foris
1090 847 1304 903 vestieris,
1329 848 1447 893 intus
1475 846 1706 907 expoliaris
1731 867 1741 894 ε
1764 849 1782 907 )

388 927 438 962 ut
459 918 538 963 ista
560 918 833 975 omittamus,
849 928 899 963 ut
916 918 998 963 alia
1020 927 1262 974 taceamus,
1286 927 1337 963 ut
1356 918 1535 963 adversa
1546 927 1780 978 praeterea-

387 1004 508 1045 mus,
533 1005 739 1049 prospera
757 989 848 1035 sola
867 990 1106 1049 cogitemus
1128 1006 1136 1031 ε
1158 1004 1258 1034 ecce
1278 989 1541 1034 thesaurizas
1554 1023 1566 1045 ‚
1587 1004 1688 1035 ecce
1701 1005 1782 1036 un-

388 1061 521 1121 dique
532 1061 653 1105 lucra
669 1062 902 1106 confluunt
917 1096 929 1117 ,
955 1071 998 1106 et
1017 1076 1137 1106 more
1158 1059 1349 1106 fontium
1369 1061 1539 1105 nummi
1559 1071 1743 1106 currunt
1766 1081 1776 1107 :

385 1132 551 1193 ubique
565 1131 688 1177 ardet
705 1133 852 1192 inopia
864 1167 875 1188 ,
890 1132 1086 1193 undique
1098 1132 1197 1177 fluit
1209 1132 1348 1192 copia.
1366 1134 1466 1178 Non
1480 1131 1638 1177 audisti
1656 1152 1664 1177 z
1681 1151 1701 1175 «
1711 1134 1781 1178 Di-

387 1220 409 1244 »
433 1202 549 1248 vitiae
566 1203 601 1247 si
614 1202 816 1258 affluant,
835 1218 891 1246 ne
903 1203 1129 1263 apponatis
1148 1205 1245 1248 cor1
1260 1204 1279 1247 Ρ
1294 1221 1313 1244 »
1327 1205 1441 1247 Ecce
1456 1203 1642 1263 acquiris
1658 1238 1670 1259 ,
1690 1219 1780 1248 non

385 1274 657 1319 infructuose
674 1275 948 1319 conturbaris
964 1309 975 1329 ,
994 1283 1140 1319 tamen
1163 1289 1274 1319 vane
1295 1274 1587 1331 conturbaris.
1607 1277 1751 1327 Quare
1764 1310 1776 1331 ,

385 1345 544 1404 inquis,
564 1360 676 1389 vane
697 1344 967 1389 conturbor?
989 1347 1103 1389 Ecce
1124 1359 1269 1389 saccos
1287 1343 1473 1404 impleo,
1498 1344 1683 1403 parietes
1694 1346 1779 1390 mei

384 1415 454 1460 vix
466 1415 644 1474 capiunt
657 1415 778 1475 quod
790 1416 968 1475 acquiro
989 1434 997 1460 :
1013 1430 1147 1475 quare
1159 1429 1238 1473 ego
1250 1430 1361 1459 vane
1378 1414 1645 1460 conturbor?
1662 1415 1778 1460 The-

383 1485 589 1541 saurizas,
606 1495 649 1530 et
667 1486 917 1545 ignorascui
930 1500 1164 1545 congreges
1183 1502 1249 1530 ea.
1265 1489 1356 1531 Aut
1374 1487 1408 1530 si
1431 1487 1527 1543 scis,
1546 1487 1618 1532 cui
1630 1507 1641 1545 3
1655 1487 1778 1532 obse-

383 1572 457 1602 cro
471 1566 530 1612 te,
547 1556 617 1601 dic
633 1566 675 1601 et
689 1557 812 1613 mihi,
824 1556 999 1601 audiam
1016 1566 1076 1611 te,
1094 1557 1180 1600 cui.
1202 1557 1246 1602 Si
1259 1571 1348 1601 non
1363 1571 1472 1601 vane
1486 1557 1774 1613 conturbaris,

382 1626 451 1672 dic
464 1627 535 1671 cui
552 1627 845 1672 thesaurizas?
868 1627 993 1682 Mihi,
1016 1627 1177 1686 inquis.
1205 1628 1299 1672 Hoc
1317 1628 1450 1671 audes
1471 1625 1616 1672 dicere
1639 1628 1776 1672 mori-

381 1699 530 1743 turus?
552 1700 584 1741 F
590 1697 671 1741 iliis
688 1697 810 1752 meis,
830 1697 990 1756 inquis.
1018 1699 1112 1742 Hoc
1130 1696 1263 1741 audes
1280 1695 1425 1741 dicere
1447 1695 1502 1741 de
1524 1697 1776 1742 morituris?

379 1772 537 1827 Magna
558 1768 708 1828 pietas,
726 1767 848 1828 quod
860 1767 1122 1812 thesaurizat
1135 1776 1257 1827 pater
1277 1766 1377 1811 filiis
1405 1786 1415 1812 2
1432 1767 1522 1812 imo
1536 1782 1693 1826 magna
1705 1782 1775 1813 va-

378 1840 491 1884 nitas
502 1874 514 1895 ,
534 1839 796 1884 thesaurizat
810 1841 1047 1884 moriturus
1069 1838 1306 1883 morituris.
1330 1837 1373 1881 Si
1386 1846 1566 1896 propter
1579 1846 1622 1883 te
1637 1872 1648 1894 ‚
1668 1839 1772 1898 quia

379 1910 614 1955 moriturus
628 1910 809 1955 dimittis
822 1944 833 1965 ‚
857 1908 966 1969 quid
995 1908 1162 1967 colligis
1180 1909 1199 1952 Ρ
1225 1910 1329 1952 Haee
1355 1922 1484 1951 causa
1499 1916 1542 1952 et
1558 1906 1767 1964 filiorum,

377 1981 615 2026 successuri
631 1989 755 2035 sunt,
776 1996 868 2025 non
894 1979 1182 2039 permansuri.
1205 1978 1372 2022 Omitto
1393 1978 1537 2023 dicere
1565 1978 1769 2039 qualibus

378 2053 478 2097 filiis
495 2088 507 2109 ,
530 2068 586 2097 ne
605 2052 719 2097 forte
741 2051 862 2112 quod
879 2051 1159 2110 congregavit
1179 2049 1380 2104 avaritia,
1406 2049 1561 2109 perdat
1580 2049 1766 2097 luxuria.

379 2124 501 2170 Alius
518 2124 699 2169 fluendo
712 2123 857 2184 perdit
874 2157 887 2179 ‚
901 2121 1022 2183 quod
1041 2131 1092 2167 tu
1111 2121 1355 2167 laborando
1373 2122 1658 2181 congregasti.
1685 2123 1790 2189 Sed¹

380 2188 535 2240 omitto
562 2195 662 2239 hoc.
693 2197 826 2239 Forte
855 2193 961 2238 boni
982 2201 1113 2238 erunt
1142 2192 1250 2248 filii,
1274 2191 1484 2238 luxuriosi
1503 2207 1594 2238 non
1615 2201 1767 2251 erunt,

378 2268 614 2312 servabunt
634 2266 756 2327 quod
780 2264 1000 2320 dimisisti,
1032 2264 1259 2323 augebunt
1290 2263 1412 2325 quod
1439 2264 1639 2320 servasti,
1679 2279 1769 2310 non

379 2337 566 2396 perdent
596 2336 719 2397 quod
746 2336 1032 2395 congregasti.
1073 2334 1174 2379 Filii
1214 2335 1280 2380 tui
1313 2344 1460 2380 tecum
1489 2343 1593 2380 sunt
1607 2335 1768 2394 pariter

378 2408 502 2462 vani,
533 2408 568 2451 si
588 2409 672 2453 hoc
699 2407 888 2463 faciunt,
913 2407 948 2452 si
966 2415 1010 2450 te
1041 2414 1211 2465 patrem
1237 2407 1284 2451 in
1305 2406 1389 2452 hoc
1414 2406 1656 2450 imitantur.
1677 2404 1767 2450 Illis

378 2479 476 2523 dico
498 2479 617 2537 quod
638 2479 718 2524 tibi
751 2479 965 2524 dicebam.
992 2477 1103 2523 Filio
1131 2486 1208 2522 tuo
1238 2477 1337 2523 dieo
1363 2497 1373 2523 :
1408 2477 1479 2522 cui
1511 2491 1675 2532 servas,
1701 2475 1764 2520 illi

428 2569 437 2585 ¹
460 2562 538 2594 Psal.
561 2573 623 2602 m,
647 2573 699 2595 11·

1864 354 1875 685 -Qff
1868 319 1871 333 m
1872 259 1875 261 ,
