1898 3178
327 241 466 269 sumo
497 239 649 279 Lxxx1‚
684 241 738 268 DE
772 238 920 269 vmznrs
951 237 1115 268 ΜΑΤΤΗ.
1150 239 1274 268 xv111.
1412 227 1496 266 379

115 306 310 367 Apostoli
331 306 517 352 catenati
535 340 546 357 ‚
572 315 703 365 atque
725 307 770 350 in
802 306 874 351 illa
898 322 1095 366 pressura
1116 305 1352 351 cantabant
1369 305 1497 362 hym-

114 393 220 421 num
245 380 348 420 Deo.
381 374 492 428 Quid
515 376 826 434 premebatur?
848 377 956 436 quid
977 376 1282 436 eliquabatur?
1313 374 1498 419 Sedebat

113 447 195 491 sub
238 461 394 504 magna
428 460 624 504 pressura
660 446 745 489 Job
775 447 819 490 in
853 456 1060 501 stercore,
1094 447 1218 505 inops
1234 481 1245 500 ,
1276 445 1367 489 sine
1392 460 1495 503 ope,

113 519 202 562 sine
232 516 472 561 substantia
491 551 501 571 ,
542 517 632 560 sine
653 516 778 574 filiis3
804 516 983 576 plenus,
1010 517 1086 561 sed
1107 517 1328 561 vermibus
1343 551 1354 571 ‚
1378 515 1499 576 quod

112 587 289 648 quidem
312 586 366 632 ad
383 587 605 631 hominem
626 587 813 647 pertinet
837 588 1108 632 exteriorem.
1137 586 1220 632 Sed
1243 586 1344 647 quia
1367 595 1410 630 et
1431 587 1500 630 in-

113 667 182 702 tus
205 661 295 702 Deo
313 656 468 717 plenus
486 666 576 701 erat
598 692 608 712 ‚
635 656 841 701 laudabat
863 660 1024 712 Deum,
1047 667 1089 701 et
1106 673 1303 717 pressura
1321 656 1392 701 illa
1410 673 1500 701 non

112 728 175 772 illi
193 738 283 773 erat
306 726 573 772 scandalum.
588 728 672 773 Ubi
690 744 792 787 ergo
810 728 1095 774 scandalum?
1116 728 1302 782 Quando
1327 728 1502 773 accessit

113 800 151 843 ei
187 814 319 854 uxor,
355 807 398 842 et
420 799 479 842 ait
502 818 509 843 ε
541 818 560 841 «
585 799 662 843 Dic
690 799 856 860 aliquid
882 800 927 843 in
964 803 1128 855 Deum,
1163 809 1206 845 et
1237 815 1404 844 morere
1423 802 1451 844 ¹.
1476 818 1496 841 »

114 870 331 913 Omnibus
351 870 514 929 quippe
533 868 686 913 ablatis
710 886 732 914 a
751 871 926 915 diabolo
944 906 954 926 ‚
976 872 1206 915 exercitato
1227 872 1318 914 Eva
1335 880 1501 914 servata

113 948 191 993 est,
216 955 306 988 non
328 939 383 985 ad
399 938 763 994 consolationem,
790 940 865 985 sed
887 942 941 986 ad
959 941 1245 987 tentationem
1265 941 1362 984 viri.
1388 943 1501 984 Ecce

112 1010 190 1055 ubi
207 1010 476 1054 scandalum.
498 1011 785 1069 Exaggeravit
806 1012 996 1056 miserias
1013 1014 1105 1073 ejus
1121 1047 1131 1065 ,
1157 1011 1348 1056 miserias
1370 1011 1499 1055 etiam

113 1096 208 1125 suas
231 1096 334 1131 cum
354 1080 470 1127 illius
485 1116 495 1136 ‚
536 1090 578 1125 et
603 1082 738 1141 coepit
772 1081 1030 1141 persuadere
1067 1082 1397 1142 blasphemiam.
1432 1080 1502 1125 Illi

114 1161 257 1196 autem
280 1186 291 1206 ‚
330 1152 407 1212 qui
445 1161 536 1196 erat
558 1152 672 1196 mitis
688 1188 699 1207 ‚
726 1153 836 1212 quia
856 1156 969 1197 Deus
1001 1169 1052 1196 ex
1072 1152 1168 1212 lege
1197 1168 1273 1196 sua
1295 1152 1503 1197 docuerat

113 1237 235 1277 eum,
264 1232 307 1267 et
328 1223 596 1280 mitigaverat
615 1238 638 1266 a
661 1223 815 1267 diebus
837 1223 1052 1283 malignis,
1078 1239 1159 1283 pax
1177 1223 1315 1268 multa
1339 1232 1431 1267 erat
1456 1223 1507 1273 in

113 1292 243 1336 corde
261 1294 352 1351 ejus
373 1292 590 1351 diligentis
608 1292 747 1351 legem
763 1294 856 1349 Dei,
873 1303 916 1338 et
934 1310 1023 1338 non
1039 1303 1128 1338 erat
1149 1294 1211 1338 illi
1230 1293 1499 1338 scandalum.

114 1362 193 1407 Illa
227 1362 480 1406 scandalum
503 1373 617 1417 erat,
651 1363 726 1407 sed
748 1363 810 1407 illi
833 1380 921 1409 non
946 1374 1051 1409 erat.
1084 1365 1282 1424 Denique
1304 1363 1402 1409 vide
1418 1364 1503 1407 rni-

115 1443 202 1478 tem
222 1468 232 1488 ,
260 1433 360 1478 vide
382 1434 604 1479 eruditum
640 1435 683 1477 in
715 1433 810 1492 lege
844 1436 949 1489 Dei,
977 1436 1073 1494 lege
1096 1436 1172 1479 Dei
1197 1436 1296 1485 dico
1319 1444 1498 1479 aeterna.

113 1507 221 1553 Nam
244 1505 311 1549 lex
328 1504 400 1549 illa
422 1505 467 1548 in
489 1504 649 1549 tabulis
667 1505 767 1549 data
785 1507 808 1548 J
814 1505 948 1551 udaeis
966 1505 1164 1555 nondum
1186 1515 1278 1550 erat
1300 1505 1505 1565 tempori-

114 1576 196 1620 bus
217 1575 325 1630 Joh,
346 1574 421 1619 sed
450 1575 656 1623 manebat
677 1575 822 1619 adhuc
844 1574 912 1619 lex
928 1585 1089 1621 aeterna
1117 1576 1162 1619 in
1184 1576 1388 1620 cordibus
1409 1575 1505 1634 pio-

114 1661 210 1696 rum
228 1681 238 1700 ,
279 1646 397 1689 unde
419 1645 492 1690 illa
515 1646 729 1704 descripta
752 1654 815 1689 est
843 1661 944 1706 quae
966 1645 1131 1705 populo
1164 1644 1266 1691 data
1289 1654 1366 1690 est.
1394 1645 1505 1698 Quia

115 1731 217 1774 ergo
239 1716 460 1773 mitigatus
490 1724 581 1759 erat
608 1715 702 1772 lege
727 1715 804 1759 Dei
827 1731 850 1758 a
877 1715 1031 1758 diebus
1052 1714 1252 1773 malignis
1269 1749 1279 1769 ,
1308 1724 1350 1758 et
1367 1730 1448 1774 pax
1466 1716 1504 1758 ei

114 1786 252 1828 multa
270 1795 361 1829 erat
382 1784 579 1842 diligenti
600 1784 739 1843 legem
766 1786 842 1829 Dei
861 1821 870 1836 ‚
895 1785 995 1830 vide
1013 1800 1145 1844 quam
1164 1786 1217 1830 sit
1238 1785 1374 1840 mitis,
1398 1785 1505 1846 quid

115 1852 363 1914 respondet.
392 1851 473 1895 HlC
493 1850 609 1894 dlSCO
630 1854 751 1909 quod
767 1855 973 1909 proposui
993 1876 1003 1906 5
1020 1856 1095 1909 qui
1113 1856 1198 1892 sint
1219 1856 1344 1893 mites
1357 1883 1367 1903 ‚
1383 1871 1403 1890 «
1425 1859 1506 1892 Lo·

119 1943 140 1970 »
174 1933 275 1974 cuta
296 1938 361 1977 es,
386 1922 529 1981 inquit
546 1956 557 1975 ‚
592 1929 801 1978 tanquam
835 1935 923 1963 una
947 1934 998 1962 ex
1019 1917 1324 1977 insipientibus
1346 1917 1504 1962 mulie-

119 2013 139 2037 »
175 1995 308 2039 ribus.
346 1993 388 2037 Si
428 1991 543 2036 bona
586 1990 857 2049 percepimus
898 1989 953 2034 de
992 2004 1126 2033 manu
1158 1988 1359 2044 Domini,
1392 1988 1504 2035 mala

119 2085 140 2108 »
175 2081 266 2110 non
293 2064 554 2117 sustinemus
567 2063 583 2086 ²
598 2063 647 2103 ‘?»

178 2139 260 2185 ΙΙΙ,
287 2132 544 2184 Audivimus
566 2131 764 2192 exemplo
787 2132 863 2191 qui
885 2131 970 2174 sint
987 2131 1113 2174 mites
1130 2129 1411 2174 :definiamus
1434 2145 1505 2175 eos

118 2206 260 2250 verbis
278 2240 288 2259 ,
308 2206 342 2248 si
360 2217 601 2263 possumus.
622 2203 749 2248 Mites
767 2211 884 2255 sunt,
911 2201 1072 2261 quibus
1093 2201 1138 2244 in
1155 2199 1279 2244 factis
1302 2200 1505 2249 omnibus

119 2275 261 2330 bonis,
277 2275 323 2323 in
346 2274 548 2318 omnibus
562 2289 662 2332 quae
676 2273 786 2316 bene
803 2271 986 2325 faciunt,
1005 2286 1094 2314 non
1108 2270 1250 2329 placet
1267 2270 1348 2314 nisi
1367 2273 1502 2329 Deus3

121 2347 167 2397 in
188 2345 394 2390 omnibus
413 2359 513 2404 quae
531 2342 642 2387 mala
667 2343 909 2401 patiuntur,
930 2357 1018 2385 non
1041 2340 1241 2401 displicet
1263 2343 1390 2385 Deus.
1409 2343 1503 2397 Eia,

120 2416 273 2464 fratres
291 2451 302 2470 ‚
334 2413 546 2458 attendite
582 2415 637 2461 ad
668 2414 781 2458 banc
809 2413 1029 2472 regulam,
1054 2413 1108 2456 ad
1135 2414 1248 2458 lianc
1275 2429 1503 2472 normam;

121 2485 404 2531 extendamus
436 2500 513 2529 nos
539 2483 594 2529 ad
626 2483 770 2538 illam,
806 2498 1052 2543 quaeramus
1087 2483 1430 2539 incrementum,
1457 2494 1506 2529 ut

170 2576 180 2592 ¹
195 2570 268 2602 Job.
288 2581 323 2612 11,
345 2582 379 2612 9.
395 2586 436 2592 -
460 2569 567 2601 ²1bid.
595 2581 647 2601 ιο.
