1898 3178
415 167 496 207 138
839 179 873 206 s.
908 174 1134 205 mensum
1164 177 1348 207 zmscom

412 260 491 306 pro
522 253 670 290 nostro
707 253 858 304 captu,
898 251 1112 303 quantum
1137 243 1304 305 adjuvit
1337 252 1380 288 et
1416 251 1632 303 quantum
1669 244 1793 290 dedit

410 315 644 371 Dominus,
669 331 748 375 pro
764 313 963 372 angustia
983 329 1160 375 quoque
1182 315 1403 376 temporis,
1427 330 1527 375 quae
1548 315 1785 374 potuimus,

411 387 611 432 diximus.
639 386 681 431 Si
703 385 799 445 quis
820 394 1013 430 vestrum
1035 386 1218 446 amplius
1238 387 1355 447 capit
1369 422 1381 442 ,
1404 385 1460 431 ad
1481 385 1606 430 illum
1625 386 1784 446 pulset,

410 474 434 502 a
455 473 545 518 quo
568 466 610 500 et
627 471 704 501 nos
721 454 843 515 quod
863 471 1039 516 capere,
1067 457 1188 518 quod
1206 457 1349 503 dicere
1366 472 1615 517 possumus,
1651 458 1789 502 sumi-

408 544 520 573 mus.
547 526 664 572 Illud
684 535 785 571 ante
799 527 943 571 omnia
965 528 1164 584 retinete,
1181 538 1232 573 ut
1251 528 1482 587 Scripturis
1499 529 1656 574 sanctis
1676 544 1792 573 non-

409 600 513 644 dum
531 597 759 643 intellectis
773 613 863 643 non
878 600 1219 658 perturbemini,
1234 599 1524 659 intelligentes
1538 608 1684 644 autem
1701 615 1792 645 non

406 671 618 714 inflemini
641 689 650 715 ε
673 669 749 715 sed
767 679 811 715 et
831 671 952 731 quod
974 687 1064 717 non
1091 671 1333 731 intelligitis
1347 707 1360 727 ,
1391 686 1495 716 cum
1514 673 1682 717 honore
1703 671 1794 716 dif-

406 740 574 799 feratis,
599 750 642 787 et
657 742 779 802 quod
794 741 1055 803 intelligitis,
1081 759 1184 789 cum
1203 744 1412 788 charitate
1430 743 1629 788 teneatis.

406 923 1788 940 ammmmmmwummmmmmmmmmmmmswmwuummwummm

891 1052 1123 1098 SERMO
1162 1052 1250 1098 LII
1264 1049 1295 1095 ¹.

403 1215 465 1257 De
486 1213 627 1258 verbis
649 1212 876 1272 Evangelii
897 1214 1056 1259 Matth.
1082 1232 1133 1257 111
1151 1232 1160 1258 ε
1190 1212 1341 1260 Venit
1356 1211 1498 1257 Jesus
1520 1227 1552 1256 a
1581 1209 1795 1258 Galc'loea

462 1284 510 1327 in
536 1281 807 1328 Jordanem
836 1282 907 1328 acl
925 1282 1168 1329 Joannem
1183 1318 1194 1340 ,
1220 1292 1271 1327 ut
1299 1282 1629 1342 baptizaretur
1649 1281 1713 1327 ab
1738 1299 1793 1328 eo

462 1364 544 1399 etc.
570 1356 633 1398 De
656 1353 880 1398 Trinitate.

463 1513 499 1554 Ι.
520 1512 799 1556 EvANcEch
817 1510 947 1556 lectio
965 1511 1191 1570 proposuit
1206 1511 1331 1555 nobis
1349 1509 1468 1556 unde
1490 1510 1722 1571 loquamur
1738 1510 1795 1554 ad

404 1581 671 1626 Charitatem
684 1584 902 1636 Vestram,
921 1591 1131 1640 tanquam
1145 1582 1318 1626 Domini
1331 1582 1529 1641 imperio,
1546 1590 1589 1626 et
1600 1596 1701 1627 vere
1713 1584 1794 1626 Do-

405 1651 511 1694 mini
526 1651 722 1710 imperio.
744 1651 813 1695 Ab
829 1650 905 1695 illo
923 1650 1040 1694 enim
1059 1651 1303 1710 expectavit
1319 1666 1393 1695 cor
1413 1666 1561 1696 meum
1583 1661 1795 1712 tanquam

398 1721 637 1781 jussionem
655 1720 905 1781 proferendi
922 1721 1151 1775 sermonis,
1176 1730 1227 1765 ut
1246 1721 1350 1765 hinc
1377 1736 1478 1765 eum
1507 1721 1795 1781 intelligerem

405 1792 528 1851 loqui
545 1807 615 1835 me
636 1791 777 1847 velle,
800 1791 922 1851 quod
944 1791 1114 1835 recitari
1130 1791 1221 1851 ipse
1248 1792 1471 1837 voluisset.
1498 1793 1661 1837 Audiat
1693 1806 1795 1851 ergo

406 1862 599 1908 studium
614 1872 656 1907 et
668 1862 842 1908 devotio
853 1872 1011 1919 vestra,
1027 1873 1070 1908 et
1083 1862 1257 1922 adjuvet
1270 1862 1388 1922 apud
1399 1863 1541 1923 ipsum
1557 1863 1794 1908 Dominum

408 1936 546 1978 Deum
563 1943 761 1978 nostrum
777 1933 972 1978 laborem
989 1947 1151 1977 meum.
1173 1932 1380 1977 Videmus
1395 1933 1511 1977 enim
1527 1942 1571 1977 et
1584 1942 1794 1994 tanquam

407 2004 629 2063 proposito
644 2003 793 2048 divino
813 2003 1062 2063 spectaculo
1074 2011 1351 2060 contuemur,
1368 2004 1486 2063 apud
1506 2005 1673 2049 flumen
1691 2007 1717 2049 J
1720 2020 1793 2050 or-

407 2074 530 2120 danis
551 2074 848 2120 commendari
869 2075 993 2120 nobis
1007 2078 1148 2119 Deum
1165 2084 1362 2120 nostrum
1377 2075 1423 2119 in
1437 2076 1662 2120 Trinitate.
1680 2078 1793 2121 Cum

407 2147 522 2189 enim
548 2146 715 2191 veniret
742 2147 886 2200 Jesus,
922 2154 966 2190 et
984 2145 1228 2204 baptizatus
1256 2155 1366 2190 esset
1382 2161 1406 2190 a
1429 2149 1623 2200 Joanne,
1650 2145 1792 2189 domi-

406 2231 488 2260 nus
503 2232 525 2260 a
546 2231 685 2271 servo,
699 2218 716 2273 (
730 2215 851 2275 quod
874 2214 978 2259 fecit
1001 2215 1057 2259 ad
1071 2214 1328 2259 humilitatis
1351 2214 1624 2273 exemplum,
1640 2214 1687 2258 in
1700 2214 1792 2274 ipsa

406 2288 568 2345 quippe
589 2286 834 2331 humilitate
863 2284 1052 2331 ostendit
1073 2285 1243 2344 impleri
1258 2285 1493 2344 justitiam,
1520 2284 1697 2344 quando
1720 2284 1790 2328 di-

407 2364 531 2399 cente
552 2357 633 2400 sibi
647 2359 670 2400 J
674 2371 815 2400 oanne
831 2374 871 2401 :«
889 2358 983 2414 Ego
997 2354 1136 2399 debeo
1150 2370 1173 2398 a
1190 2364 1234 2399 te
1248 2355 1525 2414 baptizari,et
1541 2363 1591 2398 tu
1604 2354 1723 2399 venis
1736 2354 1792 2399 ad

408 2444 428 2467 »
448 2440 539 2483 me,
557 2426 816 2486 »respondit
837 2445 846 2472 ε
867 2445 886 2468 «
903 2426 1003 2472 Sine
1015 2425 1169 2480 modo,
1188 2434 1239 2470 ut
1260 2426 1521 2486 impleaturo
1539 2427 1650 2472 mnis
1665 2427 1789 2486 justi-

453 2530 460 2546 ¹
482 2523 563 2556 Alias
581 2524 623 2555 03
642 2525 682 2556 de
700 2524 806 2556 verbis
828 2524 962 2557 Domini.
