1898 3178
366 219 505 247 SERMO
537 220 613 257 xc,
649 220 703 245 DE
735 218 880 246 vnssssis
912 218 1076 246 MATTH.
1113 220 1222 245 xxm.
1396 205 1481 246 479

98 298 186 343 quo
208 283 355 328 nullus
372 284 512 327 malus
529 281 720 338 accedit,
741 299 817 342 per
834 284 1008 328 Domini
1033 283 1213 343 gratiam
1235 281 1482 342 perducen-

98 355 143 398 di
165 373 174 399 ε
199 355 279 413 ipsi
305 355 471 399 habent
491 362 655 398 vestem
677 354 935 413 nuptialem.
963 357 1218 407 Quaeramus
1240 368 1342 412 ergo
1360 387 1370 407 ‚
1396 351 1484 396 fra-

98 432 183 469 tres
199 425 308 479 mei,
332 424 444 468 inter
463 422 613 467 fideles
635 423 711 483 qui
738 433 840 468 sunt
859 424 936 484 qui
955 424 1123 468 habent
1144 422 1311 483 aliquid
1327 458 1338 478 ,
1364 421 1485 482 quod

98 493 202 538 mali
229 509 319 539 non
349 494 540 549 habent,
565 502 608 538 et
639 494 730 553 ipsa
753 494 834 538 erit
868 494 995 538 vestis
1027 492 1248 553 nuptialis.
1277 494 1320 538 Si
1342 508 1485 537 sacra-

97 573 245 609 menta
273 563 510 608 dixerimus
526 598 539 620 ,
571 563 727 608 videtis
749 562 1123 624 quemadmodum
1144 564 1230 609 sint
1257 562 1380 607 malis
1402 563 1485 607 bo-

98 633 252 693 nisque
273 634 538 678 communia.
562 633 805 693 Baptismus
828 636 920 678 est?
942 633 1042 678 Sine
1065 633 1282 693 baptismo
1305 631 1485 694 quidem

97 719 226 748 nemo
248 705 303 748 ad
326 707 464 748 Deum
486 704 684 763 pervenit
705 723 712 748 :
734 702 810 748 sed
831 718 922 748 non
956 704 1095 747 omnis
1117 704 1192 764 qui
1217 704 1352 748 habet
1374 703 1485 762 bap-

97 775 275 820 tismum
297 775 352 820 ad
382 779 523 820 Deum
544 775 757 835 pervenit.
788 777 889 821 Non
916 790 1018 833 ergo
1045 790 1220 834 possum
1243 773 1486 834 intelligere

101 845 371 905 baptismum
402 861 493 890 esse
514 855 679 891 vestem
700 845 940 906 nuptialem
956 880 968 903 ‚
992 845 1037 889 id
1058 855 1144 901 est,
1175 847 1322 905 ipsum
1343 861 1487 890 sacra-

100 926 326 975 mentum3
350 932 484 977 quam
520 926 685 961 vestem
717 917 845 963 video
879 917 925 960 in
946 917 1071 962 bonis
1088 952 1099 973 ,
1129 916 1258 962 video
1279 917 1326 960 in
1347 916 1483 960 malis.

100 989 232 1032 Forte
254 987 387 1032 altare
420 996 505 1043 est,
528 987 598 1032 vel
619 986 742 1048 quod
779 987 989 1047 accipitur
1021 986 1076 1031 de
1113 986 1252 1032 altari.
1279 987 1488 1031 Videmus

99 1058 202 1118 quia
232 1057 361 1102 multi
383 1059 685 1116 manducant,
717 1067 759 1103 et
785 1058 1001 1118 judicium
1029 1058 1111 1102 sibi
1148 1056 1417 1103 manducant
1445 1066 1489 1101 et

99 1127 276 1172 bibunt.
313 1128 426 1181 Quid
454 1143 555 1186 ergo
578 1130 673 1172 est?
697 1129 958 1189 Jejunatur?
979 1129 1187 1189 Jejunant
1209 1137 1252 1172 et
1273 1127 1391 1171 mali.
1416 1127 1485 1171 Ad

100 1196 340 1241 Ecclesiam
383 1198 689 1242 concurritur?
726 1200 1007 1243 Concurrunt
1043 1207 1087 1242 et
1121 1198 1240 1241 mali.
1267 1201 1489 1242 Postremo

102 1266 311 1311 miracula
333 1268 478 1312 fiunt?
500 1283 590 1312 non
611 1267 753 1312 solum
775 1269 880 1313 boni
903 1268 1073 1313 faciunt
1095 1277 1137 1312 et
1158 1268 1260 1312 mali
1278 1303 1288 1323 ‚
1314 1269 1390 1312 sed
1412 1266 1490 1312 ali-

101 1337 277 1397 quando
306 1353 396 1382 non
428 1337 595 1382 faciunt
630 1339 752 1383 boni.
784 1341 898 1383 Ecce
927 1340 971 1383 in
999 1349 1146 1384 vetere
1179 1338 1343 1399 populo
1374 1338 1491 1396 Magi

102 1408 338 1453 Pharaonis
359 1408 567 1452 miracula
585 1408 821 1464 faciebant,
847 1409 1052 1454 Israelitae
1073 1426 1165 1454 non
1181 1409 1400 1454 faciebant
1422 1410 1491 1454 :in

103 1477 306 1523 Israelitis
325 1477 440 1522 solus
462 1481 634 1536 Moyses
656 1487 699 1523 et
717 1482 865 1523 Aaron
885 1478 1104 1524 faciebant
1122 1501 1132 1537 3
1158 1480 1303 1525 caeteri
1320 1495 1410 1524 non
1432 1479 1491 1524 fa-

104 1547 279 1592 ciebant
297 1582 308 1603 ‚
334 1547 409 1591 sed
430 1546 640 1593 videbant
658 1583 669 1603 ‚
698 1548 935 1603 timebant,
962 1548 1239 1593 credebant1.
1264 1548 1492 1608 Numquid

104 1616 301 1662 meliores
322 1618 436 1675 Magi
458 1618 694 1662 Pharaonis
717 1617 924 1662 miracula
946 1617 1153 1662 facientes
1169 1653 1180 1674 ‚
1201 1633 1334 1678 quam
1354 1634 1491 1677 popu-

103 1687 172 1731 lus
190 1687 344 1743 Israel,
370 1687 446 1746 qui
469 1687 678 1732 miracula
701 1687 843 1732 facere
866 1703 954 1732 non
982 1687 1180 1743 valebat,
1207 1697 1251 1732 et
1272 1688 1327 1732 ad
1349 1691 1493 1732 Deum

104 1766 252 1802 tamen
279 1756 469 1816 populus
496 1758 773 1817 pertinebat?
805 1761 857 1802 In
884 1758 976 1817 ipsa
991 1758 1184 1803 Ecclesia
1202 1793 1213 1814 ,
1234 1758 1492 1818 Apostolum

107 1827 209 1873 audi
226 1847 235 1872 :
251 1828 503 1887 «Numquid
522 1844 671 1872 omnes
687 1830 948 1888 Prophetae?
969 1830 1187 1889 numquid
1209 1844 1359 1874 omnes
1377 1830 1492 1875 dona

109 1916 130 1940 »
163 1898 330 1943 habent
356 1898 666 1942 curationum?
699 1898 916 1957 numquid
944 1913 1092 1942 omnes
1117 1898 1277 1956 linguis
1297 1899 1492 1960 loquun-

109 1986 131 2010 »
165 1969 297 2013 tur2?
321 1985 342 2010 ›)

168 2040 245 2082 VI.
272 2042 376 2091 Quae
398 2047 462 2082 est
493 2052 596 2098 ergo
631 2038 757 2083 vestis
778 2036 852 2081 illa
884 2036 1120 2097 nuptialis?
1148 2039 1252 2082 Haec
1275 2047 1338 2083 est
1368 2039 1495 2084 vestis

111 2107 316 2168 nuptialis
341 2128 349 2153 :
375 2108 534 2153 «Finis
567 2117 713 2153 autem
740 2109 947 2168 praecepti
976 2118 1062 2164 est,
1094 2109 1329 2168 Apostolus
1357 2110 1492 2165 dicit,

114 2196 136 2220 »
157 2179 341 2224 charitas
363 2178 417 2222 de
435 2178 565 2223 corde
587 2194 712 2238 puro,
735 2187 778 2223 et
795 2179 1057 2223 conscientia
1078 2179 1195 2224 bona
1211 2215 1221 2235 ‚
1244 2189 1286 2224 et
1302 2180 1389 2224 fide
1406 2196 1496 2225 non

116 2268 136 2291 »
158 2250 259 2294 ficta
273 2250 306 2293 3.
322 2268 341 2290 »
370 2252 474 2293 Haec
496 2258 560 2293 est
577 2250 701 2293 vestis
723 2249 943 2309 nuptialis.
969 2252 1066 2295 Non
1085 2266 1375 2311 quaecumque
1392 2251 1495 2296 cha-

114 2321 215 2364 ritas
238 2339 246 2364 :
272 2335 374 2364 nam
403 2319 662 2380 plerumque
685 2319 889 2365 videntur
921 2336 965 2364 se
997 2319 1175 2378 diligere
1197 2321 1327 2365 etiam
1348 2322 1494 2366 homi-

115 2405 192 2434 nes
222 2391 450 2450 participes
476 2389 601 2434 malae
623 2391 913 2436 conscientiae.
941 2391 1027 2445 Qui
1043 2391 1171 2436 simul
1187 2391 1411 2437 latrocinia
1430 2392 1498 2438 fa-

119 2461 268 2517 ciunt,
294 2461 370 2521 qui
401 2460 529 2505 simul
555 2461 788 2517 maleficia,
827 2462 903 2522 qui
925 2461 1054 2507 simul
1075 2462 1302 2508 histriones
1321 2472 1495 2519 amant,

168 2552 175 2569 ¹
194 2546 292 2578 Exod.
320 2557 376 2579 vn.
397 2562 437 2569 —-
456 2553 468 2569 ²
495 2557 507 2578 1
530 2547 599 2579 Cor.
622 2557 676 2588 xn,
695 2556 751 2589 29,
772 2547 821 2579 30.
844 2563 884 2570 —·
907 2545 919 2570 ³
940 2547 1043 2580 1Tim.
1061 2559 1086 2588 1,
1106 2547 1138 2580 5.
