1898 3178
371 196 453 233 270
774 203 808 232 s.
841 204 1073 232 AUGUSTINI
1105 205 1286 233 EPISCOPI

428 273 481 314 V.
507 273 623 329 Ergo
638 285 716 314 nos
738 269 977 314 admonens
997 270 1057 314 ait
1079 289 1088 315 :
1112 289 1133 313 «
1157 273 1255 316 Non
1274 280 1338 316 est
1355 271 1480 315 nobis
1503 271 1753 317 colluctatio

371 359 392 382 »
427 339 630 385 adversus
653 356 827 385 carnem
850 349 893 384 et
915 341 1192 399 sanguinem,
1215 342 1291 386 sed
1313 342 1517 387 adversus
1539 343 1754 403 principes

372 430 392 453 »
417 421 459 456 et
477 420 723 472 potestates.
739 411 911 455 »Possit
932 412 1117 472 quisque
1134 423 1289 473 putare
1310 414 1513 458 adversus
1531 429 1649 472 reges
1667 424 1754 459 ter-

368 499 426 526 rae
442 517 453 538 5
490 482 694 526 adversus
715 491 950 541 potestates
974 482 1137 527 saeculi.
1164 486 1308 537 Quare
1323 519 1334 539 ‚
1365 484 1444 544 ipsi
1470 500 1559 529 non
1581 500 1682 530 caro
1711 495 1756 530 et

367 553 578 612 sanguis?
608 553 751 598 Semel
772 552 938 597 dictum
961 563 1026 598 est
1053 573 1062 599 ε
1096 573 1117 596 «
1144 557 1242 598 Non
1273 553 1478 599 adversus
1505 571 1681 599 carnem
1713 565 1757 600 et

371 643 389 664 »
408 623 710 682 sanguinem.»
723 626 929 668 Avertere
948 624 1004 668 ab
1027 624 1146 669 omni
1166 625 1357 669 homine.
1370 625 1451 677 Qui
1472 640 1577 684 ergo
1594 635 1757 670 restant

366 693 562 738 inimici?
587 713 608 736 «
629 694 847 738 Adversus
867 694 1086 754 principes
1121 703 1165 738 et
1192 703 1426 753 potestates
1448 695 1648 754 spiritalis
1678 711 1757 740 ne-

370 783 390 806 »
425 767 600 827 quitiae,
627 775 814 811 rectores
835 766 1007 810 mundi.
1033 784 1053 807 »
1080 766 1211 819 Quasi
1233 765 1332 825 plus
1352 764 1477 810 dedit
1513 765 1691 811 diabolo
1713 776 1756 812 et

368 837 531 896 angelis
549 838 654 897 ejus.
671 836 774 881 Plus
791 836 929 891 dedit,
947 846 1136 881 rectores
1157 837 1313 880 mundi
1330 835 1578 896 appellavit.
1601 837 1685 882 Sed
1701 853 1757 882 ne

368 907 482 952 male
504 907 743 966 intelligas,
775 908 953 968 exponit
972 907 1081 968 quid
1107 908 1160 951 sit
1181 907 1372 952 mundus
1392 943 1403 963 ‚
1429 909 1550 968 cujus
1570 917 1673 952 sunt
1694 907 1758 952 illi

368 987 574 1023 rectores.
607 998 625 1018 ι(
652 982 858 1023 Rectores
884 977 1067 1033 mundi,
1099 978 1380 1022 tenebrarum
1402 979 1571 1023 harum.
1596 998 1615 1020 »
1643 978 1757 1032 Quid

369 1059 457 1105 est,
478 1050 649 1105 mundi,
670 1049 951 1093 tenebrarum
966 1050 1154 1093 harum?
1170 1050 1337 1103 Quibus
1359 1059 1422 1094 est
1443 1059 1600 1105 rector,
1628 1049 1756 1095 dilec-

368 1121 535 1165 toribus
552 1122 636 1164 suis
659 1129 702 1164 et
722 1119 976 1164 infidelibus
988 1155 999 1175 ‚
1019 1119 1176 1180 plenus
1194 1129 1258 1164 est
1276 1120 1484 1165 mundus.
1512 1124 1598 1165 Has
1617 1124 1759 1181 Apos-

368 1191 482 1236 tolus
509 1190 701 1251 appellat
722 1193 940 1235 tenebras.
968 1194 1135 1235 Harum
1159 1201 1368 1247 rectores,
1394 1190 1595 1236 diabolus
1616 1201 1660 1237 et
1680 1208 1759 1237 an-

368 1261 452 1320 geli
484 1264 590 1323 ejus.
616 1266 694 1307 Hae
713 1262 907 1305 tenebrae
925 1277 1015 1306 non
1037 1261 1257 1306 naturales
1274 1271 1391 1317 sunt,
1407 1277 1495 1306 non
1512 1262 1759 1307 incommu-

367 1332 520 1377 tabiles
550 1342 653 1377 sunt
678 1351 687 1377 z
713 1341 967 1386 mutantur⁷
993 1341 1036 1376 et
1067 1331 1142 1375 lux
1164 1333 1417 1376 efficiuntur
1438 1353 1448 1389 3
1479 1333 1690 1388 credunt,
1716 1342 1761 1378 et

367 1402 584 1449 credendo
606 1403 924 1447 illuminantur.
951 1401 1080 1456 Quod
1101 1418 1203 1446 cum
1229 1403 1274 1446 in
1301 1403 1361 1447 eis
1390 1402 1557 1447 factum
1590 1403 1727 1448 fuerit
1743 1439 1754 1459 ‚

368 1473 547 1518 audient
567 1493 576 1518 ε
601 1493 622 1516 «
642 1473 800 1517 Fuistis
822 1473 940 1517 enim
963 1472 1200 1533 aliquando
1230 1474 1449 1529 tenebrae,
1471 1489 1590 1519 nunc
1612 1484 1756 1519 autem

370 1563 390 1586 »
426 1545 501 1588 lux
522 1546 568 1588 in
590 1544 817 1589 Domin01.
847 1562 866 1584 »
893 1547 1001 1590 Nam
1030 1544 1209 1604 quando
1239 1545 1457 1601 tenebrae,
1488 1561 1577 1590 non
1600 1547 1644 1590 in
1668 1549 1757 1591 Dou

368 1615 516 1660 mino:
542 1616 700 1659 iterum
734 1614 913 1674 quando
940 1613 1036 1670 lux,
1072 1630 1162 1658 non
1191 1614 1235 1658 in
1269 1624 1334 1671 te,
1375 1614 1450 1659 scd
1484 1616 1529 1659 in
1553 1617 1754 1662 Domino.

371 1705 390 1727 «
426 1686 543 1739 Quid
564 1686 677 1729 enim
696 1685 828 1729 habes
845 1684 966 1744 quod
989 1700 1079 1728 non
1101 1686 1302 1744 accepisti
1318 1689 1335 1712 ²
1351 1688 1400 1730 Ρ»
1415 1688 1526 1740 Quia
1541 1702 1645 1747 ergo
1657 1697 1760 1732 sunt

366 1756 601 1801 invisibiles
622 1756 807 1812 inimici,
836 1755 1112 1800 invisibiliter
1141 1766 1243 1801 sunt
1266 1758 1560 1816 expugnandi.
1586 1759 1758 1819 Quippe

366 1828 534 1869 hostem
557 1827 770 1871 visibilem
794 1828 929 1872 vincis
950 1827 1149 1872 feriendo
1170 1847 1178 1873 ε
1212 1827 1470 1872 invisibilem
1495 1829 1630 1873 vincis
1660 1845 1757 1873 cre-

367 1897 527 1941 dendo.
549 1894 738 1939 Visibilis
756 1904 820 1939 est
841 1895 976 1939 hostis
991 1896 1124 1939 honio
1141 1916 1152 1953 3
1169 1895 1336 1939 visibile
1355 1906 1419 1940 est
1436 1905 1479 1940 et
1499 1896 1629 1942 ferire
1653 1918 1662 1943 2
1686 1900 1756 1943 in-

366 1967 545 2012 visibilis
567 1975 632 2010 est
653 1966 786 2010 hostis
808 1966 1033 2023 diabolus3
1061 1965 1278 2010 invisibile
1305 1975 1369 2009 est
1399 1976 1443 2011 et
1464 1969 1656 2013 credere.
1682 1973 1760 2015 Est

367 2054 471 2098 ergo
494 2053 642 2097 pugna
663 2037 892 2081 invisibilis
914 2036 1118 2081 adversus
1135 2036 1371 2082 invisibiles
1393 2038 1605 2100 inimicos.

429 2111 508 2153 VI.
535 2110 603 2154 Ab
631 2109 699 2152 his
729 2108 915 2153 inimicis
937 2107 1161 2168 quomodo
1189 2123 1234 2152 εθ
1255 2117 1400 2153 tutum
1425 2110 1531 2155 dicit
1551 2110 1762 2171 quidam?

371 2183 465 2224 Hoc
493 2180 609 2224 enim
636 2194 853 2238 coeperam
877 2180 1044 2233 dicere,
1069 2188 1112 2222 et
1134 2194 1306 2224 necesse
1327 2180 1464 2225 habui
1487 2180 1542 2225 de
1563 2182 1653 2226 istis
1673 2182 1760 2225 ini-

368 2251 490 2295 micis
513 2250 736 2311 aliquanta
754 2266 854 2294 cum
879 2265 999 2295 mora
1016 2258 1216 2294 tractare.
1239 2253 1334 2295 Jam
1354 2267 1457 2309 ergo
1478 2251 1662 2309 cognitis
1681 2252 1761 2296 ini-

369 2322 491 2365 micis
507 2357 517 2376 ‚
537 2321 764 2365 videamus
789 2321 985 2366 tutelam.
1012 2340 1031 2363 «
1048 2321 1250 2364 Laudans
1272 2321 1486 2365 invocabo
1503 2323 1757 2379 Dominum,

373 2410 394 2433 )›
430 2401 473 2435 et
503 2392 556 2435 ab
587 2391 773 2435 inimicis
806 2392 913 2435 meis
945 2389 1088 2433 salvus
1121 2391 1240 2434 ero3.
1273 2390 1462 2435 »Habes
1497 2391 1605 2451 quid
1641 2408 1755 2452 agas.

371 2460 572 2506 Laudans
606 2462 760 2506 invoca
780 2479 789 2507 2
815 2459 891 2506 sed
914 2459 1148 2505 Dominum
1171 2460 1354 2505 laudans
1373 2461 1541 2508 invoca.
1564 2463 1607 2509 Si
1641 2464 1757 2508 enim

421 2553 428 2569 ¹
450 2546 564 2588 Ephes.
588 2557 619 2587 v,
635 2546 667 2579 8.
690 2563 731 2570 —-
761 2553 772 2568 ²
791 2557 803 2578 1
825 2548 894 2578 Cor.
917 2556 965 2587 iv,
981 2555 1013 2586 7.
1031 2561 1072 2567 —
1100 2541 1113 2567 3
1138 2545 1218 2577 psal.
1239 2545 1371 2588 xv11,4.
