1898 3178
430 216 513 255 354
850 228 881 254 s.
919 227 1149 255 Auoustmu
1182 229 1363 256 Emscom
1860 168 1890 355 'il

425 311 443 333 »
469 291 695 336 obaudivit
715 292 844 335 mihi:
872 310 892 332 »
914 292 997 336 hoc
1019 300 1104 347 est,
1130 307 1219 336 non
1242 291 1458 347 videndo,
1487 292 1566 336 sed
1585 291 1807 338 audiendo
1866 302 1895 346 s.

420 361 712 408 crediderunt.
734 362 838 407 Ideo
857 363 1053 421 gentium
1072 363 1208 422 major
1226 363 1334 407 laus.
1366 361 1435 406 Illi
1453 363 1569 407 enim
1585 362 1805 419 viderunt,

418 442 460 477 et
478 432 753 478 occiderunt:
771 443 919 492 gentes
932 434 1186 490 audierunt,
1199 443 1244 479 et
1263 433 1560 479 crediderunt.
1573 433 1642 478 Ad
1656 443 1806 493 gentes

420 513 564 548 autem
595 503 808 548 vocandas
840 513 884 548 et
914 504 1268 564 congregandas,
1312 513 1362 549 ut
1396 503 1652 564 impleretur
1685 505 1807 565 quod

422 575 552 620 modo
574 575 845 620 cantavimus
870 595 879 620 :
909 595 929 618 «
949 577 1175 636 Congrega
1199 591 1277 620 nos
1298 575 1354 619 de
1378 576 1578 634 gentibus
1596 610 1606 630 ‚
1633 584 1682 620 ut
1703 590 1805 619 con-

421 664 441 686 »
466 647 668 691 fiteamur
688 647 855 691 nomini
876 656 978 703 tuo,
1002 657 1046 692 et
1068 647 1304 706 gloriemur
1320 647 1365 690 in
1385 646 1513 690 laude
1537 655 1612 690 tua
1628 648 1658 702 ¹,
1684 665 1704 688 »
1730 645 1804 690 ille
1860 671 1863 674 *
1892 673 1898 700 :

416 717 577 762 Paulus
596 718 815 778 apostolus
831 719 981 763 missus
1003 723 1105 763 est2.
1123 719 1328 764 Minimus
1343 718 1416 762 ille
1434 717 1572 762 factus
1592 733 1802 776 magnus,

414 805 504 834 non
526 804 602 848 per
623 805 667 834 se
683 825 693 844 ,
716 789 791 833 sed
813 805 889 849 per
904 805 1004 834 eum
1027 805 1156 850 quem
1176 789 1531 850 persequebatur,
1552 789 1702 833 missus
1725 797 1788 833 est

411 859 466 904 ad
489 869 636 918 gentes
651 895 662 915 ,
682 875 733 904 ex
749 860 917 905 latrone
935 869 1104 919 pastor,
1135 875 1185 904 ex
1205 859 1311 920 lupo
1334 861 1438 904 ovis.
1463 861 1617 905 Missus
1646 868 1711 904 est
1736 857 1791 904 ad

411 939 558 988 gentes
582 930 654 975 ille
677 931 907 990 Apostolus
931 931 1178 986 mi11imus³‚
1211 939 1254 975 et
1290 930 1477 975 multum
1511 931 1737 976 laboravit
1757 929 1803 974 in

410 1001 633 1060 gentibus,
654 1011 697 1046 et
719 1017 795 1061 per
813 1017 911 1046 eum
931 1011 1080 1061 gentes
1097 999 1394 1046 crediderunt.
1419 1003 1561 1045 Testes
1579 1010 1682 1045 sunt
1709 1002 1800 1060 ejus

416 1071 639 1131 Epistolae.

466 1145 542 1186 VI.
565 1142 709 1186 Habes
739 1143 822 1187 hoc
844 1153 887 1187 et
911 1143 957 1186 in
979 1143 1221 1202 Evangelio
1246 1143 1527 1187 sacratissime
1545 1143 1793 1201 figuratum.

408 1211 517 1258 Filia
554 1213 888 1272 archisynagogi
918 1213 1124 1273 quaedam
1161 1212 1370 1258 defuncta
1408 1222 1522 1269 erat,
1555 1223 1678 1273 pater
1709 1214 1800 1274 ejus
1842 1246 1847 1256 .

409 1284 588 1343 rogabat
609 1284 844 1328 Dominum
863 1319 874 1339 ‚
906 1293 955 1329 ut
978 1285 1061 1328 iret
1083 1283 1138 1328 ad
1161 1299 1257 1328 eam
1282 1299 1290 1326 ε
1316 1300 1475 1343 aegram
1500 1284 1734 1345 reliquerat
1757 1293 1800 1328 et

408 1355 454 1398 in
476 1354 667 1414 periculo
691 1355 988 1399 constitutam.
1028 1355 1127 1399 Ibat
1155 1356 1366 1400 Dominus
1389 1355 1443 1399 ad
1475 1356 1734 1400 visitandam
1757 1364 1800 1399 et
1864 1374 1866 1389 ι

409 1424 646 1469 sanandam
661 1440 820 1484 aegram
841 1446 851 1483 3
874 1426 1038 1469 interea
1056 1435 1227 1470 mortua
1247 1426 1445 1469 nuntiata
1467 1435 1547 1481 cst,
1567 1435 1610 1470 et
1630 1426 1806 1470 dictum.
1890 1479 1894 1488 ι

405 1503 469 1539 cst
485 1496 621 1540 Patri:
643 1514 662 1537 «
676 1494 826 1539 Puella
838 1505 1010 1539 mortua
1025 1506 1104 1551 est,
1122 1494 1209 1540 noli
1221 1496 1311 1555 jam
1330 1496 1792 1554 vexareMagistrum.»
1840 1522 1843 1528 >
1860 1508 1862 1517 ’
1893 1530 1898 1559 5

408 1566 617 1609 Dominus
640 1576 787 1610 autem
820 1569 896 1626 qui
930 1567 1095 1610 sciebat
1126 1581 1170 1609 se
1192 1581 1316 1625 posse
1342 1575 1536 1610 mortuos
1566 1567 1809 1628 suscitare„

404 1651 495 1680 non
522 1635 697 1680 abstulit
731 1651 850 1695 spem
874 1636 1103 1695 desperato
1120 1671 1131 1691 ‚
1158 1645 1201 1680 et
1233 1637 1292 1680 ait
1324 1637 1434 1695 patri
1461 1656 1470 1682 :
1495 1636 1594 1682 Noli
1618 1637 1792 1692 timere,
1862 1670 1865 1674 -

404 1714 577 1750 tantum
592 1706 734 1750 crede.
762 1707 974 1766 Pergebat
991 1706 1048 1751 ad
1060 1706 1252 1767 puellam
1275 1716 1431 1768 :atque
1447 1708 1493 1751 in
1510 1708 1662 1752 itinere
1683 1709 1798 1767 inter
1868 1729 1871 1733 ·
1897 1758 1898 1768 ¹

405 1777 580 1832 turbas,
611 1777 834 1837 quomodo
859 1779 1025 1837 potuit,
1052 1778 1288 1822 coarctavit
1316 1793 1360 1822 se
1390 1778 1589 1838 quaedam
1615 1778 1802 1834 mulier,
1865 1835 1869 1843 b

404 1863 503 1906 quae
515 1848 682 1892 fluxum
694 1849 914 1907 sanguinis
927 1849 1191 1908 patiebatur,
1206 1859 1250 1892 et
1265 1848 1478 1893 diuturno
1495 1849 1570 1893 illo
1583 1850 1795 1909 languore
1852 1853 1853 1857 ’
1892 1840 1898 1863 ³

404 1919 450 1962 in
471 1920 661 1964 medicos
676 1918 832 1964 frustra
851 1920 994 1964 omnia
1009 1936 1109 1980 quae
1124 1920 1318 1964 habebat
1338 1920 1614 1979 impenderat
1633 1941 1642 1966 ε
1666 1940 1688 1964 «
1708 1921 1801 1976 Ubi..
1848 1922 1849 1925 ¹

410 2009 430 2031 »
456 1991 673 2035 fimbriam
695 1991 939 2035 vestimenti
965 1992 1055 2051 ejus
1077 1990 1220 2050 tetigit
1235 2025 1246 2046 ‚
1267 2006 1369 2036 sana
1389 1991 1501 2036 facta
1525 2001 1604 2036 est.
1630 1995 1688 2037 Et
1703 1981 1799 2057 Dog'
1828 2023 1833 2031 -
1862 2016 1865 2021 ·

408 2080 428 2102 »
455 2061 624 2117 minus,
660 2061 764 2114 Quis
795 2077 865 2106 me
894 2061 1098 2120 tetigit4P
1123 2080 1142 2102 »
1179 2061 1453 2106 Admirantes
1479 2063 1688 2122 Discipuli
1715 2062 1791 2123 qui

407 2132 660 2176 nesciebant
675 2131 784 2191 quid
806 2141 916 2176 esset
944 2133 1139 2187 tactum,
1172 2140 1215 2175 et
1235 2131 1445 2177 videbant
1472 2148 1573 2177 eum
1600 2149 1624 2177 a
1654 2132 1794 2195 turbis

406 2203 658 2262 comprimi,
685 2212 728 2247 et
755 2201 810 2246 de
840 2218 928 2247 una
949 2218 1049 2262 quae
1071 2201 1225 2246 leviter
1249 2203 1448 2261 tetigerat
1477 2202 1608 2248 fuisse
1630 2203 1791 2248 sollici-

410 2363 430 2385 »
456 2346 625 2404 tetigit?
640 2347 696 2389 Et
717 2344 790 2388 ille
808 2360 816 2385 :
839 2344 995 2402 Tetigit
1009 2359 1078 2389 me
1095 2344 1291 2405 aliquis-⁵.
1313 2363 1333 2386 n
1353 2347 1463 2390 Nam
1479 2345 1548 2389 isti
1566 2353 1789 2405 premuntf
1861 2318 1898 2354 Ἦ(

1841 2398 1861 2417 ω
1872 2380 1896 2440 53

410 2414 483 2460 illa
510 2416 663 2475 tetigit.
700 2417 868 2475 Corpus
893 2430 996 2474 ergo
1018 2415 1177 2460 Christi
1205 2415 1333 2461 multi
1361 2415 1539 2462 moleste
1561 2425 1786 2477 premunt„
1840 2447 1887 2496 ΜΒ

478 2520 487 2534 ¹
509 2513 586 2546 Psal.
607 2524 656 2552 cv,
677 2513 732 2556 45.
762 2530 790 2536 -
812 2520 825 2536 ²
843 2512 949 2545 Florus
967 2513 1008 2545 ad
1034 2524 1047 2545 1
1067 2515 1139 2547 Cor.
1154 2525 1175 2545 1.
1199 2530 1239 2536 —-
1260 2511 1274 2536 3
1295 2515 1413 2547 Act.1x
1427 2539 1436 2556 ‚
1460 2514 1511 2547 15.
1534 2532 1574 2538 —
1593 2515 1608 2542 4
1630 2517 1707 2548 Luc.
1727 2521 1789 2556 vm,

416 2567 534 2610 ,ξι-45.
555 2586 597 2592 -
613 2567 628 2592 5
647 2569 725 2601 Vide
742 2581 835 2612 supra
855 2571 955 2602 Serm.
972 2580 1046 2610 mm,
1069 2581 1098 2601 n.
1122 2570 1152 2602 5.
