1898 3178
72 277 94 301 »
127 259 260 304 modo
299 260 353 304 sit
383 261 552 320 justum
566 293 578 314 ,
616 259 788 317 suscepi
832 274 1106 319 cognoscere,
1149 266 1192 302 et
1226 258 1350 302 labor
1380 265 1445 301 est

2 359 13 374 .=
71 347 93 371 »
127 339 227 374 ante
240 344 325 373 me.
351 347 373 371 »

125 401 329 452 VILQuo
347 413 486 459 usque
497 398 650 442 labor?
671 416 691 440 «
707 400 855 442 Donec
867 398 1079 443 introeam
1091 399 1137 442 in
1151 397 1445 442 sanctuarium

70 485 91 509 »
125 468 223 522 Dei,
243 477 286 512 et
302 467 540 527 intelligam
556 468 602 511 in
616 467 886 513 novissima1.
897 485 917 509 »
929 470 1047 512 Intra
1062 483 1164 527 ergo
1176 467 1222 511 in
1239 476 1444 512 sanctua-

64 537 176 581 rium
186 538 278 593 Dei,
289 539 432 583 anima
444 538 598 590 fidelis;
612 536 724 583 intra
734 537 780 581 in
794 539 1087 584 sanctuarium
1099 539 1190 593 Dei,
1204 538 1422 597 animapia
1431 572 1442 591 ,

67 608 137 652 cui
150 624 240 654 non
251 609 570 670 displicetDeus
580 610 626 654 in
637 608 761 654 malis
779 610 880 665 tuis,
892 618 935 653 et
952 610 998 652 in
1008 608 1135 653 bonis
1148 609 1362 654 malorum
1377 609 1448 653 cui

66 692 156 723 non
191 678 388 738 displicet
410 683 538 724 Deus.
565 682 622 723 Et
645 680 680 722 si
715 680 851 724 neseis
883 695 968 739 qua
997 678 1163 722 ratione
1191 680 1267 723 fiat
1286 714 1296 733 ,
1322 677 1450 723 crede

66 763 157 792 non
177 749 333 808 injuste
369 749 462 793 fieri
495 748 616 809 quod
636 749 738 793 sinit
767 758 843 793 aut
869 749 972 792 facit
992 751 1122 792 Deus.
1149 751 1350 793 Humana
1379 764 1451 792 ra-

67 818 184 862 tione
200 817 426 863 ducebaris
441 854 452 874 ,
479 818 625 864 divina
642 819 901 864 auctoritate
923 834 1146 874 revocare,
1168 829 1211 863 et
1232 819 1359 864 crede
1374 818 1453 863 ali-

64 888 172 948 quid
191 889 252 933 ibi
268 904 357 934 esse
377 889 498 950 quod
520 898 562 934 te
583 890 704 935 latet.
732 893 842 936 Nam
869 893 1009 934 Deum
1027 905 1280 949 perversum
1303 899 1347 935 et
1365 890 1451 934 ini-

14 978 17 981 ·
67 974 204 1020 quum
223 975 310 1004 esse
331 976 420 1005 non
443 975 587 1020 posse,
612 960 699 1005 fide
721 961 956 1005 certissima
984 960 1253 1006 credendum
1277 971 1355 1006 est.
1386 961 1453 1006 Sic

65 1031 229 1073 intrans
250 1030 337 1074 fide
358 1030 404 1074 in
426 1031 721 1075 sanctuarium
743 1031 846 1085 Dei,
867 1031 1032 1075 intrans
1054 1031 1273 1076 credendo
1289 1067 1299 1087 ,
1327 1031 1453 1076 discis

66 1098 366 1157 intelligendo.
391 1100 459 1145 Sic
480 1100 593 1144 enim
616 1102 675 1144 ait
702 1120 710 1145 ;
741 1120 760 1143 «
782 1104 929 1145 Donec
946 1102 1156 1145 introeam
1181 1102 1227 1145 in
1248 1111 1452 1146 sanctua-

69 1185 90 1210 »
125 1169 238 1212 rium
262 1170 366 1223 Dei,
395 1187 416 1210 »
439 1185 528 1230 quo
545 1171 677 1214 intrat
700 1169 806 1213 fides
830 1190 838 1214 :
859 1179 902 1214 et
924 1180 1021 1229 post
1042 1171 1174 1215 fidem
1190 1170 1327 1230 quid?
1353 1190 1372 1212 «
1398 1174 1454 1216 Et

20 1259 21 1262 ¹
68 1256 89 1280 »
123 1237 361 1296 intelligam
385 1239 430 1282 in
452 1240 700 1283 novissima.
729 1258 749 1280 »
776 1240 965 1283 Venient
986 1241 1215 1285 novissima
1233 1276 1244 1296 ,
1275 1241 1453 1301 quando

66 1306 178 1351 nulli
199 1308 318 1352 bono
351 1308 431 1352 erit
449 1308 587 1363 male,
614 1307 724 1352 nulli
745 1308 860 1352 malo
883 1309 965 1353 erit
989 1309 1115 1353 bene.
1145 1311 1332 1354 Venient
1348 1346 1359 1366 ,
1383 1312 1455 1355 in-

25 1365 30 1416 l
68 1394 198 1439 quam
213 1414 224 1434 ,
264 1379 493 1424 novissima
508 1415 519 1434 ,
555 1380 733 1440 quando
767 1379 1067 1424 discernentur
1095 1381 1155 1439 pii
1192 1381 1247 1424 ab
1281 1382 1423 1441 impiis
1440 1417 1452 1438 ,

60 1451 166 1509 justi
191 1450 246 1493 ab
267 1450 454 1510 injustis,
475 1450 723 1494 laudatores
746 1450 824 1494 Dei
841 1465 866 1493 a
886 1450 1310 1509 blasphematoribus
1332 1455 1410 1496 Dei
1442 1472 1451 1497 :

24 1537 25 1542 ¹
66 1519 242 1564 venient
264 1519 441 1579 quando
463 1518 787 1574 discernentur,
807 1528 858 1563 ut
875 1519 1011 1574 nulli,
1039 1520 1151 1565 sicut
1179 1520 1343 1565 dictum
1364 1531 1453 1577 est,

66 1589 185 1634 bono
202 1589 255 1633 sit
268 1589 405 1643 male,
427 1589 537 1633 nulli
558 1588 673 1634 malo
690 1590 743 1633 sit
764 1589 890 1633 bene.
912 1592 1055 1642 Quare
1082 1605 1185 1649 ergo
1210 1591 1341 1636 modo
1362 1607 1454 1636 non

22 1691 26 1700 .
67 1660 156 1704 sic?
186 1663 317 1704 Forte
353 1668 397 1704 et
417 1659 550 1704 modo
573 1660 632 1717 sic
660 1678 668 1704 :
696 1658 771 1703 sed
799 1658 920 1719 quod
953 1674 1071 1703 nunc
1100 1670 1165 1704 est
1187 1661 1231 1704 in
1254 1661 1450 1718 occulto,

26 1726 29 1768 ἰ
66 1739 167 1789 post
185 1730 266 1773 erit
283 1730 327 1773 in
344 1728 591 1773 manifesto.

127 1802 249 1843 VIII.
271 1798 503 1857 Ingredere
521 1814 715 1853 mecum,
740 1799 774 1843 si
793 1808 916 1858 potes
933 1833 944 1852 ,
965 1799 1010 1842 in
1032 1800 1326 1844 sanctuarium
1345 1803 1420 1846 Dei
1440 1822 1450 1847 2

28 1903 29 1907 ,
68 1868 180 1913 forte
201 1869 284 1923 ibi,
309 1870 342 1913 si
360 1884 533 1928 possum
553 1904 564 1924 ,
589 1868 757 1913 docebo
786 1878 827 1912 te
852 1887 860 1912 ε
886 1868 974 1912 imo
996 1868 1111 1912 disce
1133 1884 1306 1914 mecum
1325 1871 1380 1915 ab
1403 1888 1455 1917 eo

69 1939 144 1999 qui
168 1938 296 1983 docet
313 1954 404 1994 me,
425 1940 557 1983 etiam
578 1954 696 1982 nunc
712 1937 835 1982 malis
858 1953 947 1981 non
965 1953 1054 1981 esse
1076 1938 1210 1994 bene,
1236 1949 1279 1983 et
1301 1940 1454 1987 melius

29 2048 31 2050 .
69 2025 158 2055 esse
174 2010 300 2055 bonis
315 2026 446 2070 quam
463 2009 608 2068 mali53
626 2010 820 2070 quamvis
837 2009 1035 2053 nondum
1050 2011 1216 2054 venerit
1233 2011 1455 2058 bonorum·

69 2081 198 2141 plena
215 2080 417 2136 felicitas,
438 2081 725 2141 nondumque
740 2081 908 2125 venerit
925 2080 1140 2125 malorum
1158 2097 1287 2140 poena
1305 2085 1452 2129 novis-

30 2155 34 2189 ἐ
71 2152 191 2196 sima.
216 2154 347 2196 Forte
369 2151 581 2210 intelliges
598 2166 793 2204 mecum,
812 2167 900 2195 non
922 2166 1012 2195 esse
1032 2152 1144 2195 bene
1164 2153 1301 2197 malis.
1328 2157 1451 2214 Rogo

72 2221 188 2265 enim
212 2230 277 2276 te,
310 2230 353 2264 et
374 2237 524 2281 quaero
551 2221 627 2265 abs
650 2230 716 2265 te:
735 2221 831 2264 Tibi
845 2235 979 2280 quare
1001 2221 1113 2264 male
1135 2223 1229 2265 est?
1251 2225 1451 2282 Respon-

33 2328 35 2333 .
72 2305 195 2334 surus
212 2306 282 2334 es:
302 2293 480 2349 Egestas
498 2291 640 2348 angit,
665 2290 822 2349 premit
838 2290 1072 2335 difficultas
1086 2324 1098 2345 ‚
1123 2290 1248 2335 dolor
1270 2292 1449 2341 fortasse

73 2360 370 2404 membrorum
385 2395 396 2414 ,
421 2361 550 2404 timor
572 2361 626 2404 ab
647 2360 838 2404 inimico.
867 2360 963 2404 Tibi
984 2359 1082 2404 ideo
1105 2359 1218 2404 male
1239 2371 1322 2418 est,
1348 2368 1451 2425 quia

77 2430 234 2489 pateris
250 2429 385 2487 mala,
410 2439 454 2475 et
475 2431 585 2475 bene
607 2440 667 2475 est
689 2431 764 2485 illi,
785 2431 860 2490 qui
877 2440 941 2475 est
959 2431 1099 2488 ipsum
1122 2429 1321 2478 malum?
1342 2437 1452 2482 Mul-

125 2517 132 2535 ¹
152 2513 232 2547 Psal.
247 2524 346 2554 mxu,
364 2525 414 2556 ¹7·

235 2576 370 2607 CXXV.
1241 2569 1264 2605 6

0 0 13 354 l}
332 195 470 222 5ΕῆΜο
504 194 666 231 vaiu,
702 196 754 220 DE
789 194 933 221 VERBIS
964 195 1157 222 MicflAEAE.
1389 183 1435 219 81

0 352 3 367 π

8 377 15 503 ἑ

0 489 3 533 f
