1898 3178
427 222 510 262 214
863 231 896 259 s.
933 231 1163 260 Auensnm
1194 232 1377 261 Emscopr

427 318 448 342 »
485 314 592 344 num
609 299 664 343 da
685 297 810 342 nobis
824 295 1019 341 hodie1.»
1042 297 1139 342 Sive
1153 297 1464 342 exhibitionem
1481 298 1651 357 corpori
1667 312 1810 343 neces-

427 370 582 415 sariam
604 377 800 428 petamus
823 381 846 410 a
868 369 995 410 Patre
1011 401 1022 422 ,
1056 367 1103 411 in
1133 383 1246 426 pane
1275 367 1563 426 significantes
1592 367 1810 428 quidquid

427 441 555 486 nobis
572 448 634 483 est
655 437 942 482 necessarium
956 473 967 493 ‚
993 438 1080 483 sive
1096 437 1400 499 quotidianum
1415 454 1573 498 panem
1593 437 1718 483 illum
1739 439 1810 482 in-

426 511 694 569 telligamus,
721 523 852 569 quem
885 509 1104 568 accepturi
1126 510 1223 553 estis
1245 508 1299 553 de
1317 508 1462 563 altari,
1491 510 1602 553 bene
1624 510 1810 568 petimus

427 591 478 625 ut
499 581 573 624 det
594 579 719 624 nobis
742 594 857 623 eum.
887 579 1000 632 Quid
1022 588 1086 624 est
1106 579 1221 624 enim
1243 579 1360 639 quod
1395 594 1567 624 oramus
1583 614 1594 634 ‚
1638 580 1721 623 nisi
1756 595 1811 626 ne

424 650 526 695 mali
548 650 714 711 aliquid
731 649 1027 706 admittamus,
1051 649 1170 694 unde
1189 665 1213 694 a
1229 649 1304 694 tali
1326 665 1440 709 pane
1460 651 1739 709 separemur?
1755 653 1812 695 Et

424 722 611 768 verbum
646 722 725 767 Dei
754 720 874 782 quod
905 721 1103 782 quotidie
1123 720 1412 781 praedicatur,
1441 722 1564 781 panis
1602 730 1681 766 est.
1714 724 1812 768 Non

427 794 544 838 enim
560 794 662 853 quia
684 809 774 837 non
795 801 860 838 est
875 793 997 853 panis
1013 792 1173 837 ventris
1185 827 1196 847 ,
1221 791 1320 836 ideo
1338 807 1427 836 non
1444 801 1507 837 est
1529 792 1650 852 panis
1679 807 1808 836 men-

424 865 493 909 tis.
518 865 631 909 Cum
652 873 797 908 autem
819 863 908 907 vita
924 863 1004 907 ista
1025 862 1258 918 transierit,
1274 878 1356 906 nec
1373 877 1532 922 panem
1545 861 1671 906 illum
1688 877 1813 923 quae-

427 950 572 980 remus
593 950 725 996 quem
746 934 905 995 quaerit
926 934 1085 992 fames3
1112 949 1193 979 nec
1216 943 1534 978 sacramentum
1565 934 1708 978 altaris
1728 934 1811 978 ha-

425 1007 581 1052 bemus
603 1006 792 1066 accipere
807 1041 817 1061 ‚
843 1006 945 1066 quia
965 1005 1029 1050 ibi
1052 1006 1211 1050 erimus
1229 1021 1329 1050 cum
1353 1005 1526 1051 Christo
1541 1041 1552 1063 ‚
1577 1006 1700 1066 cujus
1718 1020 1814 1050 cor-

424 1093 510 1139 pus
529 1078 788 1137 accipimus3
814 1092 895 1122 nec
915 1077 1049 1123 verba
1070 1077 1196 1122 nobis
1213 1077 1294 1122 ista
1311 1076 1397 1121 dici
1415 1076 1602 1132 habent,
1627 1092 1727 1138 quae
1747 1077 1815 1121 di-

427 1148 567 1192 cimus
605 1147 751 1203 vobis,
784 1162 865 1192 nec
897 1147 1034 1193 codex
1064 1147 1277 1207 legendus
1317 1156 1405 1203 est,
1449 1146 1628 1208 quando
1671 1147 1815 1207 ipsum

425 1217 670 1264 videbimus
707 1216 829 1278 quod
862 1227 926 1262 est
947 1216 1143 1262 Verbum
1165 1218 1243 1262 Dei
1260 1252 1272 1273 ⁷
1307 1233 1385 1276 per
1418 1217 1540 1278 quod
1571 1217 1687 1262 facta
1714 1227 1817 1262 sunt

426 1290 572 1336 omnia
589 1324 600 1345 ‚
624 1304 714 1349 quo
735 1297 975 1348 pascuntur
995 1288 1174 1348 Angeli,
1200 1303 1289 1349 quo
1309 1288 1616 1332 illuminantur
1633 1287 1812 1347 Angeli,

426 1375 516 1421 quo
539 1360 751 1420 sapientes
772 1359 886 1403 fiunt
907 1357 1062 1417 Angeli
1076 1393 1087 1414 ‚
1104 1374 1195 1403 non
1211 1367 1456 1419 quaerentes
1472 1358 1605 1403 verba
1626 1357 1815 1403 locutio-

424 1432 491 1476 nis
513 1429 821 1487 anfractuosae3
841 1428 917 1474 sed
930 1429 1131 1474 bibentes
1148 1429 1329 1474 unicum
1345 1429 1541 1472 Verbum
1558 1463 1570 1484 ,
1595 1428 1714 1473 unde
1735 1430 1817 1473 im-

425 1501 533 1562 pleti
555 1509 761 1545 ructuant
776 1499 948 1555 laudes,
967 1509 1010 1544 et
1026 1515 1117 1544 non
1137 1499 1348 1544 deficiunt
1363 1500 1410 1543 in
1423 1498 1643 1544 laudibus.
1666 1501 1817 1545 «Beati

430 1591 453 1614 ³»
488 1572 604 1616 enim
618 1606 629 1626 ‚
650 1571 710 1615 ait
730 1570 927 1615 Psalmus
942 1605 953 1626 ‚
978 1571 1055 1631 qui
1076 1570 1280 1615 habitant
1299 1571 1346 1615 in
1367 1569 1499 1616 domo
1523 1579 1598 1616 tua
1616 1606 1627 1626 ‚
1659 1572 1705 1615 in
1735 1587 1817 1615 sae-

431 1660 454 1685 »
489 1642 587 1687 cula
603 1640 865 1686 saeculorum
885 1639 1134 1685 laudabunt
1154 1642 1240 1685 te2.
1262 1659 1282 1683 »

488 1715 590 1758 VII.
610 1715 728 1772 Ergo
749 1712 794 1756 in
815 1712 898 1757 hac
914 1712 1001 1757 vita
1016 1712 1204 1772 petimus
1227 1713 1349 1772 quod
1369 1712 1589 1773 sequitur:
1609 1712 1819 1758 «Dimitte

433 1803 456 1828 »
490 1785 616 1830 nobis
637 1784 785 1829 debita
807 1794 970 1840 nostra,
987 1784 1099 1829 sicut
1116 1793 1159 1829 et
1175 1799 1255 1829 nos
1272 1783 1532 1829 dimittimus
1545 1783 1819 1829 debitoribus

434 1876 454 1899 »
490 1856 690 1901 nostrisss.
719 1875 739 1898 »
772 1858 825 1900 In
841 1856 1057 1916 baptismo
1079 1856 1226 1900 omnia
1254 1855 1422 1909 debita,
1448 1854 1494 1899 id
1516 1863 1602 1910 est,
1643 1863 1820 1914 peccata

431 1943 605 1988 prorsus
628 1927 910 1971 dimittuntur
927 1926 1069 1971 nobis,
1097 1924 1182 1970 Sed
1211 1925 1314 1985 quia
1335 1939 1466 1969 nemo
1486 1924 1558 1969 hic
1591 1934 1733 1984 potest
1753 1925 1820 1971 vi-

432 2013 532 2043 vere
556 1998 647 2042 sine
672 2005 940 2058 peccat02et
961 1996 995 2040 si
1017 2011 1107 2041 non
1129 2010 1288 2054 magno
1307 1995 1488 2039 crimine
1509 1993 1628 2039 unde
1649 2010 1822 2055 separe-

432 2077 506 2113 tur
529 2067 584 2112 ab
606 2066 683 2112 ilio
706 2081 816 2126 pane
831 2101 842 2122 ‚
869 2075 1016 2110 tamen
1031 2080 1162 2110 nemo
1183 2073 1326 2125 potest
1346 2065 1436 2109 sine
1458 2065 1645 2126 peccatis
1662 2081 1752 2110 esse
1773 2066 1820 2110 in

433 2141 514 2185 hac
536 2149 665 2194 terra,
683 2146 827 2182 etnon
839 2152 1067 2197 possumus
1082 2136 1279 2196 accipere
1299 2136 1382 2180 nisi
1398 2152 1539 2181 unum
1556 2137 1821 2197 baptismum

434 2210 589 2268 semel3
613 2210 658 2252 in
679 2208 885 2253 Oratione
902 2207 1136 2267 accipimus
1152 2243 1163 2262 ‚
1185 2207 1304 2250 unde
1328 2208 1524 2267 quotidie
1544 2207 1755 2263 lavemur,
1771 2217 1826 2252 ut

435 2281 560 2326 nobis
578 2288 755 2340 peccata
773 2287 920 2324 nostra
933 2276 1128 2338 quotidie
1142 2277 1422 2322 dimittantur
1440 2298 1449 2323 ι
1470 2278 1546 2322 sed
1559 2278 1593 2323 si
1610 2276 1819 2324 faciamus
1834 2270 1839 2275 ⁸

437 2351 556 2410 quod
576 2352 795 2411 sequitur:
821 2369 841 2393 «
855 2350 973 2395 Sicut
985 2358 1028 2393 et
1049 2363 1126 2393 nos
1148 2348 1407 2392 dimittimus
1424 2348 1697 2393 debitoribus
1714 2351 1823 2394 nos-'

440 2439 461 2462 ³>
497 2421 620 2464 tris.»
647 2425 823 2482 Itaque,
849 2419 1001 2465 fratres
1021 2420 1130 2474 mei,
1154 2434 1313 2464 moneo
1333 2435 1429 2475 vos,
1449 2419 1496 2463 in
1508 2421 1587 2463 Dei
1610 2420 1744 2479 gratia
1763 2420 1817 2463 fi-

438 2489 514 2535 lios
536 2506 653 2535 meos
669 2527 679 2546 ‚
705 2502 747 2535 et
769 2491 850 2536 sub
872 2489 947 2534 illo
970 2492 1096 2534 Patre
1113 2488 1264 2534 fratres
1286 2504 1420 2544 meos,
1446 2504 1603 2534 moneo
1625 2505 1700 2534 vos
1717 2525 1727 2545 ,
1768 2498 1818 2534 ut

489 2583 496 2597 ¹
517 2575 628 2606 March,
647 2587 689 2615 vi,
711 2587 760 2607 11.
782 2594 822 2598 —
843 2583 855 2598 2
871 2574 1148 2610 Psali1„(x‹1*1,5.
1176 2592 1215 2596 ——
1233 2573 1344 2605 ³1biyl.
1378 2583 1426 2605 ι’).
