1898 3178
410 236 547 263 SERMO
579 235 705 273 mxl,
741 237 794 262 DE
828 237 970 263 inzffls
1002 237 1166 263 MATTH.
1203 237 1280 262 xri.
1436 226 1512 263 301

141 299 405 343 differamus.
431 299 593 353 Nostis,
624 299 885 353 charissimi,
917 300 962 343 in
984 299 1058 343 illa
1077 298 1283 343 invisibili
1314 307 1357 342 et
1378 299 1520 343 incor-

139 368 336 428 ruptibili
359 368 567 412 Trinitate
587 402 598 422 ,
624 383 757 427 quam
779 368 886 412 fides
909 378 1055 413 nostra
1077 378 1120 412 et
1142 368 1354 413 catholica
1369 369 1521 413 Eccle-

141 439 202 483 sia
236 448 353 483 tenet
382 448 425 483 et
445 437 653 497 praedicat
668 473 678 492 ,
705 441 843 482 Deum
866 442 1036 483 Patrem
1058 455 1149 484 non
1183 440 1364 499 Spiritus
1385 441 1519 483 sancti

141 512 312 553 Patrem
347 523 437 553 esse
453 543 466 564 ,
489 508 564 553 sed
598 508 696 553 Filii
715 530 726 566 3
761 517 804 552 et
834 511 974 553 Deum
1012 509 1174 553 Filium
1211 525 1301 554 non
1339 509 1520 569 Spiritus

137 579 275 622 sancti
308 577 467 622 Filium
500 594 615 635 esse,
654 580 731 623 sed
766 579 928 636 Patris3
953 583 1097 623 Deum
1130 588 1275 624 autem
1314 579 1518 638 Spiritum

137 658 335 694 sanctum
358 665 447 694 non
468 650 598 694 solius
621 649 786 705 Patris,
814 659 889 694 aut
908 649 1040 694 solius
1057 665 1147 694 esse
1170 649 1268 694 Filii
1293 650 1516 709 Spiritum,

136 719 212 764 sed
233 719 370 764 Patris
392 729 434 764 et
456 720 570 764 Filii.
609 723 666 764 Et
686 721 800 765 hanc
825 721 1081 764 Trinitatem
1097 756 1107 774 ‚
1134 721 1329 780 quamvis
1356 730 1522 765 servata

135 790 404 848 singularum
425 792 690 851 proprietate
708 800 751 835 et
772 791 1011 836 substantia
1034 807 1315 851 personarum
1335 826 1346 847 ‚
1375 801 1520 836 tamen

134 869 312 920 propter
342 860 480 920 ipsam
504 861 774 906 individuam
796 871 839 906 et
873 861 1203 921 inseparabilem
1240 862 1490 905 aeternitatis
1506 897 1516 915 ,

134 931 324 976 veritatis
343 967 354 985 ,
376 932 581 977 bonitatis
603 934 832 977 essentiam
850 932 917 977 vel
946 942 1147 976 naturam
1169 967 1180 987 ,
1212 947 1302 976 non
1324 947 1413 976 esse
1437 941 1519 975 tres

135 1000 238 1046 deos
257 1036 269 1056 ,
293 1001 368 1045 sed
405 1018 544 1046 unum
582 1006 736 1046 Deum.
763 1006 826 1048 Ac
847 1018 924 1062 per
961 1003 1045 1047 hoc
1074 1018 1153 1062 pro
1181 1011 1312 1063 captu
1346 1012 1515 1056 nostro,

133 1081 350 1131 quantum
371 1073 450 1117 ista
473 1088 549 1132 per
589 1072 817 1132 speculum
855 1083 899 1117 et
921 1075 965 1117 in
1003 1073 1229 1131 aenigmate
1246 1109 1256 1128 ,
1283 1074 1518 1133 praesertim

133 1141 318 1197 talibus,
341 1142 489 1202 quales
513 1143 657 1188 adhuc
678 1159 843 1199 sumus,
868 1143 1015 1188 videre
1038 1142 1308 1198 conceditur,
1323 1144 1517 1188 insinua-

136 1220 207 1256 tur
229 1213 354 1256 nobis
377 1213 422 1256 in
446 1216 570 1257 Patre
588 1214 843 1268 auctoritas,
864 1214 909 1257 in
928 1213 1038 1258 Filio
1055 1215 1270 1269 nativitas,
1291 1215 1336 1258 in
1356 1214 1516 1273 Spiritu

137 1292 286 1327 sancto
310 1284 444 1327 Patris
467 1287 498 1326 F
505 1283 652 1343 iliique
675 1286 984 1338 communitas,
1015 1286 1059 1328 in
1090 1285 1229 1329 tribus
1251 1285 1514 1345 aequalitas¹.

133 1354 262 1406 Quod
271 1369 372 1412 ergo
384 1369 616 1398 commune
628 1355 808 1398 estPatri
823 1364 865 1398 et
877 1355 1004 1410 Filio,
1017 1371 1092 1414 per
1104 1356 1186 1399 hoc
1199 1372 1275 1400 nos
1284 1355 1518 1400 voluerunt

132 1424 294 1467 habere
316 1425 671 1469 communionem
689 1434 731 1468 et
752 1426 863 1469 inter
885 1441 963 1470 nos
986 1435 1029 1469 et
1049 1441 1195 1470 secum
1209 1462 1219 1480 ,
1245 1435 1288 1470 et
1311 1442 1386 1485 per
1407 1425 1517 1470 illud

134 1493 300 1538 donum
323 1511 401 1539 nos
423 1494 627 1553 colligere
648 1496 694 1539 in
717 1512 854 1540 unum
877 1497 997 1556 quod
1018 1498 1147 1541 ambo
1171 1497 1332 1541 habent
1360 1513 1514 1551 unum,

133 1564 217 1609 hoc
241 1575 303 1610 est
320 1601 330 1621 ,
356 1581 432 1625 per
462 1566 669 1625 Spiritum
708 1576 907 1610 sanctum
931 1571 1069 1611 Deum
1091 1576 1135 1612 et
1158 1568 1322 1611 donum
1347 1568 1439 1611 Dei.
1469 1571 1519 1611 In

134 1635 217 1680 hoc
232 1637 348 1680 enim
366 1635 694 1681 reconciliamur
706 1637 943 1691 Divinitati‚
960 1653 1096 1697 eaque
1110 1637 1393 1682 delectamur.
1410 1640 1516 1682 Nam

135 1706 243 1766 quid
271 1707 398 1750 nobis
419 1706 595 1766 prodest
631 1706 849 1767 quidquid
868 1707 972 1751 boni
1009 1723 1256 1762 nossemus,
1285 1707 1366 1751 nisi
1389 1709 1518 1751 0113111

136 1777 448 1837 diligeremus?
473 1778 591 1822 Sicut
609 1786 754 1821 autem
772 1778 952 1822 veritate
974 1777 1178 1822 discimus
1195 1813 1205 1833 ‚
1229 1779 1287 1822 ita
1309 1779 1519 1823 charitate

136 1849 378 1908 diligimus,
412 1857 461 1910 111
494 1859 537 1893 01
558 1848 728 1908 plenius
759 1864 1094 1907 cognoscamus,
1120 1859 1164 1894 et
1191 1849 1307 1894 beati
1344 1851 1519 1909 cognito

137 1920 426 1982 perfruamur.
452 1939 472 1962 «
496 1920 692 1965 Charitas
711 1936 840 1979 porro
865 1920 1022 1964 diffusa
1046 1929 1108 1963 est
1130 1920 1175 1963 in
1193 1919 1396 1964 cordibus
1421 1936 1520 1964 nos-

141 2010 162 2033 »
198 1991 273 2034 tris
295 2006 370 2050 per
395 1990 601 2049 Spiritum
623 1999 819 2034 sanctum
838 2026 849 2046 ,
880 1990 957 2050 qui
989 1990 1115 2034 datus
1138 1997 1201 2034 e'st
1222 1991 1346 2034 nobis
1359 1994 1390 2033 ².
1420 2008 1439 2031 »
1466 1993 1522 2034 Et

140 2063 242 2123 quia
279 2062 464 2121 peccatis
501 2061 800 2106 alienabamur
818 2078 841 2106 a
859 2062 1123 2121 possessione
1144 2077 1346 2106 verorum
1378 2062 1522 2106 bono-

140 2148 255 2187 rum,
300 2151 321 2173 «
343 2132 539 2176 Charitas
562 2135 756 2191 cooperit
786 2130 1112 2176 multitudinem
1146 2132 1469 2191 peccatorum3.
1498 2150 1518 2172 »

142 2206 219 2248 Est
239 2217 340 2261 ergo
363 2204 491 2245 Pater
513 2201 624 2247 Fiho
646 2203 816 2247 veritati
832 2203 950 2260 origo
979 2218 1127 2257 verax,
1155 2212 1197 2246 et
1220 2202 1354 2246 Filius
1374 2201 1429 2246 de
1447 2217 1523 2246 110Φ

141 2275 231 2318 raci
245 2277 371 2317 Patre
392 2282 484 2317 orta
501 2273 678 2327 veritas,
700 2283 742 2317 et
767 2273 949 2332 Spiritus
966 2282 1139 2318 sanctus
1161 2289 1184 2316 a
1206 2276 1331 2317 Patre
1348 2272 1464 2317 bono
1481 2281 1524 2316 et

145 2343 256 2388 Filio
278 2344 395 2387 bono
419 2343 554 2386 effusa
579 2343 750 2387 bonitas
771 2363 779 2386 ε
805 2344 1000 2387 omnium
1024 2353 1087 2387 est
1110 2351 1253 2386 autem
1276 2358 1366 2387 non
1387 2343 1524 2401 impar

146 2414 368 2468 divinitas,
388 2429 466 2457 nec
489 2414 736 2473 separabilis
759 2415 917 2458 unitas.

205 2487 327 2528 XIX.
349 2485 544 2528 Primum
567 2500 669 2544 ergo
686 2485 731 2528 in
750 2500 842 2540 nos,
870 2485 924 2529 ad
946 2484 1238 2543 accipiendam
1257 2484 1386 2529 vitam
1402 2492 1527 2528 30101-

203 2577 209 2592 ¹
228 2570 334 2602 Florus
347 2571 386 2602 ad
404 2572 493 2602 Rom.
517 2581 548 2602 v.
573 2587 614 2592 —
635 2577 646 2593 ²
663 2573 754 2603 Rom.
776 2581 808 2609 v,
828 2569 859 2603 5,
885 2587 924 2592 -
944 2567 957 2592 3
980 2581 991 2602 1
1011 2572 1094 2602 Petr.
1116 2580 1164 2610 1v,
1183 2574 1213 2602 ὃ.
