1898 3178
286 297 423 324 SERMO
456 296 576 333 Lxxl,
613 296 665 321 DE
700 294 843 323 vmims
876 296 1039 323 ΜΑΤΤΗ.
1076 295 1151 322 xit.
1328 283 1410 321 293

42 376 210 419 magnae
234 361 362 420 hujus
383 359 633 419 quaestionis
661 360 942 404 ostendimus.
971 364 1138 404 Lumen
1160 374 1262 417 ergo
1284 373 1414 418 expo-

39 430 203 474 sitionis
221 446 243 474 a
268 430 452 474 Domino
469 429 752 488 requiramus.

96 503 221 544 VIII.
252 499 412 558 Erigite
432 499 577 559 itaque
594 533 604 553 ‚
630 499 781 543 fratres
801 534 812 553 ‚
838 500 989 557 erigite
1013 499 1068 544 ad
1096 515 1164 544 me
1186 514 1308 544 aures
1326 533 1337 553 ,
1363 498 1417 543 ad

39 570 273 615 Dominum
290 578 471 613 mentes.
498 570 603 614 Dico
625 570 836 614 Charitati
858 571 1042 614 Vestrae:
1064 573 1194 614 Forte
1210 571 1255 614 in
1277 570 1420 614 omni-

38 641 120 685 bus
141 640 298 684 sanctis
332 640 562 699 Scripturis
584 639 704 684 nulla
722 641 858 700 major
878 640 1060 700 quaestio
1077 675 1088 695 ‚
1118 640 1239 684 nulla
1261 640 1420 684 diffici-

38 710 118 755 lior
146 711 380 755 invenitur.
421 711 542 756 Unde
569 720 619 755 ut
641 711 762 755 vobis
792 710 957 771 aliquid
979 711 1034 754 de
1054 712 1234 770 meipso
1256 710 1416 765 fatear,

37 795 205 839 semper
236 781 281 823 in
313 780 593 824 Sermonibus
625 796 734 840 quos
762 780 818 825 ad
850 780 1063 840 populum
1095 781 1253 836 habui,
1287 782 1418 840 hujus

38 850 287 911 quaestionis
310 850 611 895 difficultatem
645 850 974 912 molestiamque
1001 851 1133 895 vitavi
1166 870 1174 895 :
1200 866 1290 895 non
1318 852 1420 911 quia

38 920 144 964 nihil
176 920 409 975 haberem,
441 920 562 980 quod
591 920 694 964 inde
715 930 955 982 utcumque
978 921 1240 978 cogitarem3
1277 934 1420 979 neque

37 990 151 1034 enim
179 991 223 1033 in
260 1005 306 1034 re
328 999 448 1035 tanta
475 999 645 1050 petere,
673 1006 895 1050 quaerere,
933 989 1105 1050 pulsare
1126 990 1418 1049 negligerem3

37 1061 112 1104 sed
128 1061 230 1120 quia
253 1060 333 1119 ipsi
355 1060 653 1119 intelligentiae
669 1096 680 1115 ‚
706 1077 805 1120 quae
827 1062 934 1105 mihi
956 1061 1227 1121 aliquantum
1251 1061 1420 1120 aperie-

36 1131 164 1174 batur
178 1165 188 1184 ,
208 1130 350 1174 verbis
373 1130 429 1173 ad
462 1131 614 1174 horam
637 1131 965 1175 occurrentibus
987 1145 1057 1174 me
1078 1145 1202 1189 posse
1223 1130 1421 1173 sufficere

15 1242 17 1246 ,
35 1216 122 1244 non
143 1210 358 1259 putarem.
392 1200 533 1243 Hodie
555 1210 702 1243 autem
723 1199 930 1243 lectiones
958 1199 1136 1244 audiens
1151 1235 1162 1255 ,
1184 1201 1239 1244 de
1261 1201 1422 1260 quibus

36 1271 156 1315 vobis
178 1279 287 1313 esset
308 1272 455 1314 Sermo
473 1269 742 1324 reddendus,
760 1285 859 1314 cum
882 1270 1168 1328 Evangelium
1187 1269 1421 1329 legeretur,

18 1341 94 1422 lita
116 1340 336 1399 pulsatum
354 1349 418 1383 est
449 1355 523 1383 cor
540 1354 688 1383 meum
703 1374 714 1393 ‚
740 1348 790 1383 ut
807 1338 1029 1383 crederem
1054 1343 1192 1383 Deum
1214 1339 1325 1384 velle
1342 1340 1424 1384 ali-

19 1410 142 1470 vquid
161 1411 264 1454 hinc
290 1425 366 1469 per
384 1425 529 1453 meum
552 1410 839 1453 ministerium
862 1424 937 1453 vos
956 1410 1122 1453 audire.

115 1482 193 1524 IX.
222 1480 345 1524 Prius
378 1495 481 1538 ergo
510 1489 560 1524 ut
582 1479 813 1524 advertatis
841 1489 885 1523 et
906 1478 1181 1538 intelligatis,
1207 1479 1422 1526 admoneo

2 1580 3 1583 =
38 1565 124 1594 non
161 1549 313 1593 dixisse
336 1549 571 1594 Dominum
603 1569 612 1593 ε
646 1550 799 1592 Omnis
831 1549 1099 1608 blasphemia
1129 1550 1311 1609 Spiritus
1331 1567 1421 1595 non

39 1619 280 1663 remittetur
302 1638 310 1663 :
334 1634 476 1678 neque
498 1618 650 1662 dixisse
672 1637 680 1662 ε
703 1619 788 1670 Qui
811 1617 968 1663 dixerit
988 1618 1301 1679 quodcumque
1323 1636 1421 1664 ver-

37 1689 139 1733 bum
154 1698 314 1733 econtra
347 1688 554 1747 Spiritum
577 1697 774 1732 sanctum
793 1722 803 1741 ,
830 1703 919 1732 non
948 1689 1193 1733 remittetur
1214 1690 1253 1733 ei
1278 1710 1287 1734 ε
1313 1689 1389 1734 sed
1407 1726 1418 1744 ‚

30 1777 63 1808 ¹«
95 1759 180 1811 Qui
202 1758 356 1801 dixerit
372 1757 572 1800 verbum.
596 1775 616 1797 »
644 1756 762 1800 Illud
787 1757 901 1800 enim
925 1757 958 1800 si
976 1757 1150 1801 dixisset
1168 1793 1179 1813 ‚
1205 1758 1315 1802 nihil
1337 1775 1420 1803 no-

38 1829 101 1873 bis
117 1828 295 1873 omnino
314 1836 572 1881 remaneret,
589 1827 707 1870 unde
720 1825 939 1885 disputare
952 1842 1189 1886 possemus.
1202 1830 1420 1881 Quoniam

40 1900 73 1944 si
94 1899 232 1943 omnis
252 1897 521 1956 blasphemia
534 1905 577 1939 et
598 1911 727 1940 omne
745 1897 930 1940 verbum
952 1897 1073 1957 quod
1089 1896 1248 1942 dicitur
1269 1909 1420 1943 contra

42 1969 248 2028 Spiritum
268 1976 482 2019 sanctum,
501 1982 591 2011 non
614 1967 903 2010 remitteretur
922 1967 1173 2011 hominibus
1191 1989 1202 2026 3
1228 1984 1280 2012 ex
1297 1967 1420 2014 nullo

67 2052 192 2082 enere
207 2037 441 2096 impietatis
463 2051 614 2080 eorum
628 2035 705 2094 qui
723 2034 841 2079 dono
855 2036 1015 2080 Christi
1029 2046 1073 2081 et
1090 2037 1421 2082 sanctificationi

78 2109 240 2153 eclesiae
262 2107 588 2162 contradicunt,
623 2105 694 2150 vel
714 2110 988 2165 Paganorum
1003 2143 1014 2162 ,
1039 2108 1109 2152 vel
1134 2107 1388 2153 Judaeorum
1405 2144 1416 2164 ‚

29 2228 31 2231 v
69 2178 107 2221 el
128 2177 425 2238 quorumlibet
441 2177 762 2232 haereticorum,
779 2177 1093 2222 nonnullorum
1116 2179 1245 2222 etiam
1263 2180 1308 2222 in
1330 2180 1420 2238 ipsa

67 2247 252 2292 atholica
274 2246 575 2306 imperitorum
591 2281 602 2301 ,
645 2262 912 2306 quemquam
947 2247 1138 2292 Ecclesia
1160 2248 1418 2295 lucraretur.

74 2316 126 2360 ed
147 2317 257 2360 absit
279 2325 328 2360 ut
347 2317 431 2360 hoc
448 2316 657 2360 Dominus
680 2316 863 2361 diceret:
885 2317 1011 2372 absit,
1034 2318 1211 2377 inquam
1229 2353 1239 2373 ‚
1264 2328 1313 2362 ut
1335 2321 1421 2362 Ve-

0 2423 2 2426 ,
65 2386 142 2430 it-as
163 2386 325 2430 diceret
339 2401 513 2431 omnem
528 2386 844 2446 blasphemiam
860 2387 930 2431 vel
952 2403 1081 2431 omne
1102 2388 1284 2432 verbum
1302 2392 1421 2449 quod

70 2466 191 2501 ontra
212 2458 419 2516 Spiritum
444 2465 641 2501 sanctum
664 2455 896 2512 diceretur,
922 2474 1010 2501 non
1032 2459 1193 2502 babere
1209 2460 1421 2504 remissio-

2 2567 3 2570 ,
50 2516 137 2696 {uem
158 2562 167 2582 ‚
194 2542 334 2586 neque
353 2529 392 2569 in
411 2528 494 2570 hoc
518 2526 676 2569 saeculo
693 2562 701 2578 ,
723 2543 864 2587 neque
886 2528 928 2570 in
959 2528 1119 2571 tuturo.

56 2698 61 2796 ἱ

58 2797 63 2883 ἱ

61 2885 67 3000 ti

64 3003 72 3178 t
