1898 3178
349 172 403 211 ’78
780 180 815 206 s.
848 174 1081 204 aueusnm
1109 174 1292 204 triscom

349 263 434 293 mae
455 247 596 292 meae?
616 262 638 288 «
661 243 968 304 Respondetur
992 241 1095 297 tibi,
1121 241 1310 286 ohomo.
1336 257 1364 290 »A
1379 240 1418 284 Ο
1433 240 1583 294 homo,
1603 253 1627 284 a
1641 253 1732 300 quo

348 317 658 378 respondetur,
681 315 763 360 nisi
785 330 809 358 a
830 328 920 374 quo
932 313 1244 372 respondetur,
1261 311 1342 356 nisi
1362 327 1387 356 a
1400 326 1489 371 quo
1509 309 1651 355 factus
1668 318 1732 354 est

347 390 512 434 homo?
533 384 840 446 Respondetur
869 397 973 441 ergo
1009 382 1106 438 tibi,
1127 397 1153 427 o
1184 382 1345 436 homo,
1377 380 1591 441 quaerenti
1622 378 1731 439 quid

349 458 504 504 offeras
526 460 617 501 Deo
630 491 641 511 ,
665 464 708 499 et
724 453 843 498 unde
861 452 1006 513 places
1023 455 1163 497 Deum
1175 486 1189 507 ,
1207 450 1278 497 vel
1294 451 1412 495 unde
1426 450 1596 510 placeas
1619 451 1726 494 Deo.

353 548 375 572 «
407 527 712 587 Respondetur
732 524 814 568 tibi
833 523 943 584 quid
960 522 1015 567 sit
1035 523 1231 580 bonum3
1258 530 1334 566 aut
1350 520 1459 582 quid
1491 519 1611 565 aliud
1642 523 1733 564 Do-

353 618 374 641 »
408 599 551 643 minus
572 596 767 656 exquirat
781 610 805 638 a
820 604 880 650 te,
900 595 980 639 nisi
997 603 1048 638 ut
1062 592 1192 639 facias
1203 592 1419 653 judicium
1436 600 1481 635 et
1498 590 1729 651 justitiam,

352 687 374 711 »
401 678 452 729 Ιεἰ
467 667 620 726 diligas
634 665 990 721 misericordiam,
1004 673 1266 724 paratusque
1283 662 1338 707 sis
1350 662 1413 706 ire
1430 676 1534 706 cum
1544 660 1735 706 Domino

353 758 374 781 »
408 742 499 784 Deo
514 739 633 783 tuo1.
660 755 681 780 »
702 735 931 790 Quaerebas
963 734 1072 795 quid
1101 734 1280 780 offerres
1311 747 1393 792 pro
1419 741 1463 776 te
1489 750 1501 777 ι
1524 731 1636 777 offer
1670 740 1730 775 te.

351 808 467 862 Quid
498 809 615 853 enim
635 807 845 852 Dominus
874 805 1033 866 quaerit
1054 821 1078 849 a
1101 814 1143 849 te
1160 839 1171 860 ,
1197 803 1277 849 nisi
1306 805 1380 848 te?
1406 802 1519 856 Quia
1542 801 1591 847 in
1617 801 1739 847 omni

350 888 547 923 creatura
568 887 738 922 terrena
758 876 867 921 nibil
887 876 1040 920 melius
1061 875 1239 919 fecitte.
1260 873 1429 927 Quaerit
1448 882 1493 918 te
1510 888 1534 916 a
1550 881 1611 929 te,
1635 871 1740 932 quia

351 958 399 993 tu
421 947 668 1008 perdideras
690 957 749 992 te.
777 948 819 992 Si
843 955 989 991 autem
1010 945 1141 989 facias
1177 943 1297 1004 quod
1320 944 1469 1003 jussit,
1499 943 1668 988 invenit
1693 941 1742 986 in

351 1028 394 1063 te
409 1018 626 1079 judicium
650 1026 692 1062 et
703 1016 918 1077 justitiam
945 1014 1186 1075 :judicium
1206 1015 1349 1074 primo
1367 1015 1414 1058 in
1430 1023 1474 1059 te
1502 1013 1597 1074 ipso
1614 1047 1626 1069 ,
1642 1014 1739 1073 jus-

355 1090 496 1135 titiam
519 1089 575 1134 ad
594 1089 843 1149 proximum
863 1087 961 1132 tibi.
987 1085 1220 1140 Quomodo
1237 1085 1455 1146 judicium
1477 1084 1525 1128 in
1549 1093 1594 1129 te
1614 1083 1741 1144 ipso?

355 1163 412 1205 Ut
432 1159 658 1219 displiceas
675 1157 756 1202 tibi
776 1155 896 1217 quod
913 1171 1028 1213 eras,
1052 1165 1096 1200 et
1109 1155 1244 1216 possis
1261 1170 1352 1200 esse
1375 1155 1498 1216 quod
1518 1169 1609 1200 non
1629 1168 1739 1199 eras.

356 1234 379 1276 J
386 1230 580 1276 udicium
594 1265 606 1286 ,
629 1230 810 1289 inquam
826 1262 837 1283 ,
860 1227 915 1272 de
935 1228 1087 1286 teipso
1108 1226 1156 1270 in
1177 1235 1221 1270 te
1249 1226 1343 1286 ipso
1371 1225 1464 1270 sine
1490 1225 1743 1284 acceptione

351 1318 548 1362 personae
569 1311 658 1345 tuae
674 1335 686 1355 ,
710 1308 762 1343 ut
787 1314 878 1343 non
900 1313 1051 1358 parcas
1076 1297 1264 1357 peccatis
1287 1297 1372 1341 tuis
1391 1331 1403 1353 ,
1438 1311 1519 1341 nec
1539 1296 1640 1341 ideo
1660 1295 1744 1341 tibi

351 1373 578 1432 placeant,
603 1369 706 1430 quia
727 1377 777 1412 tu
803 1367 910 1413 facis
930 1386 940 1413 ς
964 1383 1045 1413 nec
1066 1377 1109 1412 te
1130 1366 1282 1412 laudes
1313 1367 1361 1411 in
1400 1366 1527 1412 bonis
1551 1366 1638 1410 tuis
1653 1401 1665 1422 ,
1699 1374 1745 1410 et

353 1446 494 1487 Deum
517 1455 689 1487 accuses
710 1439 756 1484 in
775 1438 899 1483 malis
916 1438 1018 1483 tuis.
1044 1440 1139 1483 Hoc
1168 1438 1286 1482 enim
1311 1446 1376 1481 est
1395 1451 1649 1496 perversum
1666 1437 1744 1496 ju-

356 1513 519 1558 dicium
536 1547 548 1568 ,
578 1520 622 1556 et
637 1510 738 1555 ideo
757 1524 838 1553 nec
865 1507 1092 1568 judicium.
1114 1510 1172 1553 Ut
1204 1508 1321 1552 enim
1350 1507 1599 1553 ostenderet
1627 1509 1745 1552 Deus

354 1596 606 1643 perversum
637 1579 853 1640 judicium
873 1593 965 1623 non
986 1593 1075 1623 esse
1104 1576 1323 1637 judicium
1342 1612 1354 1633 ,
1384 1592 1475 1622 non
1507 1577 1566 1621 ait
1591 1596 1600 1622 :
1626 1576 1746 1631 Quid

353 1653 563 1698 Dominus
582 1650 741 1711 quaerit
763 1665 786 1693 a
817 1657 861 1692 te
876 1683 888 1703 ,
913 1648 995 1692 nisi
1025 1647 1170 1693 facere
1201 1656 1370 1691 rectum
1395 1647 1612 1706 judicium
1632 1666 1643 1692 ε
1667 1647 1746 1692 sed

359 1744 379 1766 «
413 1722 579 1775 facere,
603 1720 770 1780 inquit,
805 1717 1036 1779 judicium.
1064 1735 1085 1760 »
1114 1717 1158 1763 Si
1180 1718 1296 1761 enim
1317 1726 1488 1762 rectum
1503 1752 1516 1773 ,
1535 1726 1643 1763 tunc
1667 1718 1745 1777 ju-

356 1795 520 1839 dicium
546 1811 555 1837 ε
578 1792 613 1836 si
635 1800 782 1836 autem
803 1803 1078 1849 perversum,
1097 1803 1187 1833 non
1201 1787 1416 1848 judicium
1430 1822 1442 1844 ,
1467 1786 1542 1833 sed
1566 1788 1741 1834 vitium.

357 1864 473 1919 Quid
495 1878 597 1922 ergo
619 1862 806 1907 faciebas
820 1896 831 1916 ,
856 1861 1035 1921 quando
1055 1869 1101 1904 te
1133 1858 1383 1918 perdideras
1400 1893 1412 1915 ,
1436 1868 1480 1904 et
1499 1867 1599 1919 post
1619 1869 1745 1904 tuam

356 1935 647 1995 perditionem
678 1933 794 1990 ibas3
823 1931 936 1986 ibas,
971 1939 1015 1974 et
1044 1944 1134 1974 non
1164 1928 1366 1973 redibas?
1385 1928 1499 1982 Quid
1528 1927 1744 1974 faciebas?

360 2007 456 2052 Scio
478 2004 587 2066 quid
607 2002 793 2048 faciebas
811 2000 881 2047 :id
900 1999 1027 2045 bonis
1043 1999 1128 2043 tuis
1146 2007 1190 2043 te
1206 1997 1432 2052 laudabas,
1451 1999 1498 2043 in
1518 1998 1643 2044 malis
1656 1999 1744 2044 tuis

357 2080 498 2121 Deum
510 2071 857 2133 blasphemabas.
870 2072 964 2114 Hoc
978 2078 1041 2114 est
1049 2083 1302 2128 perversum
1319 2067 1550 2128 judicium,
1567 2078 1611 2114 et
1621 2068 1738 2124 ideo,

358 2155 409 2189 ut
430 2145 533 2199 dixi,
561 2158 641 2188 nec
658 2141 889 2203 judicium.
910 2139 983 2184 Vis
1004 2153 1108 2198 ergo
1130 2137 1272 2183 facere
1293 2148 1463 2183 rectum
1494 2138 1711 2199 judicium
1724 2172 1737 2194 ,

360 2218 444 2261 hoc
466 2224 530 2261 est
541 2214 789 2276 judicium?
806 2211 923 2257 Illud
949 2209 1072 2271 quod
1104 2209 1294 2255 faciebas
1312 2245 1324 2268 ,
1351 2210 1518 2270 corrige
1547 2224 1744 2270 praepos-

367 2296 454 2330 tera
470 2320 482 2340 ,
506 2294 550 2330 et
571 2293 740 2330 rectum
761 2282 856 2328 erit,
876 2280 990 2336 Quid
1012 2289 1076 2324 est
1093 2315 1104 2336 ,
1125 2279 1336 2339 Corrige‘?
1360 2283 1501 2325 Deum
1531 2279 1663 2325 lauda
1698 2280 1746 2323 in

366 2356 493 2400 bonis
515 2357 600 2399 tuis
616 2390 627 2410 ,
651 2365 694 2399 te
712 2369 864 2400 accusa
883 2353 930 2396 in
943 2351 1064 2396 malis
1086 2351 1185 2396 tuis.
1212 2353 1325 2396 Cum
1339 2351 1417 2396 tibi
1438 2365 1540 2410 ergo
1569 2364 1745 2410 perver-

367 2440 436 2470 sus
457 2425 729 2483 displicueris
746 2460 758 2482 ,
782 2434 914 2483 teque
934 2422 1012 2485 illo
1031 2422 1108 2483 qui
1123 2421 1284 2468 creavit
1302 2422 1533 2483 adjuvante
1554 2436 1746 2468 correxe-

415 2515 426 2534 ¹
446 2508 600 2544 Michaeae.
624 2519 670 2550 vi,
695 2509 727 2542 8,
