1898 3178
315 218 453 248 SERMO
485 220 620 257 Lxxv,
657 221 711 246 DE
746 220 890 248 vssltffls
921 219 1087 248 ΜΑΤΤΗ,
1122 221 1209 247 xiv.
1371 210 1453 249 335

76 282 131 327 ad
146 284 395 338 Dominum,
413 282 633 327 auferetur
655 282 867 327 velamen.
888 284 1079 329 Sonabat
1091 285 1207 328 enim
1217 298 1302 328 vox
1313 286 1455 342 Moysi

75 368 151 411 per
171 353 318 398 velum
335 388 347 409 ,
376 363 420 398 et
440 353 567 397 facies
588 354 729 411 Moysi
750 370 840 398 non
862 356 1112 415 apparebat.
1153 355 1221 400 Sic
1252 364 1297 399 et
1323 355 1455 400 modo

73 423 236 468 Judaeis
251 433 383 468 sonat
411 439 494 469 vox
513 423 672 469 Christi
694 439 773 483 per
793 440 947 469 vocem
977 426 1300 485 Scripturarum
1321 427 1455 470 Vete-

74 509 173 538 rum
193 513 203 540 :
227 510 379 540 vocem
399 510 548 540 earum
570 493 771 550 audiunt,
796 493 952 540 faciem
969 497 1160 541 sonantis
1178 512 1267 541 non
1287 495 1452 541 vident.

73 565 239 610 Volunt
269 581 373 626 ergo
394 575 443 612 ut
464 565 688 611 auferatur
710 566 937 612 velamen?
970 571 1206 613 Transeant
1227 567 1283 612 ad
1303 568 1456 613 Domi-

71 651 195 681 num.
222 638 344 682 Tunc
367 637 485 682 enim
507 653 594 682 non
618 636 878 682 auferuntur
900 647 1066 692 vetera,
1103 638 1179 683 sed
1205 637 1457 683 conduntur

70 707 117 751 in
138 708 356 759 thesauro,
375 717 425 752 ut
435 708 526 768 jam
539 708 592 753 sit
613 707 763 753 Scriba
782 707 979 753 eruditus
1001 709 1047 752 in
1065 724 1198 768 regno
1214 710 1292 754 Dei
1314 708 1458 768 profe-

70 793 168 822 rens
192 778 247 822 de
260 779 463 824 thesauro
481 795 575 834 suo,
602 795 682 824 nec
703 794 815 824 nova
838 778 944 835 sola,
961 794 1041 824 nec
1062 788 1208 825 vetera
1225 780 1330 824 sola.
1347 782 1458 826 Nam

68 847 104 892 si
124 863 239 893 nova
258 847 377 902 sola,
405 858 481 893 aut
510 858 655 894 vetera
678 849 770 894 sola
803 848 1061 909 protulerit,
1103 865 1194 894 non
1215 858 1280 894 est
1312 849 1458 894 Scriba

69 916 264 962 eruditus
286 918 332 963 in
359 933 492 977 regno
522 919 600 963 Dei
630 919 854 979 proferens
876 918 931 963 de
953 919 1158 964 thesauro
1181 934 1258 964 suo
1282 935 1393 964 nova
1415 928 1458 964 et

68 996 227 1033 vetera.
254 989 297 1034 Si
314 988 419 1034 dicit
440 1006 516 1045 ea,
543 998 586 1033 et
613 1005 702 1034 nou
723 989 825 1034 facit
846 1005 922 1045 ea,
957 989 1012 1034 de
1035 989 1241 1034 cathedra
1265 989 1454 1049 profert,

69 1073 159 1103 non
181 1058 236 1103 de
257 1060 458 1105 thesauro
480 1059 623 1105 cordis
645 1060 726 1104 sui.
761 1063 819 1105 Et
839 1075 993 1105 verum
1024 1059 1209 1105 dicimus
1233 1061 1458 1105 Sanctitati

70 1131 256 1182 Vestrae,
280 1146 380 1191 quae
403 1129 458 1175 de
475 1132 611 1175 veteri
629 1130 928 1190 proferuntur,
953 1146 1031 1190 per
1052 1146 1216 1174 novum
1236 1130 1458 1175 illustran-

71 1208 158 1247 tur.
183 1201 289 1246 Ideo
312 1202 518 1247 transitur
542 1201 597 1247 ad
618 1202 855 1247 Dominum
871 1237 883 1258 ‚
907 1211 958 1246 ut
979 1201 1205 1247 auferatur
1225 1201 1437 1247 velamen.

73 1381 282 1399 mm

567 1382 853 1398 mmmm&

1062 1383 1456 1401 mmmmw

485 1509 717 1556 SERMO
760 1510 933 1556 LXXV
949 1505 980 1553 ¹.

72 1674 132 1715 De
153 1670 296 1716 verbis
327 1670 738 1729 Evangelii'Matth.
775 1689 880 1715 xw:
921 1668 1169 1715 Navicala
1207 1679 1365 1715 autem
1405 1673 1454 1715 in

267 1740 422 1786 medio
444 1741 574 1786 mari
580 1739 876 1804 jactabatur·
881 1739 1138 1804 flactibus,
1164 1750 1253 1786 etc.

131 1903 166 1945 Ι.
190 1904 434 1946 EVANGELII
454 1900 608 1956 lectio,
643 1916 775 1960 quam
798 1900 930 1945 modo
952 1900 1216 1955 audivimus,
1248 1900 1454 1945 admonet

4 1970 7 1973 ¹
71 1971 362 2015 humilitatem
384 1971 579 2016 omnium
601 1980 799 2015 nostrum
815 2006 826 2026 ,
857 1969 1004 2014 videre
1025 1980 1067 2014 et
1095 1986 1354 2029 cognoscere
1375 1971 1452 2015 ubi

72 2043 226 2098 simus,
251 2051 296 2086 et
316 2059 404 2103 quo
422 2043 545 2087 nobis
567 2041 839 2086 tendendum
860 2050 901 2086 et
928 2040 1222 2085 festinandum
1244 2042 1336 2086 sit‘l.
1354 2044 1453 2088 Non

72 2113 190 2158 enim
222 2113 332 2158 nihil
349 2113 561 2173 significat
586 2113 706 2157 navis
740 2111 813 2157 illa
843 2122 1019 2172 portans
1054 2112 1318 2171 Discipulos,
1353 2128 1452 2172 quae

72 2184 288 2229 contrario
309 2194 441 2230 vento
462 2183 690 2227 laborabat
709 2183 755 2226 in
783 2183 1005 2227 fluctibus.
1042 2185 1193 2243 Neque
1213 2183 1304 2226 sine
1325 2198 1453 2227 causa

72 2257 283 2299 Dominus
304 2254 462 2299 relictis
477 2253 616 2298 turbis
638 2254 830 2298 ascendit
843 2254 891 2297 in
909 2262 1103 2298 montem
1121 2288 1132 2308 ‚
1158 2262 1208 2297 ut
1223 2252 1337 2297 solus
1356 2269 1453 2298 ora-

72 2335 164 2385 ret3
183 2325 341 2370 deinde
354 2325 530 2369 veniens
551 2324 606 2369 ad
628 2324 869 2384 Discipulos
891 2340 1005 2379 suos,
1026 2323 1318 2383 periclitantes
1337 2325 1452 2369 inve-

55 2397 163 2453 nit,
188 2396 416 2441 ambulans
441 2411 569 2455 super
589 2411 728 2451 mare,
753 2404 796 2439 et
824 2394 1097 2440 confirmavit
1124 2410 1196 2439 eos
1218 2395 1452 2440 ascendens

71 2469 118 2513 in
145 2483 328 2525 navem,
354 2468 602 2526 fluctusque
634 2466 835 2525 placavit.
875 2466 990 2520 Quid
1022 2474 1164 2510 autem
1195 2465 1380 2521 mirum,
1418 2467 1453 2511 si

119 2572 131 2589 1
151 2565 232 2598 Alias
249 2565 290 2597 de
307 2564 444 2597 Diversis
461 2572 516 2596 22.
533 2580 573 2585 —
594 2569 608 2585 ²
627 2562 744 2595 Manli,
762 2573 832 2594 xiv.
