1898 3178
344 167 483 197 sunno
514 168 736 206 Lxxxvm,
770 169 824 196 DE
856 166 1001 197 VERBIS
1031 166 1196 196 ΜΑΤΤΗ.
1231 168 1298 196 xx,
1425 155 1508 196 455

139 233 260 295 quod
282 233 421 293 fulget
458 235 512 278 de
532 233 669 288 coelo,
708 233 778 278 vel
811 235 930 294 quod
963 234 1190 279 exhibetur
1220 235 1276 277 de
1308 233 1483 279 lucerna
1502 270 1514 290 ‚

141 305 346 366 gaudent.
371 308 428 350 Et
451 304 672 365 quomodo
710 305 853 348 miseri
885 305 1117 361 videntur,
1155 304 1231 365 qui
1252 305 1338 349 hoc
1368 305 1515 350 videre

139 393 229 422 non
250 378 459 436 possunt?
479 378 572 435 Ego
594 385 740 420 autem
768 392 902 436 quare
928 375 1106 437 loquor,
1131 391 1265 437 quare
1285 376 1367 420 ista
1387 376 1486 422 dico
1501 412 1513 433 ,

137 447 219 492 nisi
239 456 288 491 ut
304 448 450 491 horter
466 461 615 491 omnes
635 461 709 491 vos
733 445 788 490 ad
815 445 1119 503 clamandum,
1143 462 1245 492 cum
1268 447 1419 492 transit
1440 449 1465 492 J
1469 463 1517 491 e-

137 520 235 564 sus‘?
250 522 412 564 Lucem
427 517 686 563 commendo
702 518 926 563 Sanctitati
940 521 1104 563 Vestrae
1117 518 1347 564 amandam
1357 553 1369 574 ‚
1385 535 1518 579 quam

137 588 250 635 forte
270 604 360 635 non
393 588 564 634 videtis.
589 587 784 644 Credite,
809 588 916 634 dum
934 589 1132 635 nondum
1153 590 1334 648 videtis,
1358 598 1402 634 et
1426 591 1516 636 cla-

136 670 276 716 mate,
312 669 362 705 ut
381 659 577 706 videatis.
601 662 772 714 Quanta
798 670 978 720 putatur
997 660 1226 706 infelicitas
1257 662 1513 719 hominum,

136 731 213 792 qui
232 731 376 776 lucem
400 731 525 776 istam
556 730 826 790 corporalem
856 747 947 776 non
969 731 1148 777 vident?
1174 735 1424 777 Excaecatus
1452 743 1517 779 est

136 801 292 862 aliquis
317 821 328 847 ι
351 802 560 847 continuo
582 800 763 858 dicitur,
788 804 952 847 Iratum
975 805 1115 846 Deum
1144 802 1326 858 habuit,
1351 802 1517 863 aliquid

134 871 237 916 mali
257 872 484 917 commisit.
519 874 613 917 Hoc
633 888 741 918 uxor
763 873 910 918 Tobiae
938 871 1109 918 dleebat
1140 873 1248 918 viro.
1290 873 1517 919 Clamabat

134 942 208 986 ille
226 951 403 1002 propter
438 941 649 998 hoedum,
673 959 728 987 ne
760 943 815 987 de
835 942 955 989 furto
987 953 1120 1001 esset,
1151 943 1329 989 nolebat
1360 960 1516 989 sonum

133 1012 241 1058 furti
270 1012 420 1059 audire
441 1014 487 1057 in
509 1013 640 1058 domo
661 1029 737 1058 sua
764 1033 774 1059 :
794 1013 867 1059 illa
897 1013 1137 1059 defendens
1158 1013 1323 1060 factum
1353 1030 1482 1060 suum
1502 1051 1513 1072 ,

133 1084 369 1145 opprobrio
387 1085 658 1145 percutiebat
673 1087 875 1130 maritum
898 1105 907 1131 :
928 1095 971 1130 et
984 1102 1085 1131 cum
1101 1085 1174 1130 ille
1197 1086 1375 1142 diceret,
1396 1088 1516 1132 Red-

133 1155 222 1200 dite
237 1191 247 1211 ,
272 1156 307 1200 si
328 1156 383 1200 de
404 1155 521 1201 furto
539 1166 630 1214 est,
653 1155 726 1201 illa
747 1157 1039 1217 respondebat
1059 1157 1285 1213 insultans,
1310 1158 1394 1202 Ubi
1415 1168 1517 1203 sunt

126 1227 306 1287 justitiae
328 1236 415 1271 tuae
435 1229 478 1271 ¹?
503 1230 642 1280 Quam
656 1243 770 1272 caeca
786 1237 898 1283 erat,
924 1245 1023 1288 quae
1037 1227 1205 1273 furtum
1223 1227 1514 1276 defendebat:

131 1307 174 1341 et
192 1313 324 1357 quam
346 1297 490 1341 lucem
513 1298 715 1351 videbat,
736 1300 812 1358 qui
826 1299 997 1343 furtum
1016 1297 1140 1343 reddi
1158 1300 1414 1359 imperabat.
1435 1300 1515 1346 Illa

130 1377 222 1413 erat
240 1367 342 1413 foris
358 1368 403 1413 in
425 1368 524 1413 luce
541 1367 639 1413 solis
664 1388 672 1413 z
695 1368 768 1413 ille
782 1379 874 1414 erat
890 1371 1006 1414 intus
1022 1370 1068 1414 in
1083 1369 1182 1414 luce
1193 1371 1387 1430 justitiae.
1410 1373 1514 1425 Quis

130 1453 281 1483 eorum
302 1447 394 1482 erat
415 1439 460 1482 in
475 1437 574 1483 luce
596 1438 803 1483 meliore?

188 1511 308 1554 XVI.
323 1508 392 1554 Ad
404 1508 687 1564 hanclucem,
703 1509 872 1565 fratreS,
887 1509 1116 1555 amandam
1132 1511 1360 1556 hortamur
1378 1512 1513 1557 Dilec-

129 1581 294 1626 tionem
302 1582 500 1625 Vestram
518 1600 527 1625 ε
543 1589 593 1625 ut
605 1581 800 1625 clametis
817 1581 1037 1640 operibus,
1057 1597 1158 1626 cum
1170 1583 1379 1627 Dominus
1395 1592 1512 1628 tran-

129 1653 183 1697 sit
200 1660 348 1697 :sonet
369 1667 452 1696 vox
465 1651 568 1697 fidei
589 1671 609 1696 :·
623 1661 674 1696 ut
687 1660 802 1696 stans
824 1653 964 1707 JeSUS,
980 1650 1027 1696 id
1044 1661 1122 1707 est,
1142 1651 1509 1700 incommutabilis

128 1737 306 1767 manens
328 1723 406 1766 Dei
430 1723 646 1781 Sapientia
662 1758 672 1777 ,
707 1732 751 1767 et
781 1723 977 1782 majestas
998 1723 1133 1767 Verbi
1154 1724 1258 1778 Dei,
1292 1739 1370 1783 per
1389 1726 1511 1784 quod

126 1792 241 1838 facta
280 1802 382 1837 sunt
411 1793 583 1848 omnia,
614 1794 778 1852 aperiat.
808 1792 956 1839 oculos
987 1802 1164 1839 vestros.
1203 1794 1326 1840 Idem
1354 1796 1509 1841 Tobias

126 1878 308 1908 monens
341 1863 482 1907 filium
503 1878 651 1916 suum,
689 1862 743 1908 ad
763 1864 847 1909 hoc
883 1865 1092 1908 monebat
1124 1872 1175 1908 ut
1196 1863 1402 1910 clamaret
1426 1881 1435 1908 :
1461 1866 1508 1911 id

126 1943 211 1989 est,
238 1933 294 1978 ad
314 1933 430 1978 bona
452 1949 580 1993 opera
601 1933 823 1978 monebat.
852 1934 1032 1978 Dicebat
1051 1933 1114 1977 illi
1136 1943 1186 1979 ut
1201 1933 1323 1979 daret
1342 1951 1508 1996 paupe-

125 2006 245 2050 ribus
263 2040 273 2060 ,
298 2005 576 2065 praecipiebat
603 2015 652 2050 ut
673 2005 968 2063 eleemosynas
999 2004 1160 2050 faceret
1180 2005 1504 2065 indigentibus,

125 2085 168 2120 et
189 2075 375 2121 docebat
398 2075 543 2120 dicens
572 2095 580 2121 :
607 2095 627 2118 «
647 2075 758 2131 Fili,
783 2075 1069 2134 eleemosynae
1090 2092 1180 2121 non
1211 2076 1360 2122 sinunt
1380 2078 1442 2122 ire
1460 2079 1507 2123 in

126 2164 147 2188 »
182 2145 383 2191 tenebras
396 2149 428 2190 ².
457 2163 477 2188 »
503 2145 742 2191 Consilium
773 2147 1063 2206 percipiendae
1093 2155 1224 2206 atque
1253 2147 1505 2192 obtinendae

122 2215 230 2261 lucis
242 2232 382 2261 caecus
397 2216 545 2261 dabat.
567 2236 586 2258 «
603 2216 919 2275 Eleemosynae,
932 2217 1188 2277 inquit,non
1208 2218 1355 2262 sinunt
1372 2219 1432 2262 ire
1456 2220 1502 2263 in

125 2304 147 2328 »
172 2287 388 2332 tenebras.
408 2305 429 2329 »
453 2288 495 2332 Si
519 2288 558 2331 ei
579 2287 693 2332 filius
712 2289 994 2348 responderet
1015 2288 1195 2333 miratus
1215 2308 1224 2333 z
1251 2288 1366 2342 Quid
1381 2305 1500 2349 ergo,

122 2366 260 2416 pater,
281 2367 327 2402 tu
343 2357 638 2416 eleemosynas
651 2374 741 2402 non
758 2358 896 2404 fecisti
915 2368 963 2403 ut
978 2358 1108 2403 modo
1126 2374 1266 2403 caecus
1280 2359 1471 2420 loquaris
1488 2381 1497 2406 ε

121 2436 171 2471 tu
182 2443 299 2472 nunc
312 2443 458 2472 nonne
472 2428 517 2471 in
531 2428 720 2472 tenebris
733 2444 792 2484 es,
808 2429 883 2489 qui
896 2429 1001 2472 mihi
1020 2428 1125 2473 dicis
1142 2448 1149 2472 t
1173 2429 1503 2488 «Eleemosynae

169 2511 330 2553 1T0b.11,
354 2520 412 2553 21,
429 2516 493 2543 etc.
517 2529 553 2535 --
570 2513 714 2549 2111.1v,
738 2524 785 2544 ῐῐ.
