1898 3178
6 1398 14 1410 -;
5 1330 10 1351 2—
5 1261 9 1278 —
4 1186 11 1215 q,
4 1109 11 1147 -r
3 1050 8 1073 .-
2 979 7 1000 ,
2 908 6 932 ⁷-
2 838 6 866 v.
0 766 5 780 ,-

363 261 501 288 sermo
533 260 656 296 mvi,
695 260 745 286 DE
779 261 923 287 vEnms
958 258 1120 285 MATTH.
1157 260 1217 284 xi.
1392 246 1475 284 265

103 344 123 368 »
159 326 260 370 dinc
288 326 378 385 ejus
405 324 662 382 accepimus.
690 342 710 364 >1
737 326 802 367 Tu
836 324 977 367 dixisti
999 343 1008 368 ι
1040 343 1059 366 «
1085 325 1181 369 Non
1201 336 1296 366 sum
1319 320 1477 379 dignus

103 416 123 436 η
159 396 383 453 corrigiam
402 393 680 438 calceamenti
699 395 790 452 ejus
812 394 1020 437 solvere.»
1046 396 1103 437 Et
1122 393 1253 436 modo
1276 400 1325 435 tu
1341 390 1447 435 dicis
1465 411 1473 436 :

104 487 120 505 «
160 469 223 509 Tu
244 481 286 509 es
309 465 384 524 qui
403 465 540 517 venis,
567 479 622 507 an
645 462 776 507 alium
800 466 1106 522 expectamus?
1132 482 1151 503 »
1177 461 1256 506 Ille
1278 462 1368 521 ipse
1390 477 1479 505 non

100 546 162 580 est
175 539 192 578 ‘?
206 539 269 579 Tu
283 536 379 596 quis
392 551 435 579 es
449 537 466 579 Ρ
480 537 634 580 Nonne
651 543 700 578 tu
718 550 761 578 es
775 550 1016 594 praecursor
1028 535 1186 593 ipsius?
1201 536 1355 579 Nonne
1374 543 1423 578 tu
1435 549 1479 576 es

99 607 153 650 de
173 623 261 666 quo
282 606 538 666 praedictum
565 615 647 649 est:
671 625 688 647 «
704 609 815 649 Ecce
837 606 961 649 mitto
981 605 1195 663 Angelum
1219 620 1364 648 meum
1380 614 1478 648 ante

101 694 122 718 »
157 677 312 721 faciem
334 687 454 721 tuam
471 712 482 731 ,
513 686 556 721 et
577 676 838 736 praeparabit
858 675 973 721 viam
995 685 1116 720 tuam
1130 677 1175 717 1?
1202 694 1220 716 n
1248 674 1479 728 Quomodo

96 749 209 791 viam
228 762 459 807 praeparas,
479 757 522 791 ct
539 756 588 791 tu
605 749 744 791 erras?
759 749 986 791 Venerunt
1003 761 1105 804 ergo
1128 744 1328 804 discipuli
1353 748 1375 789 J
1381 761 1479 790 oan-

97 819 163 862 nis
190 838 198 862 ε
223 828 267 862 et
283 820 492 863 Dominus
515 819 569 862 ad
594 818 686 863 illos
708 838 717 865 ι
743 838 763 861 «
791 821 878 873 Ite,
910 818 1039 861 dicite
1067 817 1225 861 Joanni
1248 837 1256 861 :
1278 817 1392 861 Caeci
1415 818 1480 860 vi·

100 907 120 930 »
155 889 288 943 dent,
321 889 441 933 surdi
464 889 676 944 audiunt,
708 887 853 933 claudi
884 887 1137 942 ambulant,
1166 887 1323 946 leprosi
1347 903 1479 930 mun-

101 978 120 999 »
156 959 315 1002 dantur
332 994 342 1014 ,
367 975 576 1018 pauperes
606 959 957 1017 evangelizantur
978 979 985 1003 ε
1008 968 1049 1002 et
1073 959 1226 1002 beatus
1247 959 1322 1018 qui
1345 959 1389 1000 in
1412 973 1481 1001 me

101 1047 120 1069 ³)
157 1045 244 1073 non
268 1028 398 1073 fuerit
431 1029 786 1073 scandalizatus‘2.
817 1049 836 1070 »
862 1029 1004 1073 Nolite
1034 1029 1239 1087 suspicari
1268 1030 1481 1072 Joannem

97 1099 433 1144 scandalizatum
472 1115 561 1144 esse
589 1100 633 1143 in
661 1100 846 1144 Christo.
880 1103 937 1143 Et
964 1109 1109 1143 tamen
1132 1099 1263 1144 verba
1282 1099 1480 1158 quasisic

98 1179 252 1214 sonant
273 1190 281 1215 :
310 1190 328 1211 «
357 1173 421 1213 Tu
444 1186 487 1214 es
505 1171 581 1230 qui
602 1171 755 1214 venis?
777 1189 795 1210 »
818 1171 957 1228 Opera
983 1170 1220 1228 interroga:
1248 1189 1266 1210 «
1287 1169 1400 1213 Caeci
1422 1169 1482 1212 vi-

104 1258 124 1281 »
159 1241 264 1284 dent
279 1275 290 1295 ‚
326 1240 443 1284 surdi
473 1239 678 1294 audiunt,
715 1240 859 1284 claudi
894 1239 1143 1295 ambulant,
1170 1239 1328 1299 leprosi
1349 1255 1480 1284 mun-

103 1328 124 1351 »
160 1310 320 1354 dantur
336 1345 347 1365 ,
370 1311 530 1354 mortui
552 1320 783 1369 resurgunt
801 1345 811 1364 ‚
833 1326 1042 1369 pauperes
1057 1310 1406 1368 evangelizantur
1428 1330 1436 1354 ;
1457 1328 1478 1351 »

98 1390 140 1424 et
157 1381 314 1440 quaeris
337 1396 391 1423 an
414 1395 494 1439 ego
516 1383 641 1423 sum?
669 1402 687 1422 «
713 1382 853 1440 Opera
871 1416 880 1435 ,
898 1381 1067 1440 inquit,
1093 1396 1208 1436 mea,
1232 1381 1364 1424 verba
1387 1395 1482 1424 mea

100 1469 120 1493 »
155 1461 271 1495 sunt.
299 1454 380 1504 Ite,
406 1451 666 1495 renuntiate.
697 1451 783 1494 lllis
801 1460 947 1494 autem
970 1451 1278 1495 abeuntibus.»
1291 1454 1354 1496 Ne
1369 1450 1481 1495 forte

97 1521 250 1582 aliquis
272 1521 388 1566 dicat
409 1542 418 1567 ε
453 1525 599 1567 Bonus
621 1532 710 1566 erat
733 1523 873 1582 primo
895 1525 919 1566 J
925 1538 1085 1567 oannes
1099 1557 1109 1576 ,
1131 1534 1175 1566 et
1200 1522 1383 1582 Spiritus
1401 1524 1481 1566 Dei

96 1593 285 1636 deseruit
302 1592 427 1636 illum
446 1612 454 1637 :
471 1593 570 1637 ideo
591 1593 670 1636 ista
687 1593 794 1636 dixit
815 1602 913 1652 post
935 1608 1083 1637 eorum
1100 1593 1331 1637 discessum
1349 1613 1359 1649 3
1385 1602 1481 1651 post

97 1664 331 1708 discessum
352 1664 544 1723 ipsorum
562 1679 671 1723 quos
693 1664 863 1707 miserat
883 1665 1091 1718 Joannes‚
1113 1663 1309 1708 Christus
1330 1663 1478 1707 lauda-

96 1733 158 1777 vit
180 1736 410 1777 Joannem.

155 1805 231 1847 IV.
259 1803 375 1856 Quid
397 1803 478 1846 sibi
500 1818 601 1861 ergo
623 1803 718 1847 vult
749 1804 933 1848 obscura
955 1805 1169 1864 quaestio?
1203 1807 1366 1848 Luceat
1385 1803 1449 1847 sol
1467 1839 1478 1858 ,

96 1873 213 1917 unde
235 1873 307 1916 illa
327 1873 504 1917 lucerna
527 1890 704 1917 accensa
727 1884 803 1916 est.
831 1878 1008 1916 Prorsus
1034 1877 1090 1916 ita
1123 1874 1283 1916 solutio
1305 1873 1480 1916 evidens

96 1944 252 1989 solutio
272 1953 350 1988 est.
377 1946 564 1987 Joannes
588 1958 778 1987 seorsum
798 1943 990 1987 habebat
1011 1942 1245 2002 discipulos
1270 1963 1280 1987 ε
1306 1959 1395 1987 non
1414 1959 1480 1988 se-

96 2024 293 2074 paratus,
317 2013 391 2058 sed
414 2015 528 2058 testis
547 2023 734 2073 paratus.
757 2013 997 2073 Oportebat
1016 2014 1129 2057 enim
1152 2023 1201 2057 ut
1220 2013 1313 2057 talis
1330 2015 1478 2073 perhi-

98 2086 218 2130 beret
241 2085 536 2129 testimonium
566 2085 767 2137 Christo,
800 2084 875 2144 qui
905 2094 947 2127 et
970 2086 1058 2143 ipse
1083 2083 1322 2143 Discipulos
1357 2084 1479 2129 colli-

97 2157 226 2213 gebat
243 2192 253 2211 ,
273 2157 348 2216 qui
372 2156 409 2198 ei
434 2165 603 2214 poterat
624 2154 817 2199 invidere
836 2191 846 2210 ‚
872 2155 905 2198 si
927 2171 1016 2199 non
1032 2156 1165 2214 possit
1181 2156 1344 2199 videre.
1364 2158 1479 2214 Ergo

98 2227 199 2285 quia
224 2241 304 2284 pro
326 2240 482 2283 magno
505 2226 728 2269 habebant
757 2224 959 2285 discipuli
987 2226 1164 2269 Joannis
1180 2261 1190 2280 ‚
1226 2227 1480 2284 magistrum

97 2311 222 2339 suum
263 2297 498 2352 Joannem3
551 2295 787 2340 audiebant
817 2313 840 2340 a
877 2299 901 2340 J
906 2311 1046 2341 oanne
1091 2296 1388 2340 testimonium
1428 2296 1483 2340 de

97 2365 293 2420 Christo,
327 2374 370 2409 et
402 2364 673 2408 mirabantur
700 2384 708 2409 :
740 2366 999 2420 moriturus,
1031 2367 1085 2409 ab
1118 2365 1193 2410 illo
1235 2381 1305 2410 eos
1339 2365 1479 2411 voluit

96 2435 357 2481 confirmari.
393 2436 492 2479 Sine
513 2434 650 2479 dubio
683 2436 796 2479 enim
817 2435 878 2479 illi
897 2436 1100 2480 dicebant
1121 2435 1239 2495 apud
1265 2452 1308 2481 se
1325 2437 1438 2496 ipsos
1465 2457 1474 2482 ε

98 2507 183 2551 Iste
200 2505 255 2550 de
287 2505 364 2550 illo
394 2514 513 2550 tanta
543 2505 678 2561 dicit,
708 2507 798 2565 ipse
819 2506 873 2551 de
903 2522 945 2550 se
975 2507 1050 2551 ista
1080 2522 1168 2551 non
1200 2506 1319 2552 dicit.
1351 2527 1370 2551 «
1392 2511 1473 2564 lte,

149 2599 159 2615 ¹
181 2590 299 2623 Matth.
319 2601 363 2631 xr,
388 2602 436 2624 ιο.
460 2607 499 2612 -
520 2590 681 2631 21bisl.4‚
703 2591 731 2622 ε’).
