1898 3178
459 250 542 303 550
888 255 922 284 s.
958 256 1188 286 Auens-nm
1220 259 1402 287 131>1sco¹>1

460 325 576 370 Talia
599 325 715 368 enim
733 330 834 366 sunt
847 322 976 366 verba
990 321 1187 381 Apostoli
1207 342 1216 368 :
1241 323 1501 368 «Attendite
1515 358 1527 379 ,
1551 324 1709 384 inquit,
1724 326 1837 386 qun„1

459 415 481 439 »
517 395 622 440 dicit
639 393 754 438 Elias
774 411 783 436 :
802 393 1007 448 Domine,
1032 394 1267 452 Prophetas
1290 404 1387 439 tuos
1408 394 1687 450 occiderunt,
1720 396 1760 440 al
1790 428 1817 435 .,

460 485 480 508 »
516 466 577 509 ria
597 474 669 508 tua
699 471 949 508 everterunt
964 496 976 517 ‚
1010 471 1054 506 et
1074 477 1154 522 ego
1174 463 1348 508 relictus
1369 479 1465 508 sum
1487 464 1602 509 solus
1619 499 1631 520 ,
1656 473 1698 509 et
1712 480 1771 525 qu
1796 486 1817 505 :2

458 555 480 578 »
515 543 618 579 runt
650 534 836 578 animam
865 548 1025 578 meam.
1058 551 1079 575 »
1111 532 1194 578 Sed
1229 534 1335 593 quid
1362 533 1426 578 illi
1448 533 1554 579 dicit
1580 550 1756 612 respons
1799 530 1847 582 «4'

457 606 684 650 divinum?
703 622 724 646 «
743 600 918 664 Rehqui
939 603 1049 647 mihi
1074 612 1238 662 septem
1261 602 1396 648 millia
1413 604 1626 659 virorum,
1651 605 1728 664 qui
1744 621 1793 649 ιι
1831 660 1833 665 y

394 693 396 697 ⁸
459 694 480 718 ι)
515 682 806 721 curvaverunt
838 688 979 732 genua
1009 682 1109 719 ante
1135 673 1283 717 Baal‘.
1312 692 1332 715 »
1360 673 1509 719 Solum
1531 683 1574 718 te
1597 684 1723 733 putas
1746 691 1837 726 esf
1871 700 1898 744 ⁰1

455 761 628 792 servum
663 745 776 789 bene
801 743 1110 790 laborantem:
1121 752 1251 822 sunt
1277 752 1321 788 et
1341 743 1412 788 alii
1438 759 1508 788 me
1530 744 1779 824 timentes,.
1801 750 1843 787 225
1870 771 1898 800 un

462 908 484 931 «
520 889 588 933 Sic
609 902 712 946 ergo
744 887 852 931 etin
887 886 971 930 hoc
997 894 1209 944 tempore.
1234 883 1527 930 Crediderunt
1558 886 1675 929 enim
1705 886 1780 930 ali·
1805 908 1835 928 :2

460 978 480 1001 »
515 957 681 1013 Judaei‚
708 966 751 1001 et
772 956 900 1001 multi
922 955 1103 1000 fuerunt
1127 955 1380 1015 ieprobati:
1419 975 1440 998 ι)
1476 956 1587 1001 sicut
1604 965 1648 1000 et
1668 956 1741 1001 ille
1762 974 1831 1017 (ιι,
1867 980 1898 1024 NF

461 1118 482 1141 »
518 1100 563 1143 in
592 1100 675 1143 hoc
697 1107 893 1157 tempore
908 1131 919 1152 ‚
946 1096 1142 1156 reliquiae
1163 1111 1240 1155 per
1261 1096 1514 1142 electionem
1540 1097 1689 1156 gratiae
1710 1097 1815 1143 salv
1864 1105 1898 1149 du]

462 1188 482 1212 »
517 1168 643 1214 factae
677 1176 806 1225 sunt3
834 1167 917 1211 »id
954 1175 1046 1221 est,
1074 1166 1189 1210 idem
1212 1167 1407 1211 Christus
1437 1176 1500 1211 est
1526 1168 1602 1227 qui
1633 1176 1766 1223 tunc,
1805 1178 1821 1203 :³
1864 1192 1898 1223 nos

457 1239 607 1294 modo,
632 1239 709 1299 qui
727 1247 770 1282 et
789 1237 853 1282 illi
867 1247 974 1282 tunc
995 1237 1103 1282 Eliae
1121 1236 1254 1282 dixit:
1278 1237 1454 1298 Reliqui
1474 1238 1598 1281 mihi.
1623 1237 1739 1291 Quid
1755 1252 1791 1281 e
1816 1263 1829 1280 r
1862 1248 1898 1292 jud

459 1310 634 1369 Reliqui
657 1309 795 1352 mihi?
827 1310 920 1367 Ego
949 1307 1046 1352 illos
1073 1307 1212 1365 elegi,
1238 1308 1341 1367 quia
1361 1309 1451 1352 vidi
1473 1317 1640 1352 mentes
1666 1307 1766 1353 illor

459 1382 514 1426 de
535 1396 606 1425 me
627 1388 964 1439 praesumentes,
1002 1393 1091 1422 non
1120 1377 1175 1421 de
1203 1393 1269 1433 se,
1294 1394 1374 1422 nec
1395 1379 1450 1422 de
1469 1379 1586 1423 Baal.
1621 1381 1719 1424 Non
1742 1389 1821 1423 su'·
1860 1416 1898 1432 m„

461 1452 633 1502 mutati,
652 1451 709 1494 sic
726 1458 827 1493 sunt
843 1458 893 1492 ut
910 1465 933 1492 a
954 1463 1024 1492 me
1046 1447 1147 1492 facti
1167 1457 1284 1492 sunt.
1304 1452 1361 1492 Et
1374 1457 1423 1493 tu
1439 1450 1516 1509 qui
1537 1449 1745 1508 loqueris,
1761 1446 1825 1508 ῐιῗζςζ

460 1521 514 1565 de
531 1536 601 1564 me
623 1534 921 1579 praesumeres,
946 1519 1024 1563 ubi
1046 1520 1188 1562 esses?
1219 1519 1308 1563 Nisi
1329 1520 1464 1577 gratia
1485 1534 1581 1563 mea
1601 1519 1756 1578 plenus

460 1607 524 1635 ses
542 1626 552 1645 ‚
579 1606 727 1635 nonne
749 1599 848 1633 ante
874 1587 977 1631 Baal
1007 1588 1138 1631 etiam
1173 1589 1264 1647 ipse
1298 1604 1413 1647 genu
1440 1590 1666 1634 flecteres?
1697 1579 1825 1634 Gra

463 1670 608 1705 autem
636 1675 732 1703 mea
754 1658 907 1718 plenus
928 1673 998 1715 θῇς
1021 1658 1124 1717 quia
1147 1657 1256 1701 nihil
1281 1657 1336 1702 de
1358 1668 1434 1703 tua
1464 1659 1626 1703 virtute
1641 1693 1653 1714 ‚
1678 1658 1754 1703 sed
1793 1704 1795 1706 ,
1819 1694 1823 1703 -.

461 1742 554 1775 tum
574 1730 628 1773 de
646 1744 739 1773 mea
756 1729 890 1786 gratia
910 1728 1231 1787 praesumpsisti.
1246 1728 1345 1773 Noli
1362 1744 1464 1787 ergo
1480 1728 1526 1772 in
1538 1729 1622 1773 hoc
1641 1727 1821 1791 gloria

462 1811 511 1845 ut
530 1810 655 1860 putes
679 1809 720 1843 te
750 1799 797 1842 in
831 1799 1003 1843 servitio
1040 1808 1117 1842 tuo
1149 1813 1239 1842 non
1270 1799 1430 1842 habere
1465 1813 1692 1843 conservos
1714 1815 1763 1845 :s
1790 1807 1818 1838 ξ

463 1887 572 1931 quos
589 1870 727 1927 elegi,
749 1869 860 1913 sieut
876 1878 919 1913 et
941 1878 984 1913 te
1001 1904 1012 1924 ‚
1038 1868 1092 1912 de
1110 1883 1178 1912 me
1201 1868 1362 1912 scilicet
1377 1877 1712 1927 praesumentes:
1733 1869 1807 1915 si=›¹

462 1943 520 1986 ait
553 1939 786 2001 Apostolus
806 1958 815 1984 :
839 1958 859 1981 α
878 1942 935 1983 Et
956 1954 1074 1983 nunc
1095 1938 1292 1998 reliquiae
1314 1953 1391 1997 per
1419 1937 1675 1983 electionem
1697 1953 1787 1997 gra

464 2031 485 2054 »
520 2012 648 2056 salvae
669 2009 796 2054 sactae
818 2018 935 2053 sunt.
959 2026 981 2049 »

521 2084 598 2125 IV.
629 2083 744 2126 Cave
760 2114 771 2133 ,
796 2095 822 2123 o
843 2079 1112 2132 Christiane,
1147 2092 1251 2121 cave
1287 2077 1550 2135 superbiam.
1583 2078 1704 2121 Licet
1729 2089 1819 2127 ej„

462 2153 653 2196 imitator
688 2159 939 2194 sanctorum
979 2148 1060 2203 sis,
1106 2156 1248 2191 totum
1289 2162 1459 2207 semper
1482 2147 1629 2205 gratiae
1656 2159 1814 2206 repuvv

461 2223 564 2282 quia
585 2230 635 2265 ut
653 2229 762 2264 esset
784 2219 951 2278 aliquid
964 2217 1203 2277 reliquum,
1220 2217 1354 2274 gratia
1371 2216 1417 2260 in
1431 2225 1474 2260 te
1492 2217 1595 2271 Dei,
1615 2231 1705 2260 non
1719 2225 1737 2260 t

461 2292 667 2335 meritum
688 2288 806 2334 fecit.
829 2292 890 2333 De
911 2288 1011 2347 ipsis
1034 2286 1226 2347 denique
1242 2285 1434 2346 reliquiis
1453 2285 1620 2330 dixerat
1635 2301 1811 2346 prop-'4

460 2366 594 2407 Isa'1'as
615 2374 959 2406 commemorans
984 2377 994 2403 :
1017 2358 1140 2403 «Nisi
1162 2357 1373 2404 Dominus
1397 2356 1589 2402 Sabaoth
1605 2356 1771 2417 reliqui
1806 2343 1815 2405 ³3

460 2450 482 2474 ι)
516 2432 642 2476 nobis
676 2445 824 2475 semen
844 2464 855 2485 ,
895 2431 1006 2474 sicut
1041 2429 1228 2474 Sodoma
1265 2428 1371 2473 faeti
1407 2442 1622 2483 essemus,
1660 2437 1703 2472 et
1733 2427 1780 2472 s'
1807 2437 1813 2472 ἶ]

458 2520 478 2543 »
513 2502 755 2546 Gomorrha
790 2499 946 2544 similes
974 2498 1220 2543 fuissemus.
1258 2498 1332 2544 Sic
1369 2512 1496 2556 ergo,
1521 2496 1694 2556 inquit,
1726 2504 1775 2542 et*
1803 2515 1806 2532 1

507 2592 515 2608 ¹
536 2585 640 2617 Florus
655 2586 694 2617 ad
708 2587 799 2617 Rom.
820 2595 864 2624 xl,
884 2584 916 2625 3,
937 2588 1001 2616 etc.
