1898 3178
432 226 516 265 326
865 237 897 263 s.
933 235 1163 263 Auousnm
1194 236 1375 264 Emscom

435 303 610 361 accipis,
637 316 716 345 nec
739 301 900 343 invitus
922 301 1097 344 amittis.
1115 303 1274 354 Quaero
1295 316 1397 360 ergo
1420 300 1548 362 quale
1564 302 1719 345 sithoc
1739 301 1816 345 bo-

432 389 540 417 num
551 375 568 413 ἰ)
591 371 782 415 Psalmus
813 371 992 431 quidam
1017 370 1221 415 admonet
1244 387 1321 416 nos
1342 387 1430 415 rem
1453 387 1678 430 magnam,
1703 371 1817 416 forte

432 454 564 504 quam
586 442 837 502 quaerimus.
869 442 941 487 Ait
963 441 1079 486 enim
1101 461 1110 486 :
1141 461 1161 484 «
1185 441 1283 486 Filii
1303 443 1532 486 hominum
1551 477 1561 497 ,
1587 457 1816 502 quousque

431 532 454 557 >›
491 528 638 572 graves
660 512 790 558 corde
806 514 885 554 1Ἰ»
910 515 1150 573 Quousque
1173 513 1302 557 arhor
1318 511 1391 556 illa
1408 513 1453 557 in
1472 513 1690 557 triennio?
1709 531 1730 555 «
1748 513 1818 556 Fi-

432 603 454 627 »
490 583 537 628 lii
555 584 783 628 hominum
801 619 812 640 ‚
833 599 1063 645 quousque
1082 598 1226 642 graves
1248 583 1378 627 corde
1394 585 1413 624 ⁶?
1432 601 1452 624 »
1475 584 1593 638 Quid
1614 592 1693 639 est,
1719 597 1817 641 gra-

431 669 504 700 ves
525 653 655 699 corde
669 656 688 696 ⁶?
703 672 724 697 «
737 656 792 698 Ut
814 654 922 714 quid
945 653 1122 713 diligitis
1145 653 1397 708 vanitatem,
1417 662 1461 697 et
1479 654 1671 714 quaeritis
1691 669 1818 698 men-

437 744 459 769 »
478 725 678 770 dacium?
689 728 772 770 »Et
785 725 840 770 ad
851 727 946 770 haec
962 741 1065 784 ergo
1084 726 1143 769 ait
1157 724 1276 785 quod
1288 724 1575 785 quaerendum
1591 734 1654 769 est
1667 744 1676 770 ε
1691 744 1710 767 «
1725 726 1818 770 Sci-

435 815 458 839 »
494 806 586 842 tote
607 798 815 857 quoniam
838 797 1050 841 Dominus
1070 795 1362 855 magnificavit
1387 797 1595 840 Sanctum
1616 798 1813 841 suum2.»
1859 823 1861 826 -

437 871 534 913 Jam
565 877 607 912 et
624 868 821 913 Christus
841 869 977 924 venit,
995 869 1081 928 jam
1099 867 1399 926 magnificatus
1421 876 1505 921 est,
1526 868 1616 926 jam
1637 867 1820 912 surrexit
1854 894 1856 906 ·

435 948 480 984 et
496 937 688 983 aseendit
709 938 753 982 in
766 937 945 991 coelum,
956 940 1045 998 jam
1063 952 1223 981 nomen
1241 938 1332 997 ejus
1350 953 1425 997 per
1442 947 1582 982 totum
1601 938 1818 982 mundum
1857 959 1859 962 >

434 1010 700 1070 praedicatur
719 1029 727 1054 ;
748 1025 978 1070 quousque
1001 1024 1148 1067 graves
1165 1009 1331 1053 corde?
1355 1009 1581 1053 Sufficiant
1602 1010 1819 1068 praeterita
1854 1012 1860 1047 ἴ

436 1090 634 1140 tempora
654 1099 662 1124 :
690 1082 781 1140 jam
804 1080 1078 1137 magnificato
1106 1078 1182 1123 illo
1205 1082 1364 1124 Sancto
1381 1115 1391 1134 ‚
1417 1095 1648 1140 quousque
1670 1094 1819 1138 graves
1854 1099 1859 1122 ι

439 1149 601 1195 corde?
617 1153 720 1194 Post
739 1150 975 1193 triennium
998 1149 1105 1209 quid
1127 1158 1274 1205 restat,
1293 1149 1375 1193 nisi
1393 1150 1584 1194 securis?
1610 1168 1628 1191 «
1648 1154 1820 1203 Quous-

436 1238 458 1263 >›
484 1236 571 1280 que
588 1235 737 1279 graves
751 1219 973 1265 corde?Ut
985 1220 1092 1279 quid
1110 1219 1286 1278 diligitis
1301 1219 1556 1275 vanitatem,
1572 1228 1616 1263 et
1627 1220 1820 1279 quaeritis

433 1310 456 1334 i)
482 1291 824 1336 mendacium?»
837 1291 995 1336 Adhuc
1012 1306 1137 1346 vana,
1154 1291 1298 1334 adhue
1318 1291 1507 1346 inutilia,
1534 1291 1679 1335 adhuc
1701 1306 1821 1350 pom-

431 1364 575 1424 patica
590 1371 631 1407 et
643 1362 845 1417 volatica,
856 1362 1095 1406 itaChristo
1110 1371 1259 1406 sancto
1275 1362 1569 1420 magnificato,
1582 1362 1727 1406 adhuc
1740 1362 1821 1406 ista
1856 1407 1859 1412 ,

432 1433 742 1494 requiruntur?
759 1435 855 1476 Jam
871 1431 1029 1476 elamat
1046 1432 1224 1487 veritas,
1244 1441 1287 1476 et
1309 1431 1453 1476 adhuc
1475 1431 1687 1492 quaeritur
1703 1433 1820 1477 vani·
1854 1438 1858 1472 ἒ

436 1513 501 1549 tas
516 1506 534 1547 P
551 1507 790 1562 Quousque
814 1517 963 1561 graves
983 1501 1145 1545 corde?
1856 1547 1858 1551 ,

495 1577 595 1619 VII.
621 1573 777 1618 Merito
799 1573 970 1617 fortiter
1001 1572 1247 1630 flagellatur
1275 1572 1346 1616 hic
1367 1571 1558 1617 mundus
1581 1592 1589 1618 ε
1617 1574 1822 1633 cognovit
1856 1567 1858 1572 ¹

438 1646 554 1690 enim
583 1646 674 1704 jam
708 1643 840 1687 verba
875 1643 1048 1687 Domini
1085 1642 1292 1687 mundus.
1322 1662 1341 1685 «
1365 1646 1421 1687 Et
1441 1657 1587 1688 servus
1603 1679 1614 1700 ,
1646 1644 1792 1705 inquit
1808 1679 1819 1700 ,
1896 1631 1898 1646 ¹

439 1733 462 1758 »
497 1715 690 1759 nesciens
707 1714 980 1759 voluntatem
999 1713 1164 1758 domini
1178 1714 1262 1772 sui,
1278 1723 1322 1758 et
1338 1714 1501 1758 faciens
1519 1713 1650 1773 digna
1666 1714 1819 1774 plagis,

439 1803 461 1827 ))
495 1784 721 1844 vapulabit
741 1784 932 1843 paucis3.
957 1801 977 1825 »
999 1785 1173 1837 Quare?
1191 1786 1248 1828 Ut
1269 1793 1436 1843 quaerat
1452 1784 1722 1828 voluntatem
1740 1785 1823 1830 do—

434 1855 546 1900 mini
568 1856 648 1898 sui.
667 1857 822 1899 Servus
841 1868 943 1912 ergo
962 1855 1156 1898 nesciens
1173 1853 1460 1910 voluntatem,
1485 1855 1569 1899 hoe
1585 1864 1677 1898 erat
1694 1870 1825 1899 mun-

438 1928 536 1982 dus,
558 1935 792 1987 antequam
809 1926 1108 1985 magnificaret
1129 1934 1327 1969 sanctum
1345 1940 1497 1983 suum3
1523 1928 1711 1971 «Servus
1733 1936 1825 1972 erat
1854 1979 1855 1982 Ἴ

439 2016 462 2040 »
497 1998 690 2042 nesciens
706 1996 979 2041 voluntatem
1000 1996 1166 2040 domini
1183 1996 1265 2050 sui,
1283 2005 1326 2040 et
1344 1995 1440 2040 ideo
1463 1996 1697 2056 vapulabat
1713 2013 1824 2056 pau-

441 2087 462 2111 »
499 2069 573 2112 eis.
591 2086 611 2108 »
640 2069 794 2111 Servus
822 2075 968 2110 autem
985 2070 1075 2126 jam
1096 2064 1369 2110 voluntatem
1393 2067 1529 2110 sciens
1550 2066 1717 2111 domini
1738 2068 1820 2124 sui,

438 2140 524 2184 hoc
546 2146 610 2181 est
626 2136 774 2192 modo,
790 2152 842 2180 ex
861 2152 950 2196 quo
973 2136 1267 2194 magnificavit
1280 2137 1422 2181 Deitas
1439 2139 1648 2181 Sanctum
1667 2153 1793 2181 suum
1810 2159 1822 2196 3
1854 2187 1856 2190 y
1894 2141 1898 2151 “

441 2219 485 2253 et
505 2225 595 2253 non
616 2207 777 2252 faciens
809 2207 1082 2252 voluntatem
1106 2207 1218 2266 ejuS‚
1250 2206 1476 2266 vapulabit
1510 2207 1675 2251 multis.
1708 2208 1826 2261 Quid
1854 2254 1855 2262 ἶ
1896 2218 1898 2221 ⁴

443 2294 544 2337 ergo
558 2279 735 2333 mirum,
750 2278 784 2321 si
801 2276 991 2322 mundus
1009 2274 1199 2321 multum
1211 2277 1419 2338 vapulat?
1438 2279 1593 2322 Servus
1611 2286 1674 2322 est
1688 2278 1825 2323 sciens

439 2349 711 2395 voluntatem
734 2347 901 2393 domini
923 2357 967 2392 et
995 2347 1157 2391 faciens
1187 2348 1319 2407 digna
1338 2347 1490 2408 plagis.
1515 2351 1613 2393 Non
1634 2363 1736 2407 ergo
1752 2364 1824 2393 re-

440 2429 558 2463 cuset
578 2418 784 2479 vapulare
803 2417 952 2462 multis
975 2437 983 2462 :
1013 2418 1221 2478 quoniam
1247 2418 1280 2462 si
1304 2433 1394 2462 non
1419 2418 1515 2463 vult
1536 2418 1685 2463 audire
1708 2434 1824 2479 prae·
1852 2419 1855 2458 ἶ
1894 2425 1898 2434 ⁴

438 2498 656 2548 ceptorem
686 2490 845 2549 injuste
861 2524 871 2544 ‚
902 2490 1019 2549 juste
1042 2488 1228 2548 patietur
1257 2488 1460 2534 ultorem.
1485 2489 1567 2533 Vel
1586 2504 1675 2534 non
1697 2502 1821 2534 mur·
1854 2482 1856 2527 ῗ

488 2575 501 2594 ¹
518 2574 599 2606 Psal.
616 2586 662 2616 iv,
682 2575 713 2606 3.
739 2591 780 2598 ·—
797 2581 810 2597 ²
835 2573 917 2607 lbid.
938 2572 968 2615 4.
990 2590 1030 2597 -
1051 2571 1064 2596 3
1081 2574 1158 2606 Luc.
1183 2583 1238 2615 xu,
1254 2572 1308 2614 48.
