1898 3178
371 244 509 274 selmo
542 243 696 282 LXXIV,
730 245 785 271 DE
817 241 963 272 venus
993 241 1158 271 ΜΑΤΤΗ.
1191 242 1286 270 xm.
1428 230 1506 269 331

136 430 467 448 ἱἏΊὶΊΑἱἋΜννιΊἋ-ὡὶ
472 430 537 445 ΜΚ
542 430 607 445 §m
612 429 748 445 WWWWVB
753 430 818 444 MK
824 430 888 444 ΚΊΑΑ
895 431 959 445 tux
964 429 1309 446 VSQWWVVQWM'MQ
1312 429 1379 445 VBM*
1384 430 1512 445 νιῑὶννὶἱ

576 569 806 617 SERMO
856 571 1065 616 LXXIV.

132 758 195 801 De
215 756 357 801 verbis
378 755 606 816 Evangelii
626 757 783 801 Matth.
801 773 879 800 xm
897 774 906 800 :
928 753 1050 800 Ideo
1067 756 1220 800 omnis
1234 753 1393 801 scriba
1411 770 1514 800 eru-

515 824 639 872 ditus
660 827 708 872 in
731 839 878 889 regno
896 825 1008 882 Dei,
1029 835 1115 870 eto.

132 997 248 1038 Nunc
275 998 447 1051 primum
476 997 613 1050 prodit
640 1010 689 1037 ex
709 998 833 1037 veteri
860 997 965 1038 libro
985 996 1225 1038 Colbertinae
1255 995 1511 1036 Bibliothecae

183 1070 322 1102 notato
343 1062 436 1102 821.
463 1062 654 1115 Ejusdem
674 1069 808 1102 tamen
830 1063 1031 1102 Sermonis
1049 1069 1279 1114 excerptum
1292 1062 1373 1112 jam
1393 1067 1510 1100 exta-

181 1127 251 1167 bat
268 1128 307 1167 in
325 1126 495 1179 Vulgata
517 1127 637 1167 Bedae
651 1158 660 1175 ,
679 1140 748 1167 seu
767 1127 875 1167 Flori
891 1126 1126 1166 collectione
1143 1126 1193 1166 ad
1214 1126 1238 1163 2
1260 1126 1352 1165 Cor.
1372 1136 1422 1165 111
1438 1125 1512 1164 sub

180 1191 255 1230 hoc
273 1190 385 1230 titulo
404 1205 412 1229 :
433 1190 504 1229 Ex
521 1191 708 1231 Sermone
728 1191 772 1230 cle
789 1191 918 1230 verbis
936 1190 1153 1243 Evanyelii
1169 1200 1282 1229 XVII.
1301 1190 1427 1238 Quem
1445 1202 1508 1228 re-

181 1255 268 1308 ipsa
282 1255 462 1295 ordinem
484 1263 594 1296 tenet
609 1256 648 1294 in
665 1255 894 1296 Colbertino
915 1255 1062 1295 Codice
1083 1266 1204 1306 supra
1220 1254 1398 1294 laudato.

189 1419 224 1460 Ι.
245 1419 522 1461 Evam-Genea
539 1416 669 1461 lectio
686 1416 893 1462 admonet
909 1432 987 1462 nos
1004 1431 1200 1478 quaerere
1216 1426 1260 1460 et
1278 1416 1506 1475 explicare,

126 1497 340 1548 quantum
374 1488 583 1532 Dominus
621 1487 819 1543 dederit,
852 1488 1065 1533 Charitati
1106 1496 1283 1543 vestrae,
1317 1488 1414 1548 quis
1447 1497 1510 1531 est

129 1577 151 1601 «
177 1559 324 1603 Scriba
342 1559 539 1602 eruditus
559 1559 605 1603 in
622 1574 757 1617 regno
775 1559 852 1602 Dei
871 1558 1020 1620 similis
1043 1557 1338 1618 patrifamilias
1360 1557 1509 1618 profe-

128 1646 150 1671 »
173 1629 286 1673 renti
313 1628 368 1672 de
399 1629 602 1685 thesaur-o
624 1644 702 1673 suo
725 1644 836 1673 nova
860 1637 903 1672 et
929 1638 1076 1673 vetera
1092 1631 1122 1671 ¹.
1146 1647 1165 1670 >›
1194 1631 1246 1673 In
1280 1629 1364 1673 hoc
1394 1629 1509 1672 enim

123 1699 256 1744 lectio
272 1700 363 1759 ipsa
380 1699 615 1745 conclusit:
633 1716 731 1760 quae
747 1710 850 1744 sunt
866 1716 977 1745 nova
999 1709 1042 1743 et
1057 1709 1203 1744 vetera
1225 1700 1383 1744 eruditi
1402 1701 1511 1744 Scri-

126 1770 210 1814 bae.
237 1774 351 1823 Quos
369 1780 513 1815 autem
530 1779 694 1814 veteres
711 1770 955 1814 secundum
977 1770 1338 1815 consuetudinem
1363 1771 1510 1830 Scrip-

125 1850 325 1886 turarum
359 1850 608 1885 nostrarum
643 1842 811 1885 Scribas
844 1840 1158 1900 appellaverint
1175 1876 1186 1897 ‚
1223 1850 1378 1886 notum
1416 1851 1507 1897 est,

125 1909 327 1957 videlicet
347 1911 424 1970 qui
443 1910 551 1969 legis
578 1910 802 1954 scientiam
824 1911 1146 1970 profiterentur.
1179 1910 1300 1955 Tales
1323 1912 1438 1955 enim
1465 1912 1510 1956 in

125 1980 202 2025 illo
224 1980 387 2040 populo
408 1980 570 2025 Scribae
588 1979 922 2040 appellabantur
937 2002 948 2039 3
966 1997 1056 2025 non
1073 1979 1222 2042 quales
1237 1981 1510 2041 appellantur

124 2051 172 2095 in
193 2052 346 2096 officiis
357 2051 558 2111 judicum
574 2086 585 2106 ,
609 2051 679 2095 vel
698 2051 744 2095 in
760 2051 1078 2096 consuetudine
1100 2052 1342 2096 civitatum.
1363 2053 1509 2096 Debe-

125 2137 224 2167 mus
249 2124 365 2167 enim
385 2138 473 2167 non
496 2122 656 2167 frustra
676 2123 838 2167 intrare
858 2122 1074 2178 scholam,
1105 2122 1182 2167 sed
1203 2138 1326 2168 nosse
1353 2123 1400 2167 in
1421 2140 1508 2184 qua

123 2193 439 2251 significatione
463 2193 783 2252 Scripturarurn
798 2194 929 2238 verba
954 2204 1176 2238 teneamus
1196 2213 1205 2240 :
1229 2210 1285 2238 ne
1307 2210 1409 2239 cum
1426 2195 1506 2240 ali-

125 2263 235 2324 quid
260 2264 315 2308 de
344 2265 577 2324 Scripturis
602 2265 820 2321 sonuerit,
857 2264 979 2326 quod
1011 2265 1057 2310 in
1088 2265 1170 2310 alio
1201 2265 1395 2310 saeculari
1426 2282 1508 2312 usu

125 2333 309 2393 intelligi
329 2334 465 2390 solet,
502 2335 673 2379 aberret
702 2336 891 2391 auditor,
924 2345 968 2380 et
1000 2335 1233 2395 cogitando
1261 2337 1381 2397 quod
1403 2352 1508 2382 con-

125 2405 265 2449 suevit
279 2439 290 2459 ‚
307 2420 396 2450 non
409 2404 623 2464 intelligat
639 2406 761 2466 quod
780 2406 958 2452 audivit.
987 2407 1149 2451 Scribae
1170 2422 1273 2466 ergo
1294 2417 1417 2452 erant
1431 2409 1508 2469 qui

124 2473 228 2534 legis
250 2476 473 2521 scientiam
497 2477 829 2536 profitebantur,
851 2477 905 2523 ad
926 2493 1035 2538 quos
1055 2476 1156 2522 libri
1181 2478 1287 2538 legis
1315 2479 1507 2538 pertine-

176 2588 186 2605 ¹
206 2582 328 2615 Matth.
349 2593 414 2625 xm,
430 2582 484 2616 52.
