1898 3178
365 212 390 249 6
803 224 836 249 s.
873 220 1102 250 Ancus‘nm
1134 222 1316 250 Emscom

363 286 668 337 Deibtribuitur
694 287 931 345 praepositis
952 287 1008 331 ad
1024 286 1358 331 sustentandum
1386 286 1551 331 victum
1569 294 1741 345 tempo-

362 357 540 401 ralem1.
578 356 686 401 Inde
715 357 830 411 enim
856 356 1118 417 loquebatur
1146 357 1403 417 Apostolus,
1433 371 1534 401 cum
1555 357 1651 401 haec
1672 357 1742 401 di-

361 435 478 472 ceret
498 441 597 487 quae
617 428 990 473 commemoravi2.

420 497 496 540 IV.
528 498 585 540 Et
606 496 783 556 quidem
816 495 1048 556 Apostolus
1068 511 1320 556 quanquam
1343 495 1524 554 elegerit
1543 495 1746 540 manibus

360 567 445 610 suis
462 567 662 625 transigi,
687 576 729 610 et
751 582 830 611 nec
851 567 995 627 ipsum
1016 567 1084 612 lac
1101 582 1296 627 quaerere
1313 566 1368 610 ab
1391 566 1544 610 ovibus
1562 585 1573 623 3
1597 575 1744 610 tamen

361 636 483 681 lactis
505 635 770 695 percipiendi
790 645 1048 696 potestatem
1068 637 1230 681 habere
1252 651 1295 680 se
1319 635 1444 690 dixit,
1461 644 1504 679 et
1526 635 1585 680 sic
1604 635 1745 679 Domi-

360 721 466 750 num
485 705 759 764 disposuisse,
775 715 825 749 ut
841 706 917 767 qui
931 705 1221 765 Evangelium
1238 706 1518 759 annuntiant,
1535 703 1589 748 de
1606 706 1746 748 Evan-

362 774 473 836 gelio
493 776 656 821 vivant.
669 778 725 820 Et
739 775 846 820 dicit
861 775 966 821 alios
983 775 1278 835 co-apostolos
1293 790 1392 819 suos
1409 789 1508 819 usos
1523 774 1653 818 fuisse
1667 775 1748 819 hac

362 854 574 906 potestate
597 865 606 891 :
627 861 717 890 non
735 856 940 906 usurpata
957 882 967 902 ,
988 847 1063 891 sed
1081 847 1197 891 data.
1227 846 1328 891 Plus
1349 844 1421 889 ille
1444 844 1570 899 fecit,
1595 853 1641 888 ul
1666 859 1747 889 nec

362 914 483 975 quod
501 915 746 960 debebatur
767 917 1019 977 acciperetss.
1035 920 1131 976 Ipse
1145 932 1248 975 ergo
1263 916 1442 960 donavit
1458 924 1501 959 et
1523 914 1745 959 debitum:

361 984 437 1029 sed
459 984 566 1029 alius
594 1001 682 1029 non
704 986 834 1045 exigit
861 986 1108 1030 indebitum
1131 1005 1139 1031 :
1164 986 1237 1029 ille
1264 985 1362 1046 plus
1394 985 1514 1029 feeit.
1541 984 1748 1029 Fortassis

361 1054 478 1098 enim
505 1055 647 1113 ipsum
679 1056 950 1114 significabat
967 1090 978 1111 ,
1008 1056 1085 1115 qui
1114 1071 1281 1114 aegrum
1309 1070 1409 1099 cum
1432 1053 1670 1098 adduceret
1695 1055 1751 1097 ad

361 1123 648 1168 stabularium
664 1157 676 1178 ,
701 1125 810 1166 dixit
835 1143 845 1168 ;
869 1142 889 1164 «
917 1125 959 1168 Si
981 1124 1089 1183 quid
1115 1125 1299 1183 amplius
1321 1124 1560 1181 erogaveris
1579 1158 1590 1177 ,
1614 1123 1660 1166 in
1681 1138 1750 1167 re-

364 1210 384 1233 »
421 1190 598 1235 deundo
621 1191 801 1235 reddam
829 1192 952 1235 tibi4.
979 1210 998 1233 »
1026 1195 1087 1235 De
1115 1193 1180 1235 his
1214 1206 1315 1249 ergo
1343 1192 1418 1251 qui
1442 1207 1530 1235 non
1552 1192 1752 1251 indigent

361 1262 473 1306 lacte
496 1261 657 1320 gregis,
686 1260 793 1321 quid
820 1261 945 1320 plura
981 1261 1208 1306 dicamus?
1229 1261 1594 1307 Misericordiores
1617 1271 1721 1306 sunt
1737 1297 1748 1317 ,

362 1331 432 1376 vel
450 1332 593 1390 potius
611 1331 744 1390 ipsius
759 1330 1063 1375 misericordiae
1078 1331 1273 1376 officium
1290 1331 1451 1390 largius
1469 1332 1747 1390 impendunt.

365 1404 551 1446 Possunt
571 1400 715 1458 enim,
745 1410 788 1445 et
809 1401 930 1460 quod
962 1411 1166 1460 possunt,
1191 1401 1372 1445 faciunt.
1401 1401 1656 1446 Laudentur
1677 1403 1749 1458 hi,

365 1485 446 1515 nec
485 1471 749 1515 damnentur
776 1470 854 1514 illi.
879 1473 989 1516 Nam
1016 1481 1060 1515 et
1084 1473 1173 1530 ipse
1211 1470 1446 1530 Apostolus
1479 1470 1632 1516 datum
1663 1487 1753 1516 non

367 1540 592 1602 quaerebat
612 1561 624 1598 3
643 1538 886 1584 fructuosas
914 1550 1060 1584 tamen
1080 1556 1181 1585 oves
1203 1555 1293 1584 esse
1314 1541 1532 1600 cupiebat,
1560 1557 1650 1586 non
1672 1551 1753 1586 ste-

366 1610 466 1655 riles
482 1610 573 1654 sine
589 1609 710 1654 lactis
728 1610 969 1654 ubertate⁵.
996 1613 1149 1670 Itaque
1172 1625 1272 1654 cum
1294 1619 1403 1653 esset
1425 1609 1618 1669 quodam
1641 1620 1754 1655 tem-

367 1694 472 1740 pore
488 1680 534 1723 in
551 1694 706 1737 magna
723 1679 979 1738 indigentia,
995 1679 1166 1723 vinctus
1187 1680 1231 1723 in
1253 1679 1522 1724 confessione
1544 1681 1750 1736 veritatis,

365 1750 545 1793 missum
565 1758 628 1793 est
655 1748 719 1792 illi
741 1764 764 1793 a
788 1749 992 1792 fratribus
1024 1748 1142 1792 unde
1166 1749 1408 1793 necessitati
1435 1758 1478 1793 et
1498 1748 1753 1808 indigentiae

368 1820 459 1880 ejus
476 1819 806 1863 ministraretur,
823 1818 1064 1878 Respondit
1086 1827 1231 1862 autem
1255 1817 1339 1862 illis
1361 1818 1515 1876 gratias
1537 1834 1684 1877 agens,
1710 1829 1754 1864 et

369 1889 506 1934 dixit:
536 1909 557 1932 α
581 1892 697 1933 Bene
719 1888 877 1934 fecistis
905 1889 1226 1934 communicare
1263 1889 1590 1933 necessitatibus
1626 1891 1749 1934 meis.

373 1978 393 2001 »
428 1962 521 2016 Ego
543 1959 658 2002 enim
687 1958 820 2003 didici
840 1960 886 2002 in
913 1958 1073 2018 quibus
1100 1973 1196 2002 sum
1217 1958 1435 2002 sufficiens
1456 1973 1544 2004 esse
1568 1978 1578 2003 ε
1601 1960 1689 2004 seio
1710 1969 1755 2004 et

373 2046 394 2070 »
429 2028 678 2084 abundare,
710 2037 753 2072 et
774 2029 1002 2087 penuriam
1024 2027 1112 2087 pati
1134 2046 1143 2072 :
1167 2028 1312 2071 omnia
1337 2042 1510 2086 possum
1534 2029 1580 2072 in
1601 2044 1653 2072 eo
1678 2029 1754 2088 qui

373 2115 395 2137 »
429 2112 499 2141 me
515 2096 746 2144 confortat.
759 2099 1072 2142 Verumtamen
1082 2110 1161 2139 vos
1178 2096 1289 2139 bene
1308 2094 1467 2139 fecistis
1484 2097 1633 2141 usibus
1649 2098 1755 2142 meis

373 2184 394 2207 »
428 2166 616 2210 mittere.
645 2183 664 2206 »
695 2165 780 2209 Sed
799 2173 848 2208 ut
877 2163 1148 2219 ostenderet,
1181 2164 1227 2207 in
1250 2179 1300 2208 eo
1323 2166 1444 2223 quod
1465 2164 1527 2208 illi
1552 2166 1664 2210 bene
1686 2168 1754 2210 fe·

370 2243 550 2289 cerunt,
584 2233 693 2294 quid
720 2234 810 2292 ipsc
854 2242 1093 2293 quaereret,
1118 2247 1173 2275 ne
1202 2233 1313 2276 inter
1335 2232 1433 2277 illos
1470 2243 1580 2278 esset
1611 2236 1688 2294 qui
1710 2252 1755 2280 se

372 2306 486 2364 ipsos
507 2313 712 2363 pascunt,
738 2319 828 2349 non
845 2318 960 2356 oves,
988 2318 1078 2347 non
1096 2312 1183 2347 tam
1205 2319 1293 2346 suae
1312 2303 1473 2362 gaudet
1489 2305 1755 2350 subventum

372 2388 461 2417 esse
498 2373 766 2428 necessitati,
801 2387 933 2432 quam
962 2371 1135 2415 illorum
1173 2372 1415 2430 gratulatur
1453 2373 1750 2420 foecunditati.

424 2475 433 2490 ¹
455 2467 561 2499 Florus
575 2468 615 2499 ad
642 2479 653 2498 1
675 2469 745 2499 Cor.
765 2478 810 2499 xx.
834 2483 876 2490 —
896 2474 909 2489 ²
932 2476 951 2499 2
969 2466 1074 2498 Thess.
1096 2478 1148 2507 111,
1167 2467 1246 2499 8.-
1269 2466 1282 2490 3
1303 2479 1315 2499 1
1337 2469 1408 2500 Cor.
1431 2479 1476 2509 ix,
1500 2479 1549 2501 12.
1572 2485 1611 2492 —-
1630 2468 1645 2499 4
1663 2471 1741 2502 Luc.

375 2534 407 2563 x,
428 2522 479 2554 35.
502 2538 542 2544 --
560 2520 574 2544 ⁵
593 2522 701 2554 Florus
718 2522 757 2553 ad
776 2521 887 2563 Philip.
906 2533 948 2555 iv.
968 2538 1010 2545 -—
1028 2519 1043 2545 ⁶
1057 2521 1172 2564 Philip.
1190 2533 1237 2564 iv,
1261 2521 1383 2563 11-14.
