1898 3178
396 249 533 276 §numo
565 249 646 286 cii,
682 250 735 275 DE
769 246 915 277 vnaius
945 250 1038 277 Luc,
1074 249 1112 275 x.
1358 240 1435 277 561

66 419 1371 442 mmmmmmmuuwvsmwmmwvwmmm
1377 427 1440 442 vm

542 547 772 596 SERMO
812 551 897 598 CII
922 554 951 596 1.

125 709 187 751 De
207 706 346 751 verbis
368 706 590 766 Evangelii
610 711 739 753 Lucae
761 726 790 752 x
817 727 826 753 ;
858 709 958 769 Qui
975 725 1056 754 vos
1077 714 1283 770 spernit,
1310 729 1385 758 me

657 781 852 839 spernit.

128 940 164 982 I.
191 940 393 982 Donamus
424 946 569 982 noster
591 940 714 982 Jesus
735 939 932 984 Christus
954 941 1074 999 quod
1104 942 1330 1001 Discipulis
1364 946 1448 988 suis

68 1006 332 1066 loquebatur
353 1006 432 1051 illo
452 1015 648 1067 tempore
670 1008 962 1063 scribebatur,
989 1018 1032 1053 et
1049 1010 1174 1055 nohis
1194 1012 1249 1055 ad
1270 1011 1452 1056 audien-

69 1076 176 1121 dum
196 1077 446 1136 parabatur.
478 1077 737 1122 Audivimus
770 1093 873 1137 ergo
903 1079 1036 1123 verba
1063 1080 1169 1139 ejus.
1197 1081 1313 1134 Quid
1337 1083 1451 1126 enim

69 1147 196 1191 nobis
212 1146 435 1206 prodesset
447 1181 458 1202 ‚
477 1148 511 1191 si
526 1146 762 1203 videretur,
784 1157 827 1192 et
848 1164 938 1193 non
955 1147 1304 1197 audireturPNec
1322 1154 1453 1197 modo

70 1215 235 1276 aliquid
255 1218 401 1272 obest,
427 1217 530 1276 quia
551 1232 640 1261 non
661 1217 849 1272 videtur,
881 1226 924 1260 et
952 1227 1098 1262 tamen
1123 1218 1312 1264 auditur.
1345 1223 1455 1265 Dicit

70 1301 174 1344 ergo
200 1305 208 1330 :
237 1304 258 1328 «
283 1286 364 1339 Qui
381 1300 456 1330 vos
478 1287 642 1344 spernit
657 1321 668 1341 ,
694 1301 763 1330 me
785 1287 949 1346 spernit
963 1290 995 1331 2.
1022 1306 1040 1328 »
1062 1289 1103 1333 Si
1126 1288 1225 1333 solis
1239 1291 1456 1350 Apostolis

70 1355 178 1400 dixit
200 1371 208 1397 ε
240 1375 261 1398 «
284 1357 370 1409 Qui
389 1371 466 1401 vos
486 1356 678 1415 spernit,
704 1371 773 1400 me
801 1357 964 1415 spernit
985 1392 995 1412 ‚
1027 1376 1046 1398 »
1073 1359 1262 1417 spernite
1294 1376 1386 1405 nos.
1415 1362 1458 1406 Si

71 1434 218 1471 autem
238 1440 379 1471 sermo
401 1427 492 1486 ejus
522 1427 720 1485 pervenit
742 1426 796 1470 ad
824 1442 924 1482 n05‚
953 1436 995 1471 et
1027 1429 1197 1473 vocavit
1219 1445 1321 1486 nos,
1348 1441 1390 1475 et
1412 1433 1456 1475 in

71 1512 224 1542 eorum
240 1497 337 1541 loco
359 1497 583 1541 constituit
603 1512 680 1542 nos
700 1532 711 1552 ‚
732 1497 876 1542 videte
896 1513 952 1542 ne
971 1500 1182 1557 spernatis
1204 1515 1282 1545 nos
1296 1536 1307 1556 ,
1332 1517 1386 1545 nc
1402 1503 1458 1546 ad

71 1566 197 1612 illum
218 1567 441 1626 perveniat
457 1567 613 1625 injuria
633 1582 764 1625 quam
786 1567 914 1611 nobis
937 1566 1138 1612 feceritis.
1173 1570 1217 1614 Si
1240 1572 1353 1614 enim
1379 1588 1456 1617 nos

73 1652 164 1682 non
186 1637 369 1691 timetis,
405 1635 530 1680 illum
564 1637 713 1679 timete
742 1636 819 1694 qui
841 1635 945 1679 dixit
971 1655 979 1679 :
1010 1655 1029 1677 «
1055 1638 1140 1689 Qui
1162 1653 1236 1682 vos
1268 1642 1452 1698 spernit,

75 1724 97 1749 η
121 1722 191 1751 me
219 1707 396 1766 spernit.
432 1724 452 1747 »
493 1700 606 1758 Quid
639 1713 786 1749 autem
819 1720 897 1748 nos
929 1704 1151 1765 loquimur
1185 1708 1307 1753 vobis
1322 1744 1332 1764 ,
1379 1712 1455 1770 qui

72 1777 218 1836 sperni
239 1775 442 1820 nolumus
466 1790 489 1818 a
507 1773 650 1829 vobis,
682 1773 761 1817 nisi
789 1783 838 1817 ut
868 1773 923 1817 de
943 1775 1093 1819 vestris
1115 1775 1239 1821 bonis
1261 1780 1455 1824 moribus

72 1847 368 1907 gaudeamus?
390 1843 689 1889 Periculorum
720 1853 968 1888 nostrorum
1001 1844 1086 1889 sint
1107 1845 1278 1903 solatia,
1314 1859 1454 1895 vestra

70 1917 188 1962 bona
208 1931 356 1976 opera.
377 1915 519 1959 Vivite
542 1914 653 1958 bene
669 1948 680 1968 ‚
705 1929 760 1957 ne
783 1914 1026 1958 moriamini
1048 1916 1174 1960 male.

130 1989 190 2031 ΙΙ.
213 1989 303 2032 Nec
323 1986 368 2029 in
389 1985 456 2029 his
477 1984 619 2029 verbis
639 1999 738 2043 quae
760 1982 847 2027 dixi
866 2003 873 2026 :
896 1984 1037 2028 Vivite
1056 1985 1190 2040 bene,
1216 2001 1270 2030 ne
1292 1990 1453 2033 moria-

72 2058 180 2102 mini
201 2056 335 2111 male,
361 2055 590 2100 attendatis
612 2069 683 2099 eos
704 2054 781 2114 qui
810 2053 923 2098 forte
950 2054 1061 2098 male
1091 2056 1317 2113 vixerunt,
1344 2070 1387 2103 et
1408 2061 1454 2105 in

73 2127 244 2172 lectulis
262 2127 349 2171 suis
369 2126 532 2172 mortui
545 2134 646 2170 sunt
660 2146 671 2183 3
686 2134 729 2169 et
741 2133 834 2169 acta
847 2134 910 2168 est
928 2140 1087 2185 pompa
1102 2126 1265 2172 funeris
1282 2144 1449 2186 eorum,

74 2206 119 2243 et
138 2197 267 2257 positi
288 2205 390 2241 sunt
420 2197 466 2240 in
488 2195 681 2255 pretiosis
703 2194 974 2253 sarcophagis
990 2230 1000 2249 ‚
1037 2195 1082 2237 in
1116 2195 1323 2255 sepulcris
1350 2201 1453 2258 pul-

75 2268 288 2313 cherrime
310 2275 353 2310 et
367 2265 661 2325 operosissime
678 2264 896 2308 fabricatis
914 2283 921 2308 z
940 2273 982 2307 et
999 2265 1100 2323 quia
1121 2264 1233 2310 forte
1247 2267 1352 2312 dicit
1372 2271 1454 2314 sibi

75 2337 376 2396 unusquisque
398 2344 612 2380 vestrum:
639 2333 805 2377 Vellem
837 2333 895 2377 sic
926 2333 1058 2387 mori,
1082 2337 1242 2392 putetis
1265 2352 1334 2380 me
1364 2354 1452 2383 rem

77 2422 233 2452 vanam
255 2405 397 2450 dicere
418 2404 627 2454 voluisse;
667 2402 873 2462 quoniam
908 2403 995 2446 dixi
1032 2403 1142 2447 velle
1170 2419 1239 2447 me
1271 2416 1320 2450 ut
1342 2409 1454 2454 hene

79 2478 252 2531 vivatis,
276 2491 331 2519 ne
352 2474 463 2519 male
482 2474 741 2519 moriamini.
766 2475 926 2518 Contra
948 2471 1058 2517 forte
1076 2476 1261 2520 occurrit
1284 2477 1451 2538 aliquis,

129 2580 138 2597 ¹
164 2573 245 2606 Alias
262 2571 298 2614 14
313 2572 353 2604 de
366 2571 471 2604 verbis
484 2571 617 2603 Domini.
637 2586 677 2591 —
699 2575 708 2591 ²
736 2571 814 2601 Luc.
830 2581 862 2609 x,
885 2569 934 2601 16.

271 2636 405 2667 cxxv.
1272 2628 1321 2666 36
