1898 3178
39 147 43 284 l
435 250 575 280 senno
604 252 683 290 cv,
717 251 772 279 nn
804 251 951 280 vmims
982 251 1077 280 Luc,
1112 250 1171 278 xx.
1408 241 1490 281 583

40 285 44 379 1
112 317 231 360 aurei
264 325 308 360 et
335 316 396 360 dii
422 315 553 375 lignei
576 316 630 360 ad
660 316 846 375 pretium
875 316 1066 376 dispares
1093 325 1195 361 sunt
1219 335 1228 362 z
1254 317 1310 360 ad
1334 317 1494 362 habere

112 386 260 431 oculos
282 396 325 430 et
355 402 443 432 non
471 386 641 439 videre,
667 402 788 445 pares
809 396 925 432 sunt.
946 390 1060 432 Ecce
1086 387 1288 447 qualibus
1310 391 1493 433 Romam

111 457 229 502 docti
247 457 441 501 homines
472 455 725 501 custodibus
747 458 1080 513 commiserunt,
1104 457 1363 503 habentibus
1386 474 1494 504 ocu-

84 527 173 596 ‘los
189 563 200 583 ,
226 537 269 572 et
287 542 376 571 non
397 526 662 571 videntibus
684 531 772 572 Aut
793 528 827 572 si
847 531 1032 572 Romam
1047 543 1216 573 servare
1234 538 1492 588 potuerunt,

110 613 245 657 quare
267 598 348 656 ipsi
370 606 470 641 ante
495 598 748 655 perierunt?
772 598 984 657 Inquiunt
1010 617 1019 644 ;
1046 601 1168 642 Tunc
1190 598 1317 657 periit
1338 602 1492 644 Roma.

112 671 274 713 Tamen
304 668 542 727 perierunt.
567 670 680 722 Non,
709 668 939 728 inquiunt,
965 669 1045 728 ipsi
1068 670 1311 728 perierunt,
1330 670 1406 714 sed
1437 671 1497 714 si-

110 738 301 784 mulacra
325 755 490 784 eorum.
518 739 750 792 Quomodo
772 755 874 798 ergo
907 739 1175 785 custodirent
1198 750 1312 786 tecta
1333 751 1493 798 vestra,

109 810 187 869 qui
210 825 299 854 non
334 819 571 868 potuerunt
593 809 811 854 custodire
836 809 1064 854 simulacra
1098 813 1205 855 sua?
1238 810 1496 856 Alexandria

109 880 213 924 olim
236 879 341 925 tales
363 879 465 925 deos
485 880 690 940 perdidit.
716 880 1112 940 Constantinopolis
1133 897 1182 924 ex
1207 897 1295 942 quo
1318 883 1493 927 condita

109 959 172 994 est
193 951 237 994 in
262 966 463 1009 magnam
491 951 710 995 civitatem
727 986 737 1005 ‚
757 951 964 1011 quoniam
995 967 1017 995 a
1042 951 1277 995 christiano
1306 952 1495 1011 impera-

0 1075 10 1081 *
109 1029 202 1066 tore
236 1020 409 1066 condita
443 1031 533 1076 est,
560 1021 663 1065 olim
686 1020 788 1066 deos
821 1023 933 1081 ipsos
960 1019 1089 1066 falsos
1111 1021 1301 1080 perdidit
1327 1042 1336 1067 ι
1362 1032 1405 1066 et
1426 1032 1494 1067 ta-

2 1126 11 1152 .»
108 1107 210 1135 men
250 1101 292 1136 et
322 1092 458 1136 crevit
475 1127 485 1146 ,
523 1101 566 1136 et
588 1092 762 1146 crescit,
788 1100 832 1136 et
848 1100 1008 1136 manet.
1036 1092 1243 1145 Quandiu
1268 1091 1362 1137 vult
1381 1096 1496 1138 Deus

0 1196 11 1222 ἕ
107 1171 268 1206 manet.
295 1165 392 1208 Non
411 1163 525 1206 enim
547 1171 590 1206 et
609 1161 673 1205 illi
696 1162 881 1216 civitati,
898 1162 998 1222 quia
1019 1163 1102 1207 hoc
1131 1162 1341 1217 dicimus,
1367 1172 1493 1207 aeter-

1 1286 12 1293 ,
38 1220 41 1237 ⁸
107 1233 288 1277 nitatem
311 1233 617 1292 promittimus.
642 1234 891 1291 Carthago
881 1250 926 1277 1n
950 1234 1125 1278 nomine
1147 1233 1306 1279 Christi
1328 1245 1490 1290 manet,

0 1301 42 1363 ixl
106 1312 149 1348 et
183 1303 286 1347 olim
323 1319 468 1348 eversa
491 1313 554 1347 est
586 1304 782 1348 Coelestis
803 1306 894 1362 (4)3
916 1305 1018 1364 quia
1044 1320 1133 1349 non
1168 1303 1251 1349 fuit
1279 1304 1488 1361 coelestis,

105 1373 180 1418 sed
203 1374 429 1418 terrestris.

163 1447 290 1487 XIII.
316 1447 373 1487 Et
396 1443 506 1487 illud
534 1444 654 1503 quod
678 1444 831 1487 dicunt
855 1459 942 1488 non
965 1453 1028 1488 est
1058 1460 1208 1488 verum
1227 1480 1238 1499 ‚
1264 1447 1365 1505 quia
1387 1461 1493 1490 con-

106 1516 230 1559 tinuo
258 1513 338 1558 diis
372 1514 550 1573 perditis
573 1518 710 1558 Roma
741 1523 865 1572 capta
899 1523 978 1569 est,
1004 1515 1162 1559 afflicta
1196 1524 1274 1560 est.
1314 1519 1492 1560 Prorsus

104 1601 194 1630 non
226 1595 289 1630 est
325 1601 477 1630 verum
511 1594 641 1629 :ante
669 1584 897 1628 simulacra
932 1585 1022 1644 ipsa
1046 1600 1190 1630 eversa
1220 1595 1346 1641 sunt3
1370 1596 1413 1630 et
1434 1588 1493 1632 sic

102 1656 206 1700 victi
239 1664 340 1699 sunt
373 1655 526 1699 Gotthi
560 1670 659 1699 cum
683 1655 987 1713 Rhadagayso.
1013 1658 1276 1700 Mementote
1311 1656 1488 1711 fratres,

103 1736 367 1771 mementote
393 1745 401 1770 :
429 1742 518 1771 non
541 1735 603 1770 est
623 1725 807 1784 longum
825 1761 835 1780 ‚
862 1726 989 1785 pauci
1013 1728 1113 1769 anni
1137 1737 1260 1773 sunt.
1287 1726 1490 1772 recorda-

0 1785 14 1840 i
102 1796 224 1840 mini.
261 1796 429 1840 Eversis
456 1797 500 1839 in
529 1796 637 1839 urbe
661 1799 799 1839 Roma
826 1796 1029 1839 omnibus
1064 1796 1330 1851 simulacris,
1369 1798 1489 1842 Rha-

103 1865 316 1925 dagaysus
336 1881 410 1909 rex
432 1867 696 1909 Gotthorum
730 1881 831 1908 cum
854 1866 1019 1922 ingenti
1035 1866 1221 1910 exercitu
1244 1867 1385 1911 multo
1406 1883 1491 1911 nu·-

102 1936 333 1981 merosiore
364 1951 495 1995 quam
519 1935 688 1980 Alaraci
709 1934 792 1978 suit
809 1969 820 1988 ‚
845 1935 978 1978 venit.
1012 1938 1208 1992 Paganus
1234 1937 1366 1980 homo
1400 1947 1491 1983 erat

103 2006 409 2065 Rhadagaysus
453 2024 463 2050 :
500 2006 596 2050 Jovi
639 2004 907 2048 sacrificabat
944 2005 1156 2064 quotidie.
1196 2007 1489 2052 Nuntiabatur

102 2078 299 2137 ubique,
339 2076 459 2136 quod
481 2092 503 2120 a
535 2076 748 2120 sacrificiis
776 2091 864 2120 non
903 2075 1126 2120 desisteret
1161 2077 1484 2136 RhadagaysuS.

104 2152 226 2193 Tunc
249 2139 482 2192 omnesisti
510 2166 518 2192 :
540 2151 653 2192 Ecce
671 2163 749 2191 nos
771 2163 861 2191 non
882 2148 1196 2203 sacrificamus,
1221 2148 1294 2192 ille
1323 2151 1488 2194 sacrifi—

101 2228 192 2273 cat,
215 2219 329 2263 vinci
351 2218 564 2266 habemus
584 2234 607 2262 a
629 2217 898 2262 sacrificante
916 2252 926 2272 ‚
952 2217 1111 2277 quibus
1128 2233 1217 2262 non
1238 2217 1340 2263 licet
1361 2221 1489 2264 sacri-

101 2290 244 2333 ficare.
273 2291 386 2332 Deus
403 2287 635 2333 ostendens
657 2288 758 2347 quia
780 2303 868 2332 non
891 2288 936 2331 in
969 2287 1058 2331 istis
1079 2288 1292 2332 sacrifieiis
1315 2299 1377 2333 est
1399 2292 1486 2349 ipsa

103 2359 348 2419 temporalis
382 2359 494 2403 salus
511 2394 521 2414 ,
547 2360 638 2418 ipsa
672 2374 802 2417 regna
825 2368 994 2403 terrena
1010 2393 1021 2413 ‚
1051 2359 1191 2403 victus
1212 2368 1275 2404 est
1308 2360 1485 2406 Rhada-

100 2446 254 2490 gaysus
269 2464 281 2486 ‚
302 2430 536 2491 adjuvante
560 2431 745 2475 Domino
760 2465 770 2484 ,
796 2431 906 2474 miro
927 2429 1072 2474 modo.
1101 2433 1251 2475 Postea
1269 2442 1485 2477 venerunt

103 2501 253 2546 Gotthi
276 2516 363 2546 non
385 2501 672 2545 sacrificantes
688 2535 698 2555 ‚
725 2509 767 2544 et
798 2502 831 2544 si
853 2500 938 2544 fide
960 2501 1190 2544 christiana
1213 2516 1301 2546 non
1322 2502 1484 2547 Catho-

101 2572 172 2617 lici
187 2608 198 2628 ,
221 2582 363 2617 tamen
382 2571 506 2617 idolis
524 2573 710 2626 inimici,
739 2580 951 2616 venerunt
974 2571 1097 2616 idolis
1116 2570 1389 2618 adversantes
1407 2608 1419 2628 ,
1439 2583 1480 2618 et
