1898 3178
389 164 470 205 104
808 176 840 205 s.
876 175 1106 203 AUGUSTINI
1139 175 1320 202 Emscom

381 242 679 302 hujuscemodi
705 241 1004 301 experimentis
1018 239 1202 283 vicissim
1221 248 1265 283 et
1287 238 1487 282 laetamur
1514 247 1557 282 et
1578 239 1761 282 contris-

382 322 549 369 tamur,
575 312 772 356 laetamur
790 311 1012 361 correctis,
1036 310 1341 354 contristamur
1355 308 1613 368 depravatis.
1636 309 1765 352 Ideo·

383 399 468 443 que
491 383 700 426 Dominus
722 398 809 425 non
833 382 892 424 ait
913 380 1080 425 salvum
1112 380 1313 423 futurum
1335 394 1424 422 esse
1445 379 1519 438 qui
1548 379 1730 437 coeperit
1751 397 1759 422 z

387 474 406 495 «
442 453 522 497 Sed
542 453 616 512 qui
634 452 987 511 perseveraverit,
1004 451 1170 510 inquit,
1197 465 1333 509 usque
1354 450 1398 492 in
1417 450 1570 503 finem,
1589 449 1661 493 hic
1682 448 1765 492 sal-

385 543 404 564 »
441 538 519 566 VUS
540 523 619 565 erit
644 524 672 564 ¹.
695 540 714 562 »

440 596 497 636 ΙΙ.
534 590 649 644 Quid
682 601 828 635 autem
867 592 1009 650 potuit
1042 589 1338 634 admirabilius
1368 589 1494 633 nobis
1527 587 1765 633 concedere

382 663 588 706 Dominus
611 664 733 705 Jesus
755 662 951 706 Christus
971 660 1107 705 Filius
1128 660 1203 705 Dei
1221 695 1231 715 ,
1252 660 1327 719 qui
1347 668 1410 703 est
1427 668 1470 703 et
1489 659 1604 703 filius
1621 658 1765 703 homi-

380 733 442 775 nis
459 767 469 785 ,
493 732 595 791 quia
616 742 658 775 et
685 733 769 776 boe
793 747 883 776 esse
905 732 1109 791 dignatus
1138 740 1228 787 est,
1252 729 1359 789 quid
1390 729 1535 788 potuit
1563 728 1766 787 magnifi-

379 802 545 845 centius
562 837 572 855 ,
597 817 727 862 quam
746 811 795 845 ut
812 818 901 846 non
920 801 1059 846 solum
1078 808 1339 860 spectatores
1362 799 1595 858 nugacium
1609 801 1766 843 Mune·

379 887 474 914 rum
507 881 757 931 aggregaret
782 871 892 917 ovili
921 887 1024 926 suo,
1057 870 1133 915 sed
1157 871 1286 914 etiam
1316 869 1550 915 nonnullos
1582 869 1658 929 qui
1678 867 1765 912 illic

379 944 561 1001 spectari
583 943 753 986 solent?
771 945 868 987 Non
891 944 1006 987 enim
1030 951 1200 986 tantum
1229 950 1441 985 amatores
1468 943 1735 984 Venatorum
1750 974 1762 994 ,

379 1012 453 1055 sed
475 1012 601 1056 etiam
620 1013 733 1072 ipsos
756 1015 991 1057 Venatores
1008 1021 1189 1056 venatus
1211 1020 1274 1055 est
1291 1011 1347 1054 ad
1367 1010 1550 1054 salutem
1571 1029 1578 1054 :
1604 1009 1706 1069 quia
1723 1018 1766 1053 et

382 1083 472 1139 ipse
504 1091 720 1140 spectatus
742 1091 818 1126 est.
846 1082 961 1126 Audi
990 1081 1229 1141 quomodo.
1257 1084 1354 1139 lpse
1368 1080 1498 1134 dixit,
1523 1081 1614 1139 ipse
1645 1088 1767 1123 ante-

378 1165 512 1208 quam
534 1159 799 1208 spectaretur
812 1151 1032 1209 praedixit,
1054 1159 1098 1193 et
1120 1160 1329 1209 tanquam
1345 1149 1507 1193 factum
1524 1157 1633 1202 esset
1645 1148 1765 1208 quod

379 1221 572 1264 futurum
597 1230 687 1264 erat
709 1221 963 1280 prophetico
985 1220 1161 1280 eloquio
1180 1221 1490 1278 praenuntiavit
1504 1254 1515 1272 ,
1540 1219 1687 1263 dicens
1719 1219 1766 1262 in

378 1289 548 1334 Psalmo
566 1310 575 1335 ι
599 1310 618 1331 α
641 1292 867 1335 Foderunt
884 1306 1038 1334 manus
1058 1306 1174 1333 meas
1195 1299 1238 1333 et
1254 1289 1384 1348 pedes
1408 1305 1546 1344 meos,
1567 1290 1766 1332 dinume«

382 1378 400 1398 »
436 1370 642 1403 raverunt
663 1361 807 1404 omnia
829 1376 921 1404 ossa
944 1375 1040 1404 mea
1063 1364 1094 1403 ².
1121 1379 1140 1401 »
1167 1363 1279 1405 Ecce
1301 1360 1523 1419 quomodo
1545 1361 1769 1418 spectatus

380 1437 463 1482 est,
490 1438 540 1472 ut
561 1444 652 1472 ossa
671 1431 760 1488 ejus
791 1429 1188 1473 dinumerarentur.
1213 1432 1270 1473 Et
1287 1429 1391 1473 dicit
1414 1430 1602 1488 apertius
1623 1429 1765 1488 ipsum

378 1497 700 1556 spectaculum:
731 1518 748 1538 «
774 1499 857 1557 Ipsi
879 1514 980 1542 vero
1003 1498 1385 1542 consideraverunt
1399 1533 1411 1553 ,
1426 1508 1470 1542 et
1487 1500 1766 1557 inspexerunt

384 1585 403 1606 »
440 1582 509 1610 me
532 1568 562 1609 3.
593 1586 612 1606 »
641 1568 925 1625 Spectabatur
943 1566 1219 1621 illudendus,
1245 1568 1518 1626 spectabatur
1539 1569 1594 1612 ab
1612 1569 1670 1613 eis
1688 1569 1765 1628 qui

380 1651 467 1679 non
484 1636 520 1679 ei
538 1636 687 1678 saltem
704 1635 897 1678 faverent
910 1637 954 1679 in
966 1635 1041 1680 illo
1054 1637 1317 1694 spectaculo,
1333 1638 1408 1681 sed
1419 1639 1638 1683 saevirent:
1655 1654 1766 1698 quo-

380 1705 510 1749 modo
528 1706 710 1764 spectari
728 1704 830 1748 fecit
844 1708 1056 1762 Martyres
1071 1721 1169 1750 suos
1191 1707 1388 1764 primitus
1403 1742 1414 1761 ,
1434 1708 1605 1751 dicente
1622 1712 1764 1767 Apos-

378 1774 499 1819 tolo:
537 1794 554 1815 «
584 1774 887 1834 Spectaculum
916 1774 1019 1818 facti
1049 1791 1196 1819 sumus
1230 1776 1422 1831 mundo,
1452 1786 1496 1820 et
1523 1777 1698 1836 Angelis
1721 1787 1764 1822 et

382 1862 401 1883 »
437 1844 684 1887 hominibus
698 1845 729 1886 ⁴.
747 1862 765 1883 »
790 1845 872 1887 Sed
890 1843 978 1887 duo
993 1859 1146 1902 genera
1161 1845 1387 1889 hominum
1406 1845 1505 1889 talia
1518 1848 1763 1905 spectacula

377 1922 592 1971 spectant,
616 1929 754 1956 unum
772 1912 1010 1957 carnalium
1023 1948 1038 1967 ,
1062 1913 1245 1957 alterum
1263 1914 1536 1972 spiritalium.
1558 1916 1762 1962 Carnales

373 1992 591 2040 spectant,
616 1978 790 2026 miseros
808 1991 1012 2040 putantes
1034 1998 1105 2026 eos
1128 1986 1364 2039 Martyres,
1389 1985 1465 2042 qui
1483 1986 1631 2029 bestiis
1653 1987 1760 2039 sub·

367 2053 471 2111 jecti
493 2062 620 2106 sunt,
653 2052 731 2112 qui
756 2052 897 2110 capite
920 2053 1039 2107 caesi,
1065 2053 1142 2111 qui
1166 2053 1337 2110 ignibus
1365 2057 1655 2110 concremati,
1679 2058 1758 2100 de-

373 2131 576 2166 testantes
593 2137 664 2165 eos
681 2131 726 2164 et
741 2122 1033 2165 exhorrentes.
1055 2121 1140 2165 Alii
1151 2136 1255 2166 vero
1272 2122 1384 2166 sicut
1395 2133 1437 2167 et
1453 2124 1590 2169 sancti
1604 2126 1758 2184 Angeli

371 2200 589 2249 spectant,
619 2205 708 2234 non
729 2190 1000 2234 attendentes
1015 2205 1248 2249 corporum
1266 2190 1472 2247 laniatus,
1498 2194 1574 2238 sed
1598 2195 1759 2239 miran-

370 2268 432 2303 tes
444 2260 547 2304 fidei
559 2260 867 2318 integritatem.
892 2262 1101 2318 Magnum
1113 2260 1410 2318 spectaculum
1434 2263 1602 2321 praebet
1620 2264 1756 2308 oculis

370 2327 510 2371 cordis
542 2330 708 2386 integer
729 2330 923 2383 animus,
959 2344 1140 2387 corpore
1171 2328 1390 2389 dissipato.
1418 2334 1521 2376 Haec
1559 2348 1633 2377 vos
1654 2349 1755 2378 cum

370 2398 416 2439 in
434 2396 608 2441 ecclesia
638 2398 870 2456 leguntur,
906 2397 1091 2442 libenter
1123 2400 1323 2456 spectatis
1355 2401 1489 2444 oculis
1511 2401 1668 2446 cordis.
1710 2403 1753 2448 Si

419 2484 429 2501 ¹
445 2479 563 2509 Matth.
580 2490 611 2519 x,
626 2488 679 2511 22.
702 2497 741 2503 —
763 2488 775 2502 ²
795 2481 874 2513 Psal.
894 2492 959 2521 xxi,
983 2492 1033 2523 17,
1058 2481 1106 2513 13.
1129 2480 1197 2504 -3
1221 2482 1299 2514 Ibid.
1319 2499 1359 2506 --
1378 2485 1392 2510 ⁴⁴
1414 2494 1427 2517 1
1457 2485 1528 2515 Cor.
1549 2496 1594 2523 iv,
1610 2496 1641 2527 9.
