1898 3178
372 193 511 224 sssmuo
542 195 637 224 xcv1
656 212 667 234 ‚
701 196 755 223 ΒΕ
787 194 934 224 vnnms
964 195 1093 224 Mane.
1129 198 1224 224 v111.
1396 185 1481 225 519

108 274 209 304 nere
240 260 285 303 in
318 274 384 314 se,
431 275 486 304 ne
518 261 676 304 iterum
704 269 825 305 exeat
845 276 869 305 a
896 275 956 306 se.
993 264 1202 306 Reversus
1239 260 1293 305 ad
1327 271 1484 306 semet-

31 319 37 327 *
106 329 246 388 ipsum
262 362 273 383 ‚
315 338 365 373 ut
409 344 514 380 nonv
533 338 775 373 remaneret
814 330 859 374 in
896 330 1123 390 semetipso
1140 365 1152 386 ,
1196 330 1304 390 quid
1348 331 1486 376 dixit?

109 417 130 441 (ι
165 400 371 456 Surgam,
396 406 439 441 et
459 398 534 442 ibo
556 397 612 441 ad
639 407 806 456 patrem
837 403 1025 443 meum1.
1054 418 1075 441 »
1100 402 1214 444 Ecce
1233 399 1351 444 unde
1372 401 1486 445 ceci-

32 474 33 478 ’
102 466 225 511 derat
253 482 277 510 a
299 482 343 511 se
363 501 375 522 ,
400 466 614 511 ceciderat
641 482 664 510 a
686 476 808 526 patre
843 484 920 513 suo
941 488 951 514 :
973 468 1188 513 ceciderat
1208 485 1229 514 a
1247 483 1292 514 se
1311 503 1322 524 ,
1353 470 1408 514 ad
1440 484 1488 513 ea

10 548 13 565 ¹
31 527 34 561 †
101 553 200 598 quae
217 537 319 582 foris
340 547 443 582 sunt
460 538 560 581 exiit
574 554 597 582 a
611 553 669 582 se.
692 539 823 586 Redit
843 539 899 584 ad
912 555 978 595 se,
1003 550 1048 585 et
1059 541 1202 599 pergit
1223 540 1278 586 ad
1300 550 1483 600 patrem,

16 624 37 666 ¹3
100 608 180 651 ubi
214 608 426 656 tutissime
460 617 599 652 servet
630 622 689 652 se.
732 608 775 653 Si
806 624 908 667 ergo
941 610 1100 654 exierat
1129 626 1152 654 a
1185 625 1255 665 se,
1287 619 1331 654 et
1353 626 1376 655 a
1397 626 1486 671 quo

31 683 39 732 ζ
99 679 260 725 exierat
272 713 283 733 ,
303 678 529 726 redeundo
546 677 600 722 ad
617 693 683 733 se,
713 687 762 723 ut
784 688 853 723 eat
872 679 927 724 ad
941 689 1123 739 patrem,
1141 689 1271 739 neget
1289 695 1348 724 se.
1369 680 1487 734 Quid

31 763 35 804 4
99 757 163 792 est
177 783 187 803 ,
213 757 342 807 neget
359 751 433 792 se?
454 751 552 794 Non
573 758 807 808 praesumat
829 749 883 793 de
904 765 947 793 se
962 785 973 805 ‚
998 751 1154 795 sentiat
1174 765 1218 794 se
1233 750 1457 795 hominem
1471 785 1483 805 ‚

98 827 141 865 et
161 818 360 877 respiciat
382 817 549 865 dictum
565 819 867 878 propheticum
896 837 905 864 :
929 838 949 861 (ι
974 819 1233 864 Maledictus
1249 820 1388 864 omnis
1408 821 1486 880 qui

101 905 122 930 »
155 903 274 946 spem
307 903 430 932 suam
452 889 575 947 ponit
595 889 640 931 in
670 889 845 932 homine
860 891 894 932 ².
924 908 944 930 «
972 890 1197 934 Subducat
1219 905 1262 934 se
1279 889 1390 944 sibi,
1410 889 1484 934 sed

96 973 187 1002 non
207 958 409 1002 deorsum
443 974 604 1002 versus.
643 957 869 1003 Subducat
901 974 945 1002 se
975 959 1079 1014 sibi,
1111 968 1159 1002 ut
1185 960 1347 1003 haereat
1374 962 1480 1003 Deo.

96 1027 325 1087 Quidquid
343 1028 449 1072 boni
465 1029 620 1083 habet,
646 1027 709 1071 illi
726 1028 892 1072 tribuat
912 1044 936 1072 a
953 1044 1042 1088 quo
1070 1027 1209 1074 factus
1231 1038 1295 1072 est
1319 1047 1329 1074 :
1353 1028 1483 1088 quid—

0 1104 1 1115 *
63 1101 65 1103 ’
94 1096 203 1157 quid
224 1097 326 1141 mali
349 1098 509 1152 habet,
538 1098 629 1156 ipse
662 1098 743 1141 sibi
775 1097 893 1142 fecit.
931 1102 1044 1142 Deus
1075 1097 1197 1158 quod
1217 1099 1264 1142 in
1284 1097 1359 1142 illo
1389 1113 1482 1142 ma-

92 1167 185 1212 lum
208 1176 272 1211 est
292 1203 305 1222 ,
328 1183 418 1213 non
439 1166 542 1212 fecit
568 1187 576 1212 :
603 1168 756 1226 perdat
790 1168 910 1228 quod
930 1168 1054 1223 fecit,
1080 1169 1157 1228 qui
1177 1168 1280 1213 inde
1303 1167 1476 1213 defecit.

96 1256 117 1280 «
152 1237 378 1295 Abneget,
408 1238 577 1297 inquit,
604 1253 648 1281 se
671 1247 714 1281 et
735 1237 860 1282 tollat
880 1253 1052 1283 crucem
1074 1254 1196 1283 suam
1214 1273 1225 1294 ,
1254 1247 1297 1283 et
1324 1253 1481 1299 sequa-

98 1324 118 1347 »
153 1315 226 1350 tur
244 1321 328 1349 me.
351 1324 372 1347 »
725 1320 729 1324 '

153 1379 235 1420 III.
262 1379 357 1428 Quo
382 1374 628 1435 sequendus
657 1384 720 1419 est
747 1376 991 1420 Dominus?
1013 1380 1106 1429 Quo
1128 1378 1203 1432 iit,
1237 1379 1437 1422 novimus
1466 1397 1475 1422 :

93 1444 291 1490 eamdem
322 1445 640 1489 solemnitatem
673 1453 772 1488 ante
805 1444 895 1489 dies
924 1446 1202 1503 paucissimos
1236 1446 1477 1491 celebravi-

92 1530 204 1565 mus.
230 1515 479 1558 Resurrexit
497 1515 611 1558 enim
624 1549 634 1568 ,
656 1523 699 1558 et
717 1514 910 1558 ascendit
926 1515 972 1557 in
989 1514 1151 1559 coelum
1174 1534 1183 1559 ε
1206 1514 1281 1559 illo
1295 1530 1477 1575 sequen-

91 1585 173 1630 dus
195 1595 272 1630 est.
299 1585 432 1629 Plane
465 1583 784 1643 desperandum
805 1600 895 1628 non
914 1594 999 1638 est,
1025 1586 1127 1645 quia
1148 1586 1238 1644 ipse
1255 1587 1473 1644 promisit,

24 1708 28 1710 ‚
91 1672 181 1703 non
198 1656 300 1716 quia
321 1657 454 1700 homo
470 1654 635 1714 aliquid
656 1663 812 1713 potest.
839 1657 989 1712 Longe
1011 1670 1034 1698 a
1051 1655 1177 1698 nobis
1199 1665 1291 1699 erat
1313 1655 1475 1700 coelum

91 1736 325 1786 antequam
362 1734 494 1784 caput
538 1733 734 1773 nostrum
773 1724 889 1767 iisset
918 1723 964 1766 in
997 1722 1174 1767 coelum.
1211 1727 1308 1768 Jam
1341 1740 1477 1784 quare

89 1797 384 1856 desperemus,
426 1796 460 1840 si
487 1795 681 1839 membra
718 1793 830 1838 illius
869 1794 1019 1853 capitis
1050 1796 1229 1838 sumus?
1260 1794 1342 1839 Illo
1373 1811 1475 1854 ergo

90 1866 338 1927 sequendus
361 1875 439 1910 est.
464 1868 522 1909 Et
543 1865 639 1924 quis
662 1863 770 1908 nolit
793 1879 893 1909 eum
922 1864 1044 1923 sequi
1065 1864 1121 1908 ad
1141 1861 1276 1908 talem
1299 1865 1475 1928 sedem?

90 1938 277 1982 Maxime
297 1937 400 1996 quia
417 1935 607 1980 multum
630 1933 859 1979 timoribus
877 1942 920 1977 et
942 1933 1166 1978 doloribus
1183 1933 1407 1980 laboratur
1429 1936 1474 1980 in

25 2027 30 2043 ·
90 2016 217 2052 terra.
239 2007 344 2060 Quis
364 2006 474 2050 nolit
496 2006 570 2050 illo
590 2006 711 2065 sequi
732 2005 952 2050 Christum
971 2040 981 2059 ,
1002 2005 1079 2048 ubi
1100 2020 1268 2049 summa
1288 2014 1353 2049 est
1374 2006 1474 2050 ieli-

89 2077 194 2121 citas
212 2111 224 2132 ,
258 2091 427 2120 summa
450 2091 558 2134 pax,
593 2084 802 2134 perpetua
835 2074 1071 2119 securitas?
1100 2076 1270 2119 Bonum
1305 2084 1368 2119 est
1399 2075 1474 2120 illo

89 2161 190 2191 eum
225 2145 346 2205 sequi
379 2164 387 2189 :
413 2145 489 2188 sed
516 2145 757 2189 videndum
793 2152 856 2188 est
887 2159 988 2203 qua.
1025 2144 1198 2189 Etenim
1230 2145 1363 2188 verba
1394 2145 1474 2189 ista

0 2244 8 2252 -
31 2263 33 2266 ,
90 2216 299 2267 Dominus
317 2217 439 2258 Jesus
468 2229 556 2258 non
578 2223 683 2258 tunc
710 2213 884 2257 dicebat
895 2248 911 2269 ,
942 2213 1120 2272 quando
1141 2229 1164 2257 a
1186 2215 1367 2258 mortuis
1381 2215 1473 2274 jam

89 2293 394 2337 resurrexerat.
419 2284 626 2330 Nondum
647 2294 738 2332 erat
755 2299 902 2343 passus
918 2319 928 2339 ,
950 2292 1159 2328 venturus
1180 2293 1272 2328 erat
1295 2283 1350 2328 ad
1369 2299 1473 2328 cru-

4 2349 37 2397 425,
87 2371 206 2411 cem,
231 2365 441 2401 venturus
464 2354 519 2399 ad
551 2355 936 2405 exhonorationem
953 2390 963 2410 ,
994 2353 1049 2398 ad
1076 2355 1383 2410 contumelias,
1417 2354 1472 2399 ad

0 2424 35 2471 fl
90 2425 261 2484 flagella
277 2459 288 2481 ,
314 2425 371 2476 ad
391 2425 556 2484 spinas,
580 2423 636 2468 ad
657 2424 859 2481 vulnera,
884 2423 940 2470 ad
959 2424 1259 2474 insultationes
1275 2459 1287 2480 ,
1309 2440 1473 2485 oppro-

142 2517 153 2533 ¹
169 2511 247 2542 Luc.
266 2520 322 2548 xv,
350 2511 399 2541 18.
417 2525 458 2532 -
478 2515 491 2531 2
511 2511 629 2541 Jerem.
645 2518 726 2549 xvn,
747 2508 776 2540 5.
