1898 3178
417 234 470 272 18
853 238 887 269 s.
923 237 1157 274 Aueusmmr
1185 240 1367 269 EPIScol’I

402 307 642 353 montibus.
667 304 865 350 Errando
893 305 1008 350 enim
1029 306 1077 350 in
1097 306 1322 351 montibus
1342 314 1386 350 et
1409 305 1457 350 in
1479 304 1696 362 collibus,
1719 306 1799 351 de-

398 387 549 423 serunt
568 390 765 437 gregem,
790 374 994 421 deserunt
1016 376 1245 431 unitatem,
1271 377 1482 420 deserunt
1504 376 1693 420 munitas
1714 391 1793 421 co-

395 448 544 494 hortes
566 446 768 493 adversus
790 445 940 491 leones
963 456 1007 491 et
1029 447 1173 507 lupos.
1200 446 1309 491 Inde
1330 461 1432 504 ergo
1455 456 1630 491 revocet
1651 449 1767 491 Deus
1782 481 1794 502 ‚

393 518 484 578 ipse
507 526 695 564 revocet.
721 516 855 563 Modo
886 516 1078 562 audietis
1106 517 1247 577 ipsum
1278 525 1556 562 revocantem
1582 536 1591 562 ς
1620 535 1641 560 «
1665 519 1798 562 Erra-

396 607 417 630 »
451 598 634 644 verunt,
677 588 845 649 inquit,
885 603 986 633 oves
1018 603 1127 633 meae
1158 589 1205 632 in
1237 603 1413 633 omnem
1444 596 1662 643 montem,
1687 588 1800 632 etin

404 677 427 702 »
462 674 638 704 omnem
659 658 817 704 collem
838 657 977 704 altum
1005 677 1014 705 2
1041 677 1062 700 »
1084 659 1170 703 hoc
1202 668 1287 714 est,
1302 659 1358 703 ‘in
1380 673 1556 703 omnem
1577 667 1798 703 tumorem

389 738 574 774 terrenae
599 729 836 788 superbiae.
877 731 989 774 Sunt
1008 729 1127 773 enim
1148 738 1192 773 et
1230 728 1400 773 montes
1422 729 1529 773 boni
1550 747 1559 774 ;
1589 747 1610 771 «
1634 728 1796 773 Levavi

391 816 413 839 »
449 799 599 844 oculos
615 814 738 844 meos
758 800 804 843 in
821 808 990 844 montes
1011 833 1023 854 ‚
1050 798 1166 842 unde
1192 798 1340 842 veniet
1358 799 1567 842 auxilium
1587 798 1695 842 mihi
1709 800 1741 842 1.
1769 814 1791 839 »

389 870 446 913 Et
467 869 566 914 vide
587 870 689 929 quia
710 885 808 914 non
829 868 910 914 tibi
932 870 978 913 in
999 869 1224 913 montibus
1247 883 1343 926 spes
1366 877 1429 912 est
1459 887 1467 913 :
1497 887 1518 911 «
1542 868 1766 913 Auxilium
1781 901 1794 923 ,

394 957 415 980 »
448 939 619 1000 inquit,
652 955 799 985 meum
818 956 842 985 a
863 940 1053 984 Domino
1072 973 1083 994 ,
1103 940 1181 999 qui
1202 938 1306 984 fecit
1330 938 1492 982 coelum
1510 948 1554 983 et
1574 948 1750 982 terram.
1770 955 1791 980 »

397 1009 497 1056 Noli
517 1020 670 1070 putare
698 1011 903 1070 injuriam
936 1019 979 1054 te
1001 1008 1145 1054 facere
1167 1009 1393 1053 montibus
1412 1009 1569 1052 sanctis
1586 1042 1597 1063 ,
1620 1009 1800 1068 quando

404 1079 561 1125 dixeris
588 1100 598 1126 :
626 1100 648 1124 «
671 1081 896 1125 Auxilium
924 1096 1075 1124 meum
1095 1095 1186 1124 non
1208 1095 1232 1123 a
1268 1079 1492 1124 montibus
1508 1113 1519 1134 ‚
1554 1079 1630 1122 sed
1658 1094 1682 1121 a
1714 1081 1803 1122 Do-

396 1167 417 1191 »
451 1151 577 1193 mino
594 1151 672 1207 qui
689 1150 795 1192 fecit
817 1150 981 1192 coelum
1003 1158 1046 1192 et
1060 1158 1244 1192 terram.
1273 1166 1294 1188 >›
1320 1149 1407 1207 Ipsi
1422 1157 1592 1192 montes
1612 1149 1697 1193 hoc
1718 1148 1802 1192 tibi

397 1217 602 1261 clamant.
630 1220 758 1262 Mons
781 1225 874 1260 erat
901 1217 978 1275 qui
999 1217 1225 1260 clamabat
1245 1235 1253 1260 :
1278 1217 1424 1260 Audio
1443 1217 1491 1259 in
1520 1217 1644 1262 vobis
1667 1217 1803 1262 schis-

402 1297 519 1332 mata
531 1287 640 1341 fieri,
654 1296 698 1331 et
719 1287 1024 1345 unusquisque
1041 1296 1233 1331 vestrum
1251 1285 1380 1331 dicit:
1397 1289 1524 1345 «Ego
1546 1303 1643 1331 sum
1658 1288 1800 1344 Pauli,

409 1376 432 1399 »
465 1372 548 1416 ego
574 1356 758 1415 Apollo,
783 1370 864 1414 ego
897 1357 1087 1415 Cephae‚
1121 1370 1202 1414 ego
1233 1364 1380 1399 autem
1407 1357 1612 1401 Christi2.
1642 1376 1663 1400 »
1688 1361 1805 1403 Leva

411 1427 560 1474 oculos
579 1428 626 1471 in
647 1427 778 1471 istum
801 1434 998 1471 montem
1014 1461 1025 1482 ,
1047 1426 1150 1470 audi
1172 1425 1281 1485 quid
1304 1426 1419 1471 dicat
1437 1447 1448 1484 3
1472 1436 1516 1472 et
1541 1443 1622 1472 nec
1643 1428 1689 1473 in
1709 1429 1804 1488 ipso

410 1506 559 1543 monte
580 1511 817 1541 remaneas.
843 1496 961 1541 Audi
983 1495 1099 1540 enim
1128 1496 1237 1555 quid
1265 1505 1473 1556 sequatur
1497 1516 1506 1542 :
1536 1517 1553 1538 «
1578 1498 1806 1558 Numquid

414 1586 434 1610 »
453 1566 615 1612 Paulus
629 1566 859 1612 crucifixus
871 1575 935 1610 est
948 1580 1027 1625 pro
1039 1565 1188 1610 vobis?
1206 1583 1226 1606 »
1244 1568 1362 1625 Ergo
1385 1576 1668 1627 posteaquam
1687 1567 1805 1613 leva-

410 1639 522 1684 veris
539 1638 688 1683 oculos
710 1639 756 1681 in
777 1646 962 1691 montes,
982 1636 1103 1680 unde
1122 1638 1268 1681 veniet
1287 1637 1498 1682 auxilium
1520 1638 1602 1682 tibi
1615 1673 1626 1694 ‚
1656 1638 1701 1683 id
1722 1647 1802 1694 est,

416 1710 463 1752 in
495 1718 691 1753 auctores
724 1707 1045 1765 Scripturarum
1081 1705 1329 1751 divinarum
1349 1742 1360 1763 ‚
1404 1709 1581 1753 attende
1603 1709 1807 1753 omnibus

418 1778 620 1823 medullis
637 1778 739 1833 suis,
752 1777 959 1823 omnibus
976 1777 1141 1822 ossibus
1161 1778 1444 1822 clamantem:
1461 1779 1691 1834 «Domine,
1708 1779 1805 1839 quis

426 1867 444 1889 »
462 1847 609 1892 similis
621 1847 721 1891 tibi³
731 1849 749 1890 ‘3
761 1864 782 1888 »
797 1856 847 1891 ut
862 1862 1038 1891 securus
1051 1847 1142 1891 sine
1157 1847 1246 1891 ulla
1261 1848 1418 1907 injuria
1433 1849 1649 1893 montium
1663 1848 1803 1894 dicas:

424 1937 447 1960 «
459 1917 680 1963 Auxilium
693 1932 839 1962 meum
855 1934 879 1962 a
893 1917 1096 1972 Domino,
1111 1917 1188 1976 qui
1199 1917 1303 1962 fecit
1322 1917 1486 1962 coelum
1508 1927 1553 1963 et
1571 1927 1731 1964 terram
1741 1920 1803 1963 4.»

422 1990 520 2034 Non
540 1988 683 2033 solum
702 1996 809 2032 tune
830 1987 910 2031 tibi
929 2002 1020 2032 non
1039 1987 1357 2032 succensebunt
1382 1998 1552 2033 montes
1570 2009 1581 2047 ς
1603 1988 1679 2033 sed
1702 1998 1807 2034 tunc

424 2058 635 2102 amabunt
651 2093 663 2113 ‚
689 2067 797 2102 tunc
832 2058 966 2116 magis
987 2055 1201 2102 favebunt
1232 2076 1242 2102 ;
1277 2058 1313 2101 si
1339 2059 1385 2101 in
1407 2058 1508 2115 ipsis
1541 2074 1662 2117 spem
1684 2068 1807 2104 tuam

421 2129 614 2184 posueris
631 2162 643 2180 ‚
671 2128 1060 2172 contristabuntur.
1081 2126 1274 2181 Angelus
1296 2125 1436 2168 multa
1459 2125 1606 2170 divina
1635 2136 1679 2171 et
1698 2128 1806 2172 mira
1871 2160 1874 2165 -

422 2194 654 2241 ostendens
683 2193 873 2248 homini,
899 2191 955 2236 ab
983 2192 1159 2237 homine
1194 2192 1485 2249 adorabatur,
1515 2204 1725 2256 tanquam
1746 2197 1807 2241 le-

421 2275 551 2310 vante
573 2264 722 2310 oculos
751 2264 796 2307 in
823 2270 1034 2307 montem.
1059 2264 1117 2306 At
1138 2261 1212 2306 ille
1234 2278 1258 2305 a
1279 2277 1323 2306 se
1350 2278 1555 2308 revocans
1577 2266 1632 2308 ad
1654 2267 1806 2310 Domi-

423 2351 551 2380 num:
571 2355 591 2377 t(
608 2335 735 2390 Noli,
761 2334 929 2394 inquit,
950 2332 1090 2377 facere
1110 2350 1122 2385 ;
1143 2332 1267 2376 illum
1291 2333 1421 2379 adora
1448 2355 1456 2380 ;
1481 2351 1581 2380 nam
1599 2351 1678 2394 ego
1703 2352 1804 2383 con-

424 2423 444 2447 »
479 2420 625 2450 servus
642 2415 742 2449 tuus
761 2419 883 2460 sum,
907 2412 949 2448 et
971 2401 1155 2447 fratrum
1177 2406 1397 2447 tuorum⁵.
1424 2423 1444 2446 »

464 2507 474 2523 ¹
502 2500 582 2533 Psal.
607 2511 667 2532 cxx
682 2526 691 2542 ,
719 2512 748 2533 1.
768 2515 810 2524 —-
829 2507 842 2523 ²
865 2511 879 2533 1
898 2501 972 2534 Cor.
993 2510 1018 2540 1,
1041 2507 1091 2532 12.
1117 2514 1157 2522 --
1176 2496 1190 2522 3
1209 2498 1292 2531 Psal.
1315 2509 1434 2542 Lxxxu,
1453 2509 1484 2534 2.
1507 2517 1549 2524 —
1564 2499 1582 2531 4
1601 2501 1650 2536 Id,
1671 2511 1798 2545 cxx,2.

416 2571 457 2579 -
477 2553 493 2579 5
517 2558 616 2599 Apoc.
642 2567 722 2598 xxu,
736 2567 773 2598 9.
