1898 3178
398 189 453 225 96
827 200 861 226 s.
895 197 1126 225 ,mucosum
1157 194 1337 225 Episcorr

392 260 630 320 vituperari
646 259 770 305 nullo
789 259 923 305 modo
947 269 1091 320 potest
1111 280 1120 306 :
1145 270 1189 305 et
1209 277 1304 306 eam
1325 260 1543 313 verissime
1562 262 1678 305 Deus
1705 261 1774 306 di-

390 331 451 375 cit
467 345 610 387 suam,
635 346 767 393 quam
787 346 878 375 non
901 330 1042 375 solum
1071 330 1269 376 condidit
1299 331 1622 376 affluentissima
1648 330 1773 375 boni-

390 410 505 457 tate,
536 401 611 447 sed
639 401 766 446 etiam
802 400 1176 460 providentissima
1208 401 1508 446 moderatione
1535 401 1768 459 dispensat.

389 471 502 516 Cum
520 481 666 516 autem
687 471 771 515 hoc
793 485 929 529 genus
941 486 1085 516 rerum
1099 471 1309 516 Dominus
1324 473 1370 515 in
1383 470 1623 530 Evangelio
1641 484 1774 514 mam-

388 556 520 587 mona
541 543 781 603 iniquitatis
805 543 996 603 appellat
1011 578 1024 599 ‚
1059 543 1270 602 significat
1291 558 1381 587 esse
1415 542 1601 586 alterurn
1635 555 1773 585 mam-

387 627 518 657 mona
536 647 548 667 ,
571 612 617 656 id
639 622 727 669 est,
752 613 855 659 alias
869 614 1042 659 divitias
1061 649 1073 670 ,
1097 629 1205 674 quas
1228 614 1309 658 nisi
1320 614 1426 673 justi
1445 622 1490 658 et
1511 613 1617 657 boni
1633 611 1774 672 possi-

386 679 489 725 dere
510 697 600 726 non
621 692 802 742 possunt
816 718 828 739 ‚
849 693 899 728 ut
921 684 1020 728 ideo
1043 699 1293 729 mammona
1314 683 1556 743 iniquitatis
1573 691 1770 737 vocetur,

384 751 488 811 quia
516 752 721 813 iniquitas
752 769 821 799 eas
845 764 974 799 vocat
996 754 1182 800 divitias.
1208 758 1233 800 J
1238 755 1381 799 ustitia
1403 769 1508 799 vero
1539 753 1661 798 novit
1682 766 1772 797 esse

383 820 486 866 alias
508 822 695 878 divitias,
720 825 881 884 quibus
902 826 1036 870 homo
1057 826 1296 869 adornatur
1317 824 1519 869 interior:
1536 824 1648 868 sicut
1670 823 1773 866 bea-

385 899 455 936 tus
478 895 632 938 Petrus
653 893 760 939 dicit
781 914 789 940 :
825 914 846 938 «
871 896 951 949 Qui
973 905 1037 941 est
1059 905 1159 940 ante
1178 898 1317 940 Deum
1335 895 1454 940 dives
1469 897 1501 938 1.
1525 913 1546 936 »
1574 893 1666 938 111ae
1678 893 1773 952 jus-

384 970 439 1005 1ae
457 962 666 1009 dicuntur
682 964 868 1021 divitiae,
887 966 989 1026 quia
1008 966 1135 1011 bonis
1156 966 1319 1010 meritis
1337 965 1553 1026 justisque
1574 963 1773 1007 tribuun-

386 1040 470 1076 tur.
484 1032 575 1078 111ae
590 1050 690 1079 vere
711 1035 920 1080 dicuntur
941 1036 1121 1092 divitiae,
1137 1037 1238 1097 quia
1260 1036 1457 1096 quisquis
1478 1050 1548 1079 eas
1568 1034 1773 1078 habuerit

379 1117 469 1146 non
491 1104 651 1160 egebit.
679 1108 777 1148 Istae
799 1121 902 1149 vero
920 1106 1094 1166 injustae
1117 1106 1280 1150 divitiae
1297 1141 1309 1161 ‚
1326 1122 1416 1150 non
1438 1106 1540 1166 quia
1561 1105 1771 1164 injustum

380 1180 444 1215 est
465 1188 620 1217 aurum
638 1183 682 1218 et
702 1185 932 1234 argentum
949 1196 960 1234 3
985 1177 1061 1220 sed
1091 1177 1192 1236 quia
1212 1176 1425 1236 injustum
1447 1185 1511 1220 est
1525 1191 1595 1219 eas
1616 1184 1771 1233 putare

379 1240 549 1287 divitias
565 1278 576 1298 ‚
601 1260 701 1304 quae
720 1261 811 1289 non
833 1246 1041 1291 auferunt
1062 1254 1311 1305 egestatem.
1339 1249 1479 1290 Tanto
1500 1246 1616 1289 enim
1635 1244 1770 1302 magis

377 1312 563 1373 quisque
585 1314 755 1359 ardebit
782 1325 970 1374 egestate
985 1351 996 1372 ‚
1025 1325 1191 1376 quanto
1213 1316 1349 1374 magis
1371 1331 1440 1360 eas
1463 1314 1648 1373 diligens
1669 1329 1764 1358 ma-

371 1382 487 1442 jores
503 1384 720 1430 habuerit.
747 1388 981 1440 Quomodo
1000 1403 1104 1446 ergo
1121 1396 1223 1431 sunt
1240 1385 1430 1441 divitiae,
1462 1386 1623 1446 quibus
1650 1400 1766 1429 cres-

378 1455 578 1499 centibus
599 1457 752 1501 crescit
768 1458 914 1518 inopia
934 1480 945 1515 3
963 1474 1063 1519 quae
1082 1458 1348 1503 amatoribus
1365 1457 1451 1502 suis
1473 1466 1639 1518 quanto
1665 1455 1766 1500 fue·-

377 1524 464 1568 rint
487 1526 715 1585 ampliores
733 1563 745 1582 ‚
780 1543 869 1572 non
891 1528 1082 1573 afferunt
1099 1529 1340 1573 satietatem
1358 1563 1369 1582 ,
1395 1528 1471 1572 sed
1494 1527 1770 1571 inflammant

377 1595 696 1654 cupiditatem?
724 1598 909 1641 Divitem
927 1607 977 1642 tu
994 1609 1121 1658 putas
1139 1634 1150 1653 ,
1175 1601 1252 1659 qui
1275 1599 1419 1643 minus
1441 1606 1586 1657 egeret
1604 1632 1614 1652 ‚
1636 1597 1671 1641 si
1687 1596 1769 1641 mi-

375 1680 458 1710 nus
476 1666 690 1712 haberet?
706 1671 815 1714 Nam
837 1668 1035 1713 videmus
1057 1671 1271 1729 quosdam
1290 1704 1301 1725 ‚
1322 1685 1422 1714 cum
1439 1669 1653 1712 haberent
1674 1682 1769 1726 par-

376 1749 474 1780 vam
493 1739 721 1796 pecuniam
741 1774 752 1794 ,
788 1739 930 1798 parvis
964 1739 1096 1784 lucris
1128 1738 1259 1784 fuisse
1295 1739 1464 1784 laetatos
1487 1758 1495 1784 :
1520 1738 1596 1782 sed
1619 1746 1769 1795 postea

377 1823 509 1867 quam
531 1810 665 1868 coepit
686 1809 745 1853 eis
773 1809 1000 1854 abundare
1016 1845 1027 1863 ‚
1053 1826 1206 1854 verum
1227 1810 1407 1871 quidem
1432 1825 1590 1869 corpus
1608 1808 1702 1852 auri
1724 1816 1768 1852 et

378 1879 544 1937 argenti
560 1913 570 1933 ‚
596 1878 671 1923 sed
700 1889 847 1924 tamen
869 1880 989 1924 falsae
1018 1880 1180 1925 divitiae
1200 1916 1211 1936 ‚
1241 1896 1342 1924 curn
1372 1896 1503 1940 parva
1526 1878 1736 1923 obtuleris
1752 1912 1764 1932 ‚

372 1948 463 2008 jam
478 1959 692 1994 recusant.
713 1949 863 1995 Credis
880 1966 953 1994 eos
969 1951 1058 2010 jam
1077 1966 1167 1994 esse
1189 1951 1362 1994 satiatos
1379 1969 1388 1994 :
1408 1952 1484 1993 sed
1505 1949 1664 1994 falsum
1683 1956 1762 1992 est.

376 2021 486 2064 Nam
515 2021 651 2080 major
680 2021 863 2080 pecunia
884 2019 1032 2065 fauces
1055 2021 1245 2065 avaritiae
1266 2036 1356 2065 non
1386 2019 1552 2065 claudit
1570 2056 1580 2076 ‚
1598 2020 1672 2064 sed
1690 2034 1766 2063 ex-

378 2089 519 2134 tendit
550 2110 559 2135 ;
591 2106 681 2135 non
717 2091 892 2150 irrigat3
925 2091 1001 2136 sed
1032 2092 1246 2137 accendit.
1283 2091 1495 2136 Poculum
1523 2098 1761 2152 respuunt,

378 2160 480 2218 quia
502 2160 686 2205 fluvium
714 2161 879 2206 sitiunt.
911 2163 1065 2206 Utrum
1087 2177 1188 2220 ergo
1210 2161 1342 2206 ditior
1359 2197 1370 2217 ‚
1396 2178 1452 2206 an
1477 2162 1671 2220 egentior
1693 2160 1763 2205 di-

378 2229 541 2275 cendus
559 2240 622 2275 est
640 2266 652 2286 ,
684 2232 760 2292 qui
787 2247 887 2276 cum
908 2232 1008 2277 ideo
1034 2232 1174 2277 voluit
1197 2232 1360 2276 habere
1383 2232 1551 2292 aliquid
1572 2247 1627 2276 ne
1649 2229 1765 2274 indi-

379 2311 495 2357 geret
513 2337 524 2355 ,
547 2303 646 2347 ideo
664 2302 760 2362 plus
777 2303 909 2347 habet
930 2319 984 2348 ne
1002 2305 1145 2348 minus
1167 2303 1389 2362 indigeat?

438 2373 537 2415 VII.
569 2373 653 2417 Sed
674 2389 763 2418 non
785 2382 848 2417 est
875 2374 969 2418 haec
992 2374 1085 2418 auri
1113 2373 1243 2433 culpa
1265 2384 1308 2418 et
1330 2374 1510 2432 argenti.
1538 2376 1569 2416 F
1576 2388 1624 2416 ac
1645 2372 1762 2416 enim

378 2441 695 2489 misericordem
718 2444 906 2505 aliquem
929 2445 1141 2491 invenisse
1165 2446 1420 2491 thesaurum
1442 2465 1450 2489 ;
1482 2459 1628 2489 nonne
1654 2458 1762 2502 ope-

427 2532 434 2547 1
457 2537 468 2557 1
488 2528 572 2558 Pelr.
592 2538 637 2568 ui,
653 2528 685 2569 4.
