1898 3178
537 255 676 281 sEnMO
709 256 769 292 cr,
805 256 858 282 DE
893 257 1038 285 VERBIS
1071 258 1163 285 Luc.
1198 259 1242 285 x.
1486 250 1567 287 557

184 317 298 370 Quid
320 326 478 372 restat,
503 317 583 360 nisi
606 318 725 376 quod
747 319 816 362 hic
834 318 951 364 dicat
971 321 1103 376 mihi,
1131 320 1330 380 Intellige
1350 323 1470 382 quod
1491 340 1570 367 au-

182 388 248 432 dis
271 408 279 433 :
309 407 328 430 «
354 387 498 433 Nolite
515 396 689 446 portare
707 389 944 434 sacculum.
973 409 992 432 »
1019 390 1135 444 Quid
1156 401 1219 436 est
1239 392 1468 437 sacculus?
1486 396 1569 436 Pe-

182 458 312 502 cunia
333 458 478 502 clausa
494 491 505 512 ,
530 456 576 500 id
604 467 671 501 est
689 492 700 512 ,
727 459 900 504 occulta
920 461 1142 519 sapientia.
1172 461 1288 515 Quid
1310 471 1403 507 est:
1433 481 1452 504 «
1478 466 1570 507 No-

185 545 207 568 »
240 527 317 572 lite
353 536 526 587 portare
564 527 815 572 sacculum?
839 547 858 570 »
884 530 1027 574 Nolite
1062 531 1154 574 fieri
1189 532 1399 590 sapientes
1438 547 1571 591 penes

180 597 478 657 vosmetipsos.
500 596 693 656 Accipite
716 597 924 656 Spiritum
941 608 1154 644 sanctum.
1175 603 1290 645 Fons
1312 601 1357 645 in
1380 610 1422 645 te
1439 602 1572 646 debet

181 682 298 723 esse,
331 683 420 712 non
441 666 636 712 sacculus
656 687 668 724 3
693 667 812 711 unde
833 678 1059 726 erogatur,
1083 686 1173 715 non
1194 671 1272 715 ubi
1305 671 1566 716 includatur.

181 740 276 782 Hoc
298 746 362 782 est
382 752 488 797 pera
505 771 516 792 ‚
536 735 657 796 quod
672 745 735 781 est
751 736 963 782 sacculus.

242 810 343 852 VII.
370 806 674 853 Calceamenta
694 806 803 865 quid
819 808 951 851 sunt?
973 808 1275 855 Calceamenta
1304 811 1465 871 quibus
1485 813 1573 856 uti—

179 893 300 932 mur,
327 877 442 922 coria
471 885 747 922 mortuorum
767 885 869 921 sunt
886 911 897 932 ,
922 877 1048 922 nobis
1083 880 1273 938 tegmina
1290 880 1467 940 pedum.
1491 885 1572 925 Per

180 949 265 992 hoc
294 963 397 1006 ergo
414 948 625 1007 jubemur
653 947 904 992 renuntiare
937 948 1120 993 mortuis
1149 950 1368 1008 operibus.
1407 953 1500 996 Hoc
1527 952 1569 995 in

180 1019 319 1076 figura
340 1020 513 1075 Moyses
554 1016 899 1072 admonebatur,
935 1018 1114 1077 quando
1143 1020 1353 1064 Dominus
1390 1019 1573 1080 loquens

179 1088 240 1132 ait
265 1106 273 1132 :
300 1106 320 1129 «
345 1086 471 1132 Solve
492 1087 785 1132 calceamenta
802 1086 857 1131 de
879 1086 1065 1146 pedibus
1087 1088 1173 1132 tuis
1200 1108 1208 1133 :
1229 1089 1350 1134 locus
1385 1091 1498 1134 enim
1528 1092 1572 1134 in

182 1177 201 1199 »
237 1174 326 1217 quo
360 1167 444 1202 stas
482 1167 596 1202 terra
633 1166 779 1201 sancta
809 1160 918 1202 est¹.
949 1176 968 1199 »
992 1159 1109 1211 Quid
1131 1167 1219 1203 tam
1255 1169 1368 1204 terra
1401 1170 1568 1217 sancta,

178 1243 310 1286 quam
332 1228 409 1271 Dei
428 1227 649 1272 Ecclesia?
675 1230 723 1270 In
743 1226 815 1272 illa
838 1241 938 1285 ergo
961 1236 1122 1272 stemus
1137 1264 1151 1283 ,
1172 1228 1463 1274 calceamenta
1484 1231 1572 1275 sol—

179 1313 359 1352 vamus,
386 1296 432 1341 id
463 1307 548 1351 est,
588 1297 768 1341 mortuis
800 1298 1005 1356 operibus
1037 1300 1349 1343 renuntiemus.
1381 1302 1488 1345 Nam
1519 1301 1573 1345 de

182 1367 248 1411 his
268 1365 592 1420 calceamentis,
617 1366 779 1425 quibus
801 1365 979 1411 calceati
1003 1368 1277 1412 ambulamus
1294 1404 1304 1423 ,
1322 1370 1574 1414 consolatur

180 1452 251 1480 me
269 1436 385 1480 idem
402 1436 492 1494 ipse
514 1435 724 1479 Dominus
745 1449 882 1478 meus.
908 1435 951 1480 Si
973 1436 1088 1480 enim
1111 1437 1207 1496 ipse
1241 1438 1455 1484 calceatus
1485 1455 1574 1483 non

179 1514 304 1560 esset,
318 1520 408 1549 non
419 1504 473 1548 de
486 1503 562 1548 illo
576 1506 600 1548 J
604 1518 763 1548 oannes
780 1502 944 1548 diceret
965 1523 972 1549 :
990 1507 1116 1550 «Non
1128 1521 1223 1550 sum
1237 1507 1393 1564 dignus
1408 1508 1573 1552 solvere

182 1594 203 1618 »
230 1575 459 1634 corrigiam
481 1572 875 1618 calceamentorum
899 1575 1023 1632 ejus‘2.
1046 1593 1065 1616 »
1094 1576 1157 1620 Sit
1174 1591 1277 1634 ergo
1295 1576 1542 1622 obedientia
1559 1615 1569 1634 ,

180 1662 271 1692 non
292 1645 498 1704 subrepat
518 1644 704 1703 superba
728 1643 899 1688 duritia.
942 1646 1061 1701 Ego,
1089 1645 1258 1705 inquit,
1284 1648 1572 1706 Evangelium

180 1716 364 1776 impleo,
387 1715 489 1775 quia
510 1714 631 1758 nudo
650 1713 761 1773 pede
785 1714 976 1757 ambulo.
1014 1717 1077 1757 Tu
1101 1723 1248 1773 potes,
1273 1731 1351 1774 ego
1374 1732 1462 1761 non
1480 1734 1572 1777 pos-

181 1802 292 1833 sum.
310 1785 440 1839 Quod
453 1784 582 1829 simul
594 1784 842 1843 accipimus,
859 1782 1166 1828 custodiamus.
1180 1786 1440 1838 Quomodo?
1454 1789 1571 1832 Cha-

181 1857 306 1901 ritate
344 1856 601 1915 flagremus,
639 1855 826 1899 invicem
859 1854 1088 1912 diligamus
1124 1870 1132 1895 :
1173 1871 1221 1899 ac
1255 1857 1314 1900 sic
1347 1857 1396 1901 fit
1428 1867 1477 1902 ut
1493 1875 1571 1918 ego

182 1942 322 1972 amem
335 1925 638 1971 fortitudinem
655 1934 791 1979 tuam,
810 1934 853 1968 et
871 1934 919 1968 tu
936 1934 1080 1983 portes
1097 1925 1392 1971 infirmitatem
1410 1944 1566 1974 meam.

245 2000 365 2041 VIII.
393 1996 509 2049 Quid
538 2004 683 2041 autem
713 1995 792 2038 tibi
819 1993 1008 2050 videtur,
1034 1995 1111 2055 qui
1140 2011 1228 2040 non
1249 1997 1310 2041 vis
1332 1997 1570 2057 intelligere

183 2066 556 2129 quemadmodum
579 2066 659 2110 ista
682 2065 797 2109 dieta
813 2065 920 2120 sint,
941 2074 984 2109 et
1006 2067 1168 2123 cogeris
1187 2067 1374 2125 praviter
1388 2069 1467 2128 ipsi
1490 2074 1571 2115 Do-

183 2139 304 2183 mino
322 2136 578 2182 calumniari
604 2135 657 2180 de
679 2134 833 2180 loculis
861 2144 904 2179 et
926 2135 1251 2195 calceamentis,
1276 2137 1380 2197 quid
1402 2140 1481 2183 tibi
1503 2141 1569 2185 vi—

185 2210 344 2253 detur?
374 2211 519 2252 Ita-ne
550 2206 694 2265 placet
726 2215 775 2250 ut
807 2206 889 2250 iter
922 2215 1096 2264 agentes
1129 2223 1405 2254 occurramus
1431 2211 1570 2255 charis

186 2279 340 2323 nostris
356 2313 366 2333 ,
392 2287 434 2322 et
464 2292 536 2321 eos
558 2292 648 2322 non
669 2276 906 2322 salutemus
928 2278 1109 2336 majores
1125 2312 1136 2331 ,
1171 2293 1260 2322 non
1287 2279 1568 2326 resalutemus

185 2350 401 2393 minores?
433 2351 605 2393 Jam-ne
628 2347 915 2407 Evangelium
948 2347 1129 2406 imples,
1168 2349 1270 2408 quia
1302 2350 1496 2396 salutaris
1527 2362 1569 2397 et

188 2422 327 2464 taces?
347 2420 414 2465 Sic
435 2435 538 2464 vero
556 2435 646 2463 non
666 2419 822 2464 viatori
839 2419 919 2462 iter
935 2419 1094 2476 agenti,
1111 2419 1186 2463 sed
1204 2420 1403 2466 milliario
1421 2423 1568 2468 similis

189 2490 271 2534 eris
305 2490 386 2534 iter
422 2489 682 2535 ostendenti.
719 2492 835 2548 Ergo
872 2488 1151 2534 stoliditatem
1189 2489 1455 2550 deponamus
1471 2529 1482 2548 ,
1526 2503 1570 2538 ct

240 2583 249 2600 ¹
273 2577 370 2609 Exod.
388 2589 436 2618 111,
456 2577 486 2608 5.
511 2594 552 2600 —
575 2584 587 2600 ²
606 2578 683 2608 Luc.
706 2587 756 2616 ιιι,
780 2576 830 2607 ι6.
