<?xml version="1.0" encoding="UTF-8"?>
<!DOCTYPE html PUBLIC "-//W3C//DTD XHTML 1.0 Transitional//EN"
    "http://www.w3.org/TR/xhtml1/DTD/xhtml1-transitional.dtd">
<html xmlns="http://www.w3.org/1999/xhtml" xml:lang="en" lang="en">
 <head>
  <title>
</title>
<meta http-equiv="Content-Type" content="text/html;charset=utf-8" />
  <meta name='ocr-system' content='tesseract 3.04.00' />
  <meta name='ocr-capabilities' content='ocr_page ocr_carea ocr_par ocr_line ocrx_word'/>
</head>
<body>
  <div class='ocr_page' id='page_1' title='image "./operaomniaaccura18auguuoft_0536.png"; bbox 0 0 1898 3178; ppageno 0'>
   <div class='ocr_carea' id='block_1_1' title="bbox 370 185 1298 225">
    <p class='ocr_par' dir='ltr' id='par_1_1' title="bbox 370 185 1298 225">
     <span class='ocr_line' id='line_1_1' title="bbox 370 185 1298 225; baseline -0.001 -1"><span class='ocrx_word' id='word_1_1' title='bbox 370 185 454 225; x_wconf 74' lang='lat'>524</span> <span class='ocrx_word' id='word_1_2' title='bbox 789 194 823 223; x_wconf 86' lang='lat' dir='ltr'>S.</span> <span class='ocrx_word' id='word_1_3' title='bbox 860 193 1089 224; x_wconf 71' lang='lat' dir='ltr'>Aucus&#39;nm</span> <span class='ocrx_word' id='word_1_4' title='bbox 1122 197 1298 223; x_wconf 72' lang='lat' dir='ltr'>emscom</span> 
     </span>
    </p>
   </div>
   <div class='ocr_carea' id='block_1_2' title="bbox 323 258 1747 1775">
    <p class='ocr_par' dir='ltr' id='par_1_2' title="bbox 323 258 1747 1775">
     <span class='ocr_line' id='line_1_2' title="bbox 369 258 1740 321; baseline 0 -15"><span class='ocrx_word' id='word_1_5' title='bbox 369 265 578 306; x_wconf 81' lang='lat' dir='ltr'>Susanna.</span> <span class='ocrx_word' id='word_1_6' title='bbox 607 261 691 306; x_wconf 90' lang='lat' dir='ltr'>Sed</span> <span class='ocrx_word' id='word_1_7' title='bbox 709 260 836 319; x_wconf 89' lang='lat' dir='ltr'>plane</span> <span class='ocrx_word' id='word_1_8' title='bbox 858 258 961 303; x_wconf 87' lang='lat' dir='ltr'>inde</span> <span class='ocrx_word' id='word_1_9' title='bbox 984 274 1026 302; x_wconf 84' lang='lat' dir='ltr'>se</span> <span class='ocrx_word' id='word_1_10' title='bbox 1049 260 1234 319; x_wconf 80' lang='lat' dir='ltr'>probent</span> <span class='ocrx_word' id='word_1_11' title='bbox 1260 261 1335 321; x_wconf 87' lang='lat' dir='ltr'>qui</span> <span class='ocrx_word' id='word_1_12' title='bbox 1357 261 1418 304; x_wconf 89' lang='lat' dir='ltr'>ibi</span> <span class='ocrx_word' id='word_1_13' title='bbox 1448 261 1586 305; x_wconf 87' lang='lat' dir='ltr'>futuri</span> <span class='ocrx_word' id='word_1_14' title='bbox 1616 272 1740 317; x_wconf 83' lang='lat' dir='ltr'>sunt,</span> 
     </span>
     <span class='ocr_line' id='line_1_3' title="bbox 367 328 1745 390; baseline 0.001 -15"><span class='ocrx_word' id='word_1_15' title='bbox 367 340 416 375; x_wconf 89' lang='lat' dir='ltr'>ut</span> <span class='ocrx_word' id='word_1_16' title='bbox 446 331 522 390; x_wconf 86' lang='lat' dir='ltr'>qui</span> <span class='ocrx_word' id='word_1_17' title='bbox 541 330 705 374; x_wconf 87' lang='lat' dir='ltr'>habent</span> <span class='ocrx_word' id='word_1_18' title='bbox 730 330 800 374; x_wconf 91' lang='lat' dir='ltr'>hic</span> <span class='ocrx_word' id='word_1_19' title='bbox 822 328 1072 374; x_wconf 83' lang='lat' dir='ltr'>inferiorem</span> <span class='ocrx_word' id='word_1_20' title='bbox 1091 329 1235 374; x_wconf 91' lang='lat' dir='ltr'>locum</span> <span class='ocrx_word' id='word_1_21' title='bbox 1251 366 1262 385; x_wconf 90' lang='lat'>,</span> <span class='ocrx_word' id='word_1_22' title='bbox 1287 345 1376 375; x_wconf 89' lang='lat' dir='ltr'>non</span> <span class='ocrx_word' id='word_1_23' title='bbox 1397 330 1620 375; x_wconf 88' lang='lat' dir='ltr'>invideant</span> <span class='ocrx_word' id='word_1_24' title='bbox 1634 366 1645 386; x_wconf 80' lang='grc'><em>,</em></span> <span class='ocrx_word' id='word_1_25' title='bbox 1669 331 1745 376; x_wconf 91' lang='lat' dir='ltr'>sed</span> 
     </span>
     <span class='ocr_line' id='line_1_4' title="bbox 367 398 1741 460; baseline 0.001 -16"><span class='ocrx_word' id='word_1_26' title='bbox 367 401 550 459; x_wconf 82' lang='lat' dir='ltr'>diligant</span> <span class='ocrx_word' id='word_1_27' title='bbox 580 399 625 442; x_wconf 91' lang='lat' dir='ltr'>in</span> <span class='ocrx_word' id='word_1_28' title='bbox 657 399 747 442; x_wconf 88' lang='lat' dir='ltr'>aliis</span> <span class='ocrx_word' id='word_1_29' title='bbox 770 398 990 444; x_wconf 89' lang='lat' dir='ltr'>meliorem</span> <span class='ocrx_word' id='word_1_30' title='bbox 1009 399 1170 444; x_wconf 91' lang='lat' dir='ltr'>locum.</span> <span class='ocrx_word' id='word_1_31' title='bbox 1206 401 1402 455; x_wconf 85' lang='lat' dir='ltr'>Etenim,</span> <span class='ocrx_word' id='word_1_32' title='bbox 1429 401 1548 445; x_wconf 84' lang='lat' dir='ltr'>verbi</span> <span class='ocrx_word' id='word_1_33' title='bbox 1579 402 1741 460; x_wconf 83' lang='lat' dir='ltr'>gratia,</span> 
     </span>
     <span class='ocr_line' id='line_1_5' title="bbox 365 467 1745 532; baseline 0.001 -18"><span class='ocrx_word' id='word_1_34' title='bbox 365 471 517 514; x_wconf 84' lang='lat' dir='ltr'>fratres</span> <span class='ocrx_word' id='word_1_35' title='bbox 549 469 657 523; x_wconf 82' lang='lat' dir='ltr'>mei,</span> <span class='ocrx_word' id='word_1_36' title='bbox 691 478 742 512; x_wconf 85' lang='lat' dir='ltr'>ut</span> <span class='ocrx_word' id='word_1_37' title='bbox 772 467 1003 514; x_wconf 81' lang='lat' dir='ltr'>advertatis</span> <span class='ocrx_word' id='word_1_38' title='bbox 1038 485 1047 510; x_wconf 75' lang='grc' dir='ltr'>ε</span> <span class='ocrx_word' id='word_1_39' title='bbox 1082 471 1354 530; x_wconf 83' lang='lat' dir='ltr'>conjugalem</span> <span class='ocrx_word' id='word_1_40' title='bbox 1385 472 1518 515; x_wconf 90' lang='lat' dir='ltr'>vitam</span> <span class='ocrx_word' id='word_1_41' title='bbox 1559 472 1745 532; x_wconf 87' lang='lat' dir='ltr'>quisque</span> 
     </span>
     <span class='ocr_line' id='line_1_6' title="bbox 366 538 1746 601; baseline 0.002 -18"><span class='ocrx_word' id='word_1_42' title='bbox 366 539 516 598; x_wconf 81' lang='lat' dir='ltr'>elegit,</span> <span class='ocrx_word' id='word_1_43' title='bbox 533 538 830 583; x_wconf 88' lang='lat' dir='ltr'>continentem</span> <span class='ocrx_word' id='word_1_44' title='bbox 848 540 981 583; x_wconf 90' lang='lat' dir='ltr'>vitam</span> <span class='ocrx_word' id='word_1_45' title='bbox 1000 540 1186 600; x_wconf 85' lang='lat' dir='ltr'>quisque</span> <span class='ocrx_word' id='word_1_46' title='bbox 1203 540 1333 598; x_wconf 81' lang='lat' dir='ltr'>elegit</span> <span class='ocrx_word' id='word_1_47' title='bbox 1350 561 1361 598; x_wconf 78' lang='lat'>3</span> <span class='ocrx_word' id='word_1_48' title='bbox 1383 541 1417 584; x_wconf 90' lang='lat' dir='ltr'>si</span> <span class='ocrx_word' id='word_1_49' title='bbox 1432 540 1505 584; x_wconf 77' lang='lat' dir='ltr'>ille</span> <span class='ocrx_word' id='word_1_50' title='bbox 1522 541 1599 601; x_wconf 92' lang='lat' dir='ltr'>qui</span> <span class='ocrx_word' id='word_1_51' title='bbox 1617 541 1746 600; x_wconf 83' lang='lat' dir='ltr'>elegit</span> 
     </span>
     <span class='ocr_line' id='line_1_7' title="bbox 365 607 1742 669; baseline 0.001 -16"><span class='ocrx_word' id='word_1_52' title='bbox 365 610 496 653; x_wconf 90' lang='lat' dir='ltr'>vitam</span> <span class='ocrx_word' id='word_1_53' title='bbox 520 607 816 668; x_wconf 85' lang='lat' dir='ltr'>conjugalem,</span> <span class='ocrx_word' id='word_1_54' title='bbox 843 610 1140 669; x_wconf 85' lang='lat' dir='ltr'>concupiverit</span> <span class='ocrx_word' id='word_1_55' title='bbox 1158 609 1383 664; x_wconf 79' lang='lat' dir='ltr'>adulteria,</span> <span class='ocrx_word' id='word_1_56' title='bbox 1404 619 1519 654; x_wconf 87' lang='lat' dir='ltr'>retro</span> <span class='ocrx_word' id='word_1_57' title='bbox 1532 612 1742 669; x_wconf 78' lang='lat' dir='ltr'>respexit3</span> 
     </span>
     <span class='ocr_line' id='line_1_8' title="bbox 366 680 1745 740; baseline 0.001 -17"><span class='ocrx_word' id='word_1_58' title='bbox 366 680 475 723; x_wconf 89' lang='lat' dir='ltr'>illud</span> <span class='ocrx_word' id='word_1_59' title='bbox 506 680 775 738; x_wconf 85' lang='lat' dir='ltr'>concupivit,</span> <span class='ocrx_word' id='word_1_60' title='bbox 814 680 935 740; x_wconf 83' lang='lat' dir='ltr'>quod</span> <span class='ocrx_word' id='word_1_61' title='bbox 965 680 1163 725; x_wconf 89' lang='lat' dir='ltr'>illicitum</span> <span class='ocrx_word' id='word_1_62' title='bbox 1197 689 1274 724; x_wconf 81' lang='lat' dir='ltr'>est.</span> <span class='ocrx_word' id='word_1_63' title='bbox 1308 680 1393 733; x_wconf 87' lang='lat' dir='ltr'>Qui</span> <span class='ocrx_word' id='word_1_64' title='bbox 1414 695 1516 724; x_wconf 87' lang='lat' dir='ltr'>vero</span> <span class='ocrx_word' id='word_1_65' title='bbox 1548 696 1572 724; x_wconf 92' lang='lat' dir='ltr'>a</span> <span class='ocrx_word' id='word_1_66' title='bbox 1603 682 1745 726; x_wconf 87' lang='lat' dir='ltr'>conti-</span> 
     </span>
     <span class='ocr_line' id='line_1_9' title="bbox 365 750 1742 810; baseline 0.002 -17"><span class='ocrx_word' id='word_1_67' title='bbox 365 750 512 794; x_wconf 85' lang='lat' dir='ltr'>nentia</span> <span class='ocrx_word' id='word_1_68' title='bbox 544 750 599 794; x_wconf 83' lang='lat' dir='ltr'>ad</span> <span class='ocrx_word' id='word_1_69' title='bbox 619 752 790 809; x_wconf 85' lang='lat' dir='ltr'>nuptias</span> <span class='ocrx_word' id='word_1_70' title='bbox 811 760 958 809; x_wconf 88' lang='lat' dir='ltr'>postea</span> <span class='ocrx_word' id='word_1_71' title='bbox 986 751 1126 795; x_wconf 90' lang='lat' dir='ltr'>redire</span> <span class='ocrx_word' id='word_1_72' title='bbox 1147 750 1358 805; x_wconf 90' lang='lat' dir='ltr'>voluerit,</span> <span class='ocrx_word' id='word_1_73' title='bbox 1385 759 1499 795; x_wconf 86' lang='lat' dir='ltr'>retro</span> <span class='ocrx_word' id='word_1_74' title='bbox 1520 752 1707 810; x_wconf 76' lang='lat' dir='ltr'>respexit</span> <span class='ocrx_word' id='word_1_75' title='bbox 1733 773 1742 797; x_wconf 86' lang='lat'>;</span> 
     </span>
     <span class='ocr_line' id='line_1_10' title="bbox 363 819 1746 880; baseline 0.002 -17"><span class='ocrx_word' id='word_1_76' title='bbox 363 819 530 864; x_wconf 88' lang='lat' dir='ltr'>licitum</span> <span class='ocrx_word' id='word_1_77' title='bbox 561 819 714 878; x_wconf 81' lang='lat' dir='ltr'>elegit,</span> <span class='ocrx_word' id='word_1_78' title='bbox 749 829 792 865; x_wconf 88' lang='lat' dir='ltr'>et</span> <span class='ocrx_word' id='word_1_79' title='bbox 824 831 938 866; x_wconf 87' lang='lat' dir='ltr'>retro</span> <span class='ocrx_word' id='word_1_80' title='bbox 971 821 1169 880; x_wconf 83' lang='lat' dir='ltr'>respexit.</span> <span class='ocrx_word' id='word_1_81' title='bbox 1205 823 1320 878; x_wconf 87' lang='lat' dir='ltr'>Ergo</span> <span class='ocrx_word' id='word_1_82' title='bbox 1351 820 1612 869; x_wconf 87' lang='lat' dir='ltr'>damnandae</span> <span class='ocrx_word' id='word_1_83' title='bbox 1643 830 1746 866; x_wconf 89' lang='lat' dir='ltr'>sunt</span> 
     </span>
     <span class='ocr_line' id='line_1_11' title="bbox 363 891 1746 952; baseline 0.002 -19"><span class='ocrx_word' id='word_1_84' title='bbox 363 891 558 950; x_wconf 81' lang='lat' dir='ltr'>nuptiae?</span> <span class='ocrx_word' id='word_1_85' title='bbox 579 894 691 937; x_wconf 89' lang='lat' dir='ltr'>Non.</span> <span class='ocrx_word' id='word_1_86' title='bbox 726 894 823 937; x_wconf 91' lang='lat' dir='ltr'>Non</span> <span class='ocrx_word' id='word_1_87' title='bbox 854 901 956 936; x_wconf 90' lang='lat' dir='ltr'>sunt</span> <span class='ocrx_word' id='word_1_88' title='bbox 974 891 1231 936; x_wconf 80' lang='lat' dir='ltr'>damnandae</span> <span class='ocrx_word' id='word_1_89' title='bbox 1253 891 1448 950; x_wconf 72' lang='lat' dir='ltr'>nuptiae3</span> <span class='ocrx_word' id='word_1_90' title='bbox 1472 891 1548 936; x_wconf 89' lang='lat' dir='ltr'>sed</span> <span class='ocrx_word' id='word_1_91' title='bbox 1566 891 1639 935; x_wconf 90' lang='lat' dir='ltr'>ille</span> <span class='ocrx_word' id='word_1_92' title='bbox 1669 893 1746 952; x_wconf 90' lang='lat' dir='ltr'>qui</span> 
     </span>
     <span class='ocr_line' id='line_1_12' title="bbox 361 960 1746 1021; baseline 0.002 -17"><span class='ocrx_word' id='word_1_93' title='bbox 361 976 430 1004; x_wconf 88' lang='lat' dir='ltr'>eas</span> <span class='ocrx_word' id='word_1_94' title='bbox 461 960 613 1019; x_wconf 79' lang='lat' dir='ltr'>elegit,</span> <span class='ocrx_word' id='word_1_95' title='bbox 647 977 736 1021; x_wconf 89' lang='lat' dir='ltr'>quo</span> <span class='ocrx_word' id='word_1_96' title='bbox 769 971 1004 1007; x_wconf 82' lang='lat' dir='ltr'>accesserat</span> <span class='ocrx_word' id='word_1_97' title='bbox 1027 961 1141 1006; x_wconf 90' lang='lat' dir='ltr'>vide.</span> <span class='ocrx_word' id='word_1_98' title='bbox 1168 964 1266 1005; x_wconf 83' lang='lat' dir='ltr'>Jam</span> <span class='ocrx_word' id='word_1_99' title='bbox 1289 970 1389 1005; x_wconf 90' lang='lat' dir='ltr'>ante</span> <span class='ocrx_word' id='word_1_100' title='bbox 1410 962 1532 1005; x_wconf 86' lang='lat' dir='ltr'>ierat.</span> <span class='ocrx_word' id='word_1_101' title='bbox 1559 960 1746 1014; x_wconf 87' lang='lat' dir='ltr'>Quando</span> 
     </span>
     <span class='ocr_line' id='line_1_13' title="bbox 362 1030 1747 1091; baseline 0.001 -17"><span class='ocrx_word' id='word_1_102' title='bbox 362 1031 537 1075; x_wconf 85' lang='lat' dir='ltr'>vivebat</span> <span class='ocrx_word' id='word_1_103' title='bbox 558 1031 717 1075; x_wconf 85' lang='lat' dir='ltr'>lascive</span> <span class='ocrx_word' id='word_1_104' title='bbox 739 1032 1011 1087; x_wconf 83' lang='lat' dir='ltr'>adolescens,</span> <span class='ocrx_word' id='word_1_105' title='bbox 1038 1032 1202 1091; x_wconf 82' lang='lat' dir='ltr'>nuptiae</span> <span class='ocrx_word' id='word_1_106' title='bbox 1221 1039 1321 1074; x_wconf 89' lang='lat' dir='ltr'>ante</span> <span class='ocrx_word' id='word_1_107' title='bbox 1351 1030 1476 1075; x_wconf 93' lang='lat' dir='ltr'>illum</span> <span class='ocrx_word' id='word_1_108' title='bbox 1507 1040 1657 1088; x_wconf 82' lang='lat' dir='ltr'>erant3</span> <span class='ocrx_word' id='word_1_109' title='bbox 1692 1031 1747 1076; x_wconf 87' lang='lat' dir='ltr'>ad</span> 
     </span>
     <span class='ocr_line' id='line_1_14' title="bbox 363 1101 1746 1161; baseline 0.001 -17"><span class='ocrx_word' id='word_1_110' title='bbox 363 1116 431 1145; x_wconf 86' lang='lat' dir='ltr'>eas</span> <span class='ocrx_word' id='word_1_111' title='bbox 463 1117 506 1145; x_wconf 85' lang='lat' dir='ltr'>se</span> <span class='ocrx_word' id='word_1_112' title='bbox 528 1101 738 1147; x_wconf 87' lang='lat' dir='ltr'>tendebat</span> <span class='ocrx_word' id='word_1_113' title='bbox 761 1118 770 1143; x_wconf 80' lang='lat' dir='ltr'><em>z</em></span> <span class='ocrx_word' id='word_1_114' title='bbox 802 1119 904 1147; x_wconf 90' lang='lat' dir='ltr'>cum</span> <span class='ocrx_word' id='word_1_115' title='bbox 925 1118 1028 1147; x_wconf 86' lang='lat' dir='ltr'>vero</span> <span class='ocrx_word' id='word_1_116' title='bbox 1060 1102 1189 1161; x_wconf 85' lang='lat' dir='ltr'>elegit</span> <span class='ocrx_word' id='word_1_117' title='bbox 1219 1102 1531 1146; x_wconf 87' lang='lat' dir='ltr'>continentiam</span> <span class='ocrx_word' id='word_1_118' title='bbox 1547 1137 1558 1157; x_wconf 86' lang='lat'>,</span> <span class='ocrx_word' id='word_1_119' title='bbox 1581 1103 1746 1161; x_wconf 89' lang='lat' dir='ltr'>nuptiae</span> 
     </span>
     <span class='ocr_line' id='line_1_15' title="bbox 363 1172 1747 1231; baseline -0.001 -14"><span class='ocrx_word' id='word_1_120' title='bbox 363 1181 460 1231; x_wconf 89' lang='lat' dir='ltr'>post</span> <span class='ocrx_word' id='word_1_121' title='bbox 480 1172 604 1216; x_wconf 93' lang='lat' dir='ltr'>illum</span> <span class='ocrx_word' id='word_1_122' title='bbox 625 1182 741 1218; x_wconf 89' lang='lat' dir='ltr'>sunt.</span> <span class='ocrx_word' id='word_1_123' title='bbox 783 1192 801 1215; x_wconf 93' lang='lat'>«</span> <span class='ocrx_word' id='word_1_124' title='bbox 823 1177 1040 1219; x_wconf 87' lang='lat' dir='ltr'>Memores</span> <span class='ocrx_word' id='word_1_125' title='bbox 1071 1182 1231 1228; x_wconf 86' lang='lat' dir='ltr'>estote,</span> <span class='ocrx_word' id='word_1_126' title='bbox 1262 1173 1320 1216; x_wconf 90' lang='lat' dir='ltr'>ait</span> <span class='ocrx_word' id='word_1_127' title='bbox 1348 1173 1581 1228; x_wconf 91' lang='lat' dir='ltr'>Dominus,</span> <span class='ocrx_word' id='word_1_128' title='bbox 1604 1173 1747 1217; x_wconf 87' lang='lat' dir='ltr'>uxoris</span> 
     </span>
     <span class='ocr_line' id='line_1_16' title="bbox 366 1242 1747 1302; baseline 0.001 -19"><span class='ocrx_word' id='word_1_129' title='bbox 366 1260 385 1283; x_wconf 89' lang='lat'>&gt;›</span> <span class='ocrx_word' id='word_1_130' title='bbox 412 1246 534 1286; x_wconf 81' lang='lat' dir='ltr'>Lot¹.</span> <span class='ocrx_word' id='word_1_131' title='bbox 565 1261 584 1283; x_wconf 90' lang='lat'>»</span> <span class='ocrx_word' id='word_1_132' title='bbox 613 1246 727 1288; x_wconf 80' lang='lat' dir='ltr'>Uxor</span> <span class='ocrx_word' id='word_1_133' title='bbox 759 1247 841 1288; x_wconf 88' lang='lat' dir='ltr'>Lot</span> <span class='ocrx_word' id='word_1_134' title='bbox 864 1253 978 1288; x_wconf 87' lang='lat' dir='ltr'>retro</span> <span class='ocrx_word' id='word_1_135' title='bbox 1001 1242 1269 1302; x_wconf 90' lang='lat' dir='ltr'>respiciendo</span> <span class='ocrx_word' id='word_1_136' title='bbox 1300 1243 1519 1286; x_wconf 89' lang='lat' dir='ltr'>remansit.</span> <span class='ocrx_word' id='word_1_137' title='bbox 1553 1243 1747 1302; x_wconf 84' lang='lat' dir='ltr'>Quisque</span> 
     </span>
     <span class='ocr_line' id='line_1_17' title="bbox 323 1312 1741 1374; baseline 0 -18"><span class='ocrx_word' id='word_1_138' title='bbox 323 1345 326 1348; x_wconf 81' lang='lat'>-</span> <span class='ocrx_word' id='word_1_139' title='bbox 363 1328 465 1370; x_wconf 85' lang='lat' dir='ltr'>ergo</span> <span class='ocrx_word' id='word_1_140' title='bbox 487 1328 575 1372; x_wconf 90' lang='lat' dir='ltr'>quo</span> <span class='ocrx_word' id='word_1_141' title='bbox 602 1315 747 1372; x_wconf 90' lang='lat' dir='ltr'>potuit</span> <span class='ocrx_word' id='word_1_142' title='bbox 766 1314 1014 1374; x_wconf 86' lang='lat' dir='ltr'>pervenire,</span> <span class='ocrx_word' id='word_1_143' title='bbox 1048 1312 1150 1357; x_wconf 88' lang='lat' dir='ltr'>inde</span> <span class='ocrx_word' id='word_1_144' title='bbox 1182 1313 1330 1356; x_wconf 87' lang='lat' dir='ltr'>timeat</span> <span class='ocrx_word' id='word_1_145' title='bbox 1351 1320 1466 1355; x_wconf 86' lang='lat' dir='ltr'>retro</span> <span class='ocrx_word' id='word_1_146' title='bbox 1497 1312 1708 1370; x_wconf 88' lang='lat' dir='ltr'>respicere</span> <span class='ocrx_word' id='word_1_147' title='bbox 1732 1331 1741 1356; x_wconf 92' lang='lat'>:</span> 
     </span>
     <span class='ocr_line' id='line_1_18' title="bbox 364 1381 1742 1443; baseline 0.001 -19"><span class='ocrx_word' id='word_1_148' title='bbox 364 1391 406 1425; x_wconf 89' lang='lat' dir='ltr'>et</span> <span class='ocrx_word' id='word_1_149' title='bbox 423 1381 616 1426; x_wconf 87' lang='lat' dir='ltr'>ambulet</span> <span class='ocrx_word' id='word_1_150' title='bbox 637 1382 682 1426; x_wconf 90' lang='lat' dir='ltr'>in</span> <span class='ocrx_word' id='word_1_151' title='bbox 699 1387 768 1427; x_wconf 84' lang='lat' dir='ltr'>via</span> <span class='ocrx_word' id='word_1_152' title='bbox 781 1418 791 1437; x_wconf 91' lang='lat'>‚</span> <span class='ocrx_word' id='word_1_153' title='bbox 816 1392 1022 1443; x_wconf 89' lang='lat' dir='ltr'>sequatur</span> <span class='ocrx_word' id='word_1_154' title='bbox 1037 1382 1260 1427; x_wconf 83' lang='lat' dir='ltr'>Christum</span> <span class='ocrx_word' id='word_1_155' title='bbox 1279 1400 1288 1426; x_wconf 72' lang='grc' dir='ltr'>ε</span> <span class='ocrx_word' id='word_1_156' title='bbox 1309 1397 1407 1441; x_wconf 89' lang='lat' dir='ltr'>quae</span> <span class='ocrx_word' id='word_1_157' title='bbox 1425 1391 1541 1426; x_wconf 88' lang='lat' dir='ltr'>retro</span> <span class='ocrx_word' id='word_1_158' title='bbox 1558 1381 1719 1425; x_wconf 88' lang='lat' dir='ltr'>oblitus</span> <span class='ocrx_word' id='word_1_159' title='bbox 1731 1416 1742 1436; x_wconf 85' lang='lat'>,</span> 
     </span>
     <span class='ocr_line' id='line_1_19' title="bbox 363 1451 1744 1511; baseline 0.001 -17"><span class='ocrx_word' id='word_1_160' title='bbox 363 1452 407 1494; x_wconf 88' lang='lat' dir='ltr'>in</span> <span class='ocrx_word' id='word_1_161' title='bbox 429 1466 478 1494; x_wconf 89' lang='lat' dir='ltr'>ea</span> <span class='ocrx_word' id='word_1_162' title='bbox 499 1467 598 1511; x_wconf 86' lang='lat' dir='ltr'>quae</span> <span class='ocrx_word' id='word_1_163' title='bbox 621 1461 719 1495; x_wconf 87' lang='lat' dir='ltr'>ante</span> <span class='ocrx_word' id='word_1_164' title='bbox 741 1461 842 1497; x_wconf 84' lang='lat' dir='ltr'>sunt</span> <span class='ocrx_word' id='word_1_165' title='bbox 858 1461 1078 1507; x_wconf 80' lang='lat' dir='ltr'>extentus,</span> <span class='ocrx_word' id='word_1_166' title='bbox 1103 1451 1346 1496; x_wconf 87' lang='lat' dir='ltr'>secundum</span> <span class='ocrx_word' id='word_1_167' title='bbox 1362 1452 1651 1496; x_wconf 87' lang='lat' dir='ltr'>intentionem</span> <span class='ocrx_word' id='word_1_168' title='bbox 1672 1452 1744 1495; x_wconf 89' lang='lat' dir='ltr'>in-</span> 
     </span>
     <span class='ocr_line' id='line_1_20' title="bbox 364 1521 1743 1581; baseline 0.002 -18"><span class='ocrx_word' id='word_1_169' title='bbox 364 1529 433 1564; x_wconf 84' lang='lat' dir='ltr'>tus</span> <span class='ocrx_word' id='word_1_170' title='bbox 464 1533 670 1580; x_wconf 85' lang='lat' dir='ltr'>sequatur</span> <span class='ocrx_word' id='word_1_171' title='bbox 693 1522 748 1566; x_wconf 90' lang='lat' dir='ltr'>ad</span> <span class='ocrx_word' id='word_1_172' title='bbox 770 1522 958 1581; x_wconf 89' lang='lat' dir='ltr'>palmam</span> <span class='ocrx_word' id='word_1_173' title='bbox 981 1523 1217 1566; x_wconf 84' lang='lat' dir='ltr'>vocationis</span> <span class='ocrx_word' id='word_1_174' title='bbox 1238 1522 1315 1565; x_wconf 90' lang='lat' dir='ltr'>Dei</span> <span class='ocrx_word' id='word_1_175' title='bbox 1335 1522 1378 1564; x_wconf 94' lang='lat' dir='ltr'>in</span> <span class='ocrx_word' id='word_1_176' title='bbox 1402 1521 1572 1566; x_wconf 89' lang='lat' dir='ltr'>Christo</span> <span class='ocrx_word' id='word_1_177' title='bbox 1595 1523 1743 1566; x_wconf 75' lang='lat' dir='ltr'>Jesu².</span> 
     </span>
     <span class='ocr_line' id='line_1_21' title="bbox 364 1590 1747 1650; baseline 0.001 -16"><span class='ocrx_word' id='word_1_178' title='bbox 364 1591 594 1650; x_wconf 83' lang='lat' dir='ltr'>Conjugati</span> <span class='ocrx_word' id='word_1_179' title='bbox 621 1602 881 1650; x_wconf 88' lang='lat' dir='ltr'>praeponant</span> <span class='ocrx_word' id='word_1_180' title='bbox 911 1592 990 1635; x_wconf 89' lang='lat' dir='ltr'>sibi</span> <span class='ocrx_word' id='word_1_181' title='bbox 1022 1593 1259 1650; x_wconf 80' lang='lat' dir='ltr'>innuptos;</span> <span class='ocrx_word' id='word_1_182' title='bbox 1298 1590 1518 1635; x_wconf 86' lang='lat' dir='ltr'>fateantur</span> <span class='ocrx_word' id='word_1_183' title='bbox 1555 1606 1626 1636; x_wconf 89' lang='lat' dir='ltr'>eos</span> <span class='ocrx_word' id='word_1_184' title='bbox 1658 1607 1747 1635; x_wconf 90' lang='lat' dir='ltr'>esse</span> 
     </span>
     <span class='ocr_line' id='line_1_22' title="bbox 364 1659 1745 1721; baseline 0.002 -19"><span class='ocrx_word' id='word_1_185' title='bbox 364 1659 562 1704; x_wconf 85' lang='lat' dir='ltr'>meliores</span> <span class='ocrx_word' id='word_1_186' title='bbox 588 1680 595 1705; x_wconf 90' lang='lat'>:</span> <span class='ocrx_word' id='word_1_187' title='bbox 616 1662 661 1704; x_wconf 90' lang='lat' dir='ltr'>in</span> <span class='ocrx_word' id='word_1_188' title='bbox 683 1662 741 1705; x_wconf 90' lang='lat' dir='ltr'>eis</span> <span class='ocrx_word' id='word_1_189' title='bbox 763 1661 945 1720; x_wconf 82' lang='lat' dir='ltr'>diligant</span> <span class='ocrx_word' id='word_1_190' title='bbox 963 1660 1083 1721; x_wconf 91' lang='lat' dir='ltr'>quod</span> <span class='ocrx_word' id='word_1_191' title='bbox 1103 1661 1184 1720; x_wconf 89' lang='lat' dir='ltr'>ipsi</span> <span class='ocrx_word' id='word_1_192' title='bbox 1202 1676 1292 1705; x_wconf 94' lang='lat' dir='ltr'>non</span> <span class='ocrx_word' id='word_1_193' title='bbox 1313 1661 1500 1719; x_wconf 77' lang='lat' dir='ltr'>habent3</span> <span class='ocrx_word' id='word_1_194' title='bbox 1526 1671 1569 1706; x_wconf 90' lang='lat' dir='ltr'>et</span> <span class='ocrx_word' id='word_1_195' title='bbox 1597 1662 1642 1705; x_wconf 94' lang='lat' dir='ltr'>in</span> <span class='ocrx_word' id='word_1_196' title='bbox 1662 1661 1745 1705; x_wconf 81' lang='lat' dir='ltr'>illis</span> 
     </span>
     <span class='ocr_line' id='line_1_23' title="bbox 365 1730 761 1775; baseline 0.003 -1"><span class='ocrx_word' id='word_1_197' title='bbox 365 1730 585 1775; x_wconf 82' lang='lat' dir='ltr'>Christum</span> <span class='ocrx_word' id='word_1_198' title='bbox 601 1741 761 1775; x_wconf 88' lang='lat' dir='ltr'>ament.</span> 
     </span>
    </p>
   </div>
   <div class='ocr_carea' id='block_1_3' title="bbox 421 1840 1057 1883">
    <p class='ocr_par' dir='ltr' id='par_1_3' title="bbox 421 1840 1057 1883">
     <span class='ocr_line' id='line_1_24' title="bbox 421 1840 1057 1883; baseline -0.003 -9"><span class='ocrx_word' id='word_1_199' title='bbox 421 1843 434 1862; x_wconf 75' lang='lat'>¹</span> <span class='ocrx_word' id='word_1_200' title='bbox 448 1844 524 1874; x_wconf 88' lang='lat' dir='ltr'>Luc.</span> <span class='ocrx_word' id='word_1_201' title='bbox 547 1852 621 1882; x_wconf 77' lang='lat' dir='ltr'>xvii,</span> <span class='ocrx_word' id='word_1_202' title='bbox 640 1841 692 1873; x_wconf 81' lang='lat'>32.</span> <span class='ocrx_word' id='word_1_203' title='bbox 707 1857 749 1862; x_wconf 91' lang='lat'>—</span> <span class='ocrx_word' id='word_1_204' title='bbox 766 1847 777 1863; x_wconf 81' lang='lat'>²</span> <span class='ocrx_word' id='word_1_205' title='bbox 799 1840 913 1883; x_wconf 87' lang='lat' dir='ltr'>Philip.</span> <span class='ocrx_word' id='word_1_206' title='bbox 933 1851 982 1879; x_wconf 81' lang='lat' dir='ltr'>ln,</span> <span class='ocrx_word' id='word_1_207' title='bbox 1007 1841 1057 1872; x_wconf 80' lang='lat'>13.</span> 
     </span>
    </p>
   </div>
   <div class='ocr_carea' id='block_1_4' title="bbox 1824 0 1898 2350">
    <p class='ocr_par' dir='ltr' id='par_1_4' title="bbox 1824 0 1898 2350">
     <span class='ocr_line' id='line_1_25' title="bbox 1824 0 1898 2350; baseline 0 0"><span class='ocrx_word' id='word_1_208' title='bbox 1824 0 1898 2350; x_wconf 95' lang='lat' dir='ltr'> </span> 
     </span>
    </p>
   </div>
  </div>
 </body>
</html>
