1898 3178
386 252 524 281 SEnMo
557 252 634 290 LX,
671 253 724 279 nt:
759 251 904 279 x-Enms
935 247 1083 278 MATTH
1138 252 1195 277 vt.
1398 241 1481 278 ‘2217

165 323 223 364 II.
260 322 376 363 Dura
418 333 543 362 causa
581 327 644 362 est
669 317 757 361 vita
786 317 992 362 mortalis
1029 317 1139 371 Quid
1167 324 1230 360 est
1262 314 1379 360 aliud
1414 318 1484 360 hic

106 392 247 445 nasci,
273 390 351 433 nisi
386 389 554 447 ingredi
586 388 844 432 laboriosam
871 389 1032 432 vitam?
1060 390 1122 431 De
1158 387 1307 431 labore
1335 386 1485 432 futuro

106 469 275 514 nostro,
300 459 417 503 testis
438 468 502 504 est
522 460 612 517 ipse
633 458 760 503 fletus
781 457 973 502 infantis.
999 458 1066 502 Ab
1087 459 1169 503 isto
1187 458 1368 503 molesto
1386 473 1485 503 con-

104 531 218 575 vivio
250 544 378 574 nemo
396 538 459 574 est
486 538 725 574 excusatu&
755 527 1000 572 Bibendum
1023 527 1108 572 fuit
1136 528 1254 588 quod
1282 529 1487 588 propina-

105 601 167 645 vit
191 601 343 644 Adam.
377 600 497 644 Facti
533 599 710 660 quidem
746 614 893 643 sumus
927 599 1127 643 manibus
1158 600 1348 644 veritatis
1379 615 1387 640 :
1413 600 1485 643 scd

107 680 284 731 propter
305 680 531 731 peccatum
561 670 743 731 projecti
767 670 813 714 in
840 668 930 714 dies
953 670 1169 714 vanitatis.
1198 671 1319 714 Facti
1341 686 1489 714 sumus

110 741 164 786 ad
195 741 428 800 imaginem
461 741 561 786 Dei1
591 760 600 786 ε
644 740 720 785 sed
745 739 999 785 detrivimus
1026 755 1119 784 eam
1150 741 1488 800 transgressione

105 813 286 871 peccati.
330 812 435 857 Ideo
488 811 680 856 Psalmus
717 827 796 857 nos
844 810 1048 857 admonet
1064 846 1075 867 ,
1121 812 1342 872 quomodo
1386 812 1487 856 facti

105 881 337 937 fuerimus,
373 892 416 927 et
437 899 527 942 quo
549 883 887 942 pervenerimus.
913 883 984 927 Ait
1007 883 1122 927 enim
1145 902 1154 927 :
1184 902 1204 924 «
1229 885 1486 942 Quanquam

109 971 130 995 »
165 954 208 997 in
227 954 412 1012 imagine
441 956 518 998 Dei
538 954 732 999 ambulet
752 956 899 999 homo.
924 973 944 996 u
969 957 1083 999 Ecce
1109 954 1230 1014 quod
1252 954 1392 999 factus
1408 963 1486 997 est.

106 1029 200 1078 Quo
214 1025 435 1084 pervenit?
456 1024 571 1069 Audi
590 1025 709 1085 quod
731 1025 926 1084 sequitur
944 1041 952 1066 :
974 1028 1169 1068 «Tamen
1188 1040 1296 1069 vane
1312 1033 1490 1068 contur-

110 1114 130 1136 »
166 1095 382 1139 habitui-2.
402 1114 421 1136 »
451 1099 501 1138 In
518 1096 707 1154 imagine
739 1095 930 1139 ambulat
950 1096 1166 1150 veritatis,
1186 1105 1227 1139 et
1256 1095 1489 1139 conturba-

111 1166 227 1209 bitur
258 1166 302 1209 in
325 1165 505 1210 consilio
533 1166 748 1210 vanitatis.
777 1167 971 1225 Denique
992 1165 1090 1209 vide
1110 1166 1489 1210 conturbationem

107 1237 228 1295 ejus,
256 1234 376 1290 vide,
409 1244 451 1279 et
484 1245 689 1295 tanquam
725 1237 769 1279 in
804 1237 981 1295 speculo
1016 1235 1194 1295 displice
1223 1236 1315 1279 tibi.
1343 1239 1492 1288 Quan-

107 1321 261 1366 quam,
299 1305 464 1365 inquit,
495 1308 538 1349 in
569 1307 758 1365 imagine
790 1306 867 1349 Dei
901 1306 1093 1350 ambulet
1125 1307 1280 1363 homo,
1321 1315 1363 1349 et
1393 1306 1492 1350 ideo

109 1392 264 1435 magna
281 1392 346 1421 res
366 1377 420 1422 sit
440 1378 572 1438 homo
590 1397 598 1421 :
625 1385 769 1420 tamen
790 1392 901 1420 vane
924 1377 1273 1420 conturbabitur.
1294 1380 1349 1420 Et
1371 1379 1491 1436 qnasi

109 1462 426 1508 quaereremus,
453 1447 601 1501 Unde,
634 1462 739 1505 rogo
762 1456 829 1501 te,
854 1446 972 1490 unde
1001 1462 1110 1490 vane
1132 1447 1492 1491 conturbabitur?

113 1536 133 1559 «
170 1517 468 1573 Thesaurizat,
484 1517 627 1577 inquit
641 1552 652 1571 ,
673 1526 716 1561 et
733 1518 902 1575 ignorat
920 1517 990 1561 cui
1013 1526 1246 1576 congreget
1256 1532 1318 1560 ea.
1340 1537 1356 1557 »
1380 1519 1491 1560 Ecce

108 1587 182 1631 ille
208 1589 368 1643 homo,
396 1587 441 1631 id
480 1597 569 1642 est,
606 1589 858 1631 universum
897 1603 1032 1646 genus
1063 1589 1329 1641 humanum,
1370 1588 1490 1648 quasi

109 1673 224 1702 unus
244 1659 401 1712 homo,
422 1658 559 1717 quiin
577 1673 703 1712 causa
724 1673 799 1701 sua
832 1656 1011 1711 defecit,
1039 1657 1264 1701 consilium
1283 1656 1489 1716 perdidit,

114 1727 169 1771 de
190 1728 257 1771 via
280 1742 394 1770 sanae
429 1727 584 1770 mentis
620 1727 777 1771 erravit
802 1745 810 1770 :
839 1745 858 1767 «
875 1727 1151 1770 Thesaurizat
1166 1762 1176 1781 ,
1202 1736 1246 1771 et
1266 1727 1402 1771 nescit
1424 1728 1492 1770 cui

114 1815 134 1838 »
160 1806 391 1855 congreget
414 1812 478 1840 ea.
503 1815 522 1838 υ
545 1796 661 1849 Quid
683 1796 956 1840 dementius?
977 1795 1085 1856 quid
1100 1797 1344 1840 infelicius?
1366 1799 1493 1841 Certe

110 1869 225 1913 enim
248 1869 358 1912 sibi?
386 1871 498 1913 Non.
535 1873 675 1921 Quare
711 1868 790 1911 sibi
819 1870 937 1912 non?
975 1868 1084 1921 Quia
1118 1868 1355 1912 moriturus
1390 1878 1452 1912 est
1479 1904 1489 1919 ,

110 1940 213 2000 quia
236 1939 376 1983 brevis
393 1940 480 1983 vita
503 1939 690 1982 hominis
707 1948 769 1982 est
785 1960 796 1996 3
815 1939 916 1998 quia
932 1939 1159 1982 thesaurus
1175 1937 1320 1991 durat,
1348 1948 1390 1982 et
1407 1939 1494 1982 cito

112 2009 263 2053 transit
283 2009 360 2068 qui
381 2018 628 2067 congregat.
665 2007 769 2052 Ideo
801 2010 1026 2052 miseratus
1054 2009 1276 2053 hominem
1309 2009 1353 2051 in
1384 2009 1494 2052 ima-

111 2080 210 2137 gine
241 2079 318 2123 Dei
348 2079 665 2132 ambulantem,
692 2094 792 2122 vera
819 2078 1053 2133 fatentem,
1083 2094 1192 2123 vana
1220 2087 1454 2122 sectantem
1481 2098 1490 2123 :

115 2152 294 2203 «Vane,
314 2150 471 2208 inquit,
493 2149 841 2193 conturbabitur.
862 2167 880 2190 »
905 2149 1039 2194 Doleo
1061 2169 1068 2194 :
1096 2168 1112 2189 «
1137 2151 1169 2193 T
1176 2149 1434 2203 hesaurizat,
1450 2160 1492 2193 et

117 2239 136 2261 »
159 2221 329 2278 ignorat
353 2220 424 2263 cui
445 2229 679 2278 congreget
701 2235 765 2264 ea.
784 2238 805 2261 »
831 2221 920 2264 Sibi
942 2222 1020 2264 ea?
1041 2223 1153 2266 Non.
1179 2221 1289 2273 Quia
1311 2221 1493 2264 moritur

112 2292 261 2345 homo,
276 2289 539 2349 perdurante
552 2291 770 2335 thesauro.
789 2291 1007 2349 CuiergoP
1020 2291 1258 2335 Consilium
1275 2291 1424 2348 habes,
1439 2291 1493 2334 da

114 2369 158 2405 et
179 2361 300 2404 mihi.
325 2362 423 2405 Non
440 2360 574 2403 habes
586 2361 812 2404 consilium
835 2360 957 2420 quod
974 2362 1080 2405 mihi
1098 2362 1195 2418 des,
1221 2376 1300 2405 nec
1321 2371 1371 2405 tu
1392 2377 1494 2420 ergo

114 2441 250 2477 tenes.
276 2431 464 2475 Proinde
486 2432 519 2474 si
543 2432 671 2476 ambo
695 2448 783 2476 non
805 2433 1016 2476 habemus
1032 2468 1042 2487 ,
1067 2433 1195 2477 ambo
1217 2449 1463 2492 quaeramus
1480 2469 1490 2487 ,

115 2503 244 2546 ambo
259 2502 516 2562 accipiamus
533 2537 543 2557 ,
566 2503 695 2547 ambo
712 2511 960 2548 tractemus.
983 2504 1299 2557 Conturbatur,
1322 2505 1493 2549 thesau-

159 2590 171 2609 ἲ
186 2589 266 2620 Gen.
291 2599 313 2627 1,
339 2596 392 2628 27.
412 2604 456 2610 —
474 2593 488 2611 2
507 2588 588 2619 Psal.
605 2598 737 2628 xxxviii,
753 2598 785 2628 7.
