1898 3178
393 245 447 281 36
823 249 855 276 s.
893 250 1122 277 ,mensum
1154 250 1333 277 EPlseom

393 338 412 359 »
448 317 602 362 nonin
634 314 914 360 tabernaculo
946 314 1171 373 pastoris1.
1200 332 1220 355 »
1253 313 1364 358 Vide
1396 313 1619 373 quomodo
1653 326 1773 357 com-

387 388 578 431 minetur
589 400 768 445 sponsus
789 405 797 428 :
817 383 918 427 vide
939 382 1311 444 quemadmodum
1327 383 1373 426 in
1389 383 1604 442 periculo,
1622 398 1774 442 quam—

385 459 449 503 vis
481 457 554 501 ille
585 456 722 500 dulcis
739 488 750 510 ‚
791 454 969 499 abstulit
1008 455 1062 498 de
1094 455 1238 498 medio
1278 453 1595 498 blandimenta.
1633 457 1772 506 Quam

383 527 542 571 blande
559 526 661 570 illa?
683 544 703 567 α
717 524 939 569 Annuntia
957 524 1063 567 mihi
1085 539 1217 584 quem
1239 523 1389 567 dilexit
1406 524 1548 567 anima
1565 538 1676 575 mea,
1697 523 1774 566 ubi

387 615 407 638 »
444 597 594 656 pascis,
610 595 687 639 ubi
700 594 834 639 cubas
848 594 894 637 in
911 593 1105 637 meridie.
1130 612 1149 634 »
1171 593 1327 637 Veniet
1341 593 1455 636 enim
1472 591 1640 636 medius
1657 592 1771 646 dies,

385 665 565 726 quando
591 664 647 708 ad
664 663 974 708 umbraculum
993 672 1256 708 concurrant
1274 671 1490 721 pastores3
1511 671 1554 705 et
1572 662 1686 705 forte
1706 660 1774 705 la-

384 735 496 780 tebit
509 749 578 778 me
595 734 673 778 ubi
689 742 739 777 tu
753 733 889 793 pascis
903 742 946 777 et
962 733 1039 776 ubi
1057 733 1190 777 cubas
1204 751 1212 776 :
1231 741 1274 775 et
1288 731 1388 776 volo
1402 731 1509 775 mihi
1522 731 1770 786 annunties,

384 822 438 850 ne
457 804 568 849 forte
586 805 687 849 fiam
705 805 816 849 sicut
830 813 995 863 operta,
1013 803 1058 847 id
1071 812 1150 858 est,
1171 803 1282 847 sicut
1299 802 1484 857 occulta,
1503 811 1546 846 et
1563 817 1652 846 non
1670 817 1774 860 cog-

384 877 490 919 nita.
510 878 602 933 Ego
624 876 741 919 enim
756 873 984 918 manifesta
1002 889 1094 917 sum
1125 893 1132 917 :
1158 873 1233 917 sed
1256 888 1310 916 ne
1338 873 1449 916 sicut
1471 881 1636 931 operta,
1662 872 1773 915 sicut

383 946 521 991 celata
538 945 729 990 incidam
745 961 874 1004 super
887 959 1034 1003 greges
1049 943 1263 988 sodalium
1278 953 1469 988 tuorum.
1482 944 1645 986 Omnes
1658 942 1774 985 enim

384 1017 579 1063 haeretici
597 1033 619 1060 a
641 1017 814 1062 Christo
834 1018 1031 1060 exierunt
1051 1037 1062 1073 3
1083 1030 1233 1060 omnes
1249 1015 1325 1074 qui
1344 1014 1449 1059 facti
1464 1023 1566 1058 sunt
1583 1023 1775 1073 pastores

383 1088 508 1142 mali,
529 1088 741 1131 habentes
766 1102 915 1145 greges
939 1101 1037 1129 suos
1059 1086 1142 1128 sub
1159 1087 1336 1128 nomine
1358 1085 1544 1138 Christi,
1565 1083 1680 1127 illius
1702 1099 1774 1127 so-

380 1155 499 1200 dales
515 1156 697 1196 fuerunt
716 1186 727 1205 ,
747 1155 863 1194 illius
885 1155 1135 1195 convivium
1157 1162 1434 1209 acceperunt.
1464 1152 1636 1197 Sodales
1659 1153 1775 1195 enim

381 1226 613 1277 dicuntur,
635 1231 844 1279 tanquam
868 1220 997 1263 unius
1020 1220 1221 1263 convivii.
1249 1222 1401 1264 Latina
1420 1222 1569 1279 lingua
1589 1221 1649 1264 sic
1671 1221 1775 1265 dicti

382 1304 484 1340 sunt
503 1292 670 1338 sodales
689 1327 699 1346 ‚
733 1291 857 1351 quasi
885 1290 1014 1334 simul
1039 1289 1207 1347 edales3
1240 1306 1291 1335 eo
1323 1291 1443 1350 quod
1470 1291 1599 1336 simul
1620 1291 1766 1336 edant.

382 1366 500 1412 Audi
523 1364 648 1408 illum
670 1363 716 1406 in
738 1361 909 1406 Psalmo
932 1372 1187 1420 arguentem
1220 1362 1387 1407 sodales
1419 1364 1577 1418 malos,
1611 1363 1657 1407 id
1680 1372 1771 1418 est,

382 1437 511 1481 unius
533 1433 734 1479 convivii.
761 1451 781 1474 «
808 1433 850 1477 Si
876 1432 1097 1484 inimicus⁷
1122 1432 1266 1490 inquit
1283 1468 1294 1487 ‚
1328 1449 1449 1478 meus
1475 1433 1775 1493 exprobrasset

388 1525 409 1548 »
444 1504 549 1549 mihi
567 1539 578 1559 ‚
599 1503 897 1547 sustinuissem
920 1502 1096 1560 utique3
1117 1511 1160 1544 et
1177 1501 1211 1544 si
1233 1517 1361 1561 super
1384 1518 1453 1546 me
1474 1518 1632 1562 magna
1653 1503 1776 1547 locu-

387 1595 407 1618 »
442 1584 512 1619 tus
543 1573 720 1628 fuisset,
753 1571 1073 1616 abscondissem
1106 1586 1176 1614 me
1205 1572 1358 1631 utique
1394 1572 1447 1616 ab
1475 1587 1557 1617 eo:
1594 1582 1643 1616 tu
1672 1589 1775 1618 vero

386 1667 406 1689 »
442 1645 677 1690 unianimis
696 1654 739 1687 et
760 1652 890 1687 notus
905 1657 1049 1697 mem,
1075 1642 1163 1686 dux
1185 1657 1306 1687 meus
1325 1679 1336 1698 ‚
1362 1644 1439 1704 qui
1452 1644 1580 1689 simul
1604 1660 1775 1689 mecum

386 1736 407 1759 υ
444 1714 593 1758 dulces
624 1712 824 1770 capiebas
853 1711 1015 1755 cibos2.
1048 1730 1069 1752 »
1107 1715 1222 1771 Ergo
1249 1713 1376 1757 multi
1411 1715 1579 1759 sodales
1617 1716 1774 1774 ingrati

385 1800 544 1830 mensae
570 1782 804 1827 Dominicae
836 1782 1032 1826 exierunt
1064 1781 1178 1827 foras
1204 1799 1213 1823 τ
1241 1784 1344 1828 mali
1377 1785 1544 1830 sodales
1578 1785 1776 1831 fecerunt

384 1856 466 1901 sibi
481 1870 578 1899 suas
595 1868 779 1907 mensas,
795 1861 1026 1896 erexerunt
1040 1853 1190 1897 altaria
1208 1863 1359 1898 contra
1377 1855 1525 1899 altare.
1548 1859 1599 1898 In
1617 1857 1675 1899 eis
1693 1856 1773 1900 ista

387 1928 511 1971 timet
533 1939 691 1968 errare.

443 1997 672 2039 XXXVII.
699 1996 755 2038 Et
778 1994 811 2037 si
834 2003 959 2052 putas
983 1994 1084 2053 quia
1111 1994 1311 2037 meridies
1332 1993 1476 2038 Africa
1504 2004 1567 2039 est
1595 2013 1603 2039 :
1629 2011 1772 2055 quan-

384 2081 517 2127 quam
540 2079 707 2125 possem
731 2064 928 2108 obtinere
942 2063 1078 2122 magis
1094 2078 1184 2107 esse
1205 2063 1361 2107 mundi
1381 2064 1605 2108 meridiem
1629 2074 1773 2124 partes

387 2137 587 2195 AEgypti,
612 2145 656 2179 et
676 2134 770 2178 illas
787 2143 955 2178 exustas
970 2134 1059 2177 sole
1074 2133 1289 2192 regiones,
1311 2134 1388 2177 ubi
1405 2134 1552 2193 pluvia
1582 2151 1672 2180 non
1693 2152 1773 2195 ap·
1838 2161 1840 2167 ·

385 2215 508 2267 paret
532 2225 540 2251 :
564 2205 667 2266 quia
690 2205 780 2264 ipse
802 2214 863 2247 est
886 2203 1083 2247 meridies
1097 2238 1108 2258 ‚
1140 2204 1216 2246 ubi
1238 2213 1378 2248 servet
1395 2204 1563 2249 medius
1580 2206 1686 2250 dies.
1707 2208 1773 2251 lbi

388 2287 534 2321 autem
562 2291 730 2320 eremus
758 2274 887 2334 plena
918 2273 1108 2317 millibus
1130 2289 1355 2319 servorum
1381 2276 1476 2319 Dei.
1513 2277 1638 2320 Unde
1660 2277 1694 2320 si
1718 2277 1774 2321 ad
1835 2293 1837 2301 ⁴

387 2345 613 2390 meridiem
634 2346 832 2390 locorum
853 2344 1034 2389 velimus
1056 2343 1301 2400 advertere,
1327 2360 1461 2404 quare
1483 2361 1574 2390 non
1595 2346 1655 2389 ibi
1674 2362 1772 2406 pas·
1832 2388 1835 2394 ,

387 2427 457 2461 cat
477 2417 549 2460 ille
572 2417 705 2475 magis
720 2451 731 2471 ,
757 2426 800 2461 et
820 2416 882 2460 ibi
903 2415 1165 2475 requiescat,
1192 2415 1371 2475 quando
1395 2425 1493 2460 ante
1510 2416 1772 2476 praedictum
1831 2402 1834 2430 ⁵

388 2496 477 2543 est,
498 2487 641 2530 Ubera
660 2496 788 2530 erunt
814 2486 982 2530 deserta
1005 2485 1167 2530 eremi?
1187 2485 1271 2531 Sed
1293 2501 1390 2531 ecce
1412 2488 1660 2543 consentio,
1679 2503 1772 2532 me-

441 2577 449 2594 ¹
473 2572 562 2604 Cant.
580 2582 603 2612 1,
617 2582 649 2613 7.
665 2586 706 2593 --
725 2576 737 2594 ²
752 2570 833 2604 Psal.
857 2581 919 2612 mv,
941 2569 990 2602 13.
