1898 3178
393 185 475 222 5312
823 194 855 220 s.
893 190 1122 219 Aucus-nm
1154 193 1333 221 Emscorl

392 274 434 306 et
457 261 572 306 solus
596 262 677 305 hoc
700 259 880 319 implere
902 274 989 303 nou
1013 267 1208 318 poterat,
1229 270 1359 320 atque
1376 260 1486 306 illud
1508 261 1772 322 adjutorium

394 342 600 392 tauquam
630 332 730 374 huic
753 330 873 389 operi
896 345 984 374 non
1006 328 1224 375 sufficiens
1251 331 1526 389 assumebat3
1550 333 1624 376 sed
1647 333 1772 393 spiri-

392 414 487 448 tum
510 403 697 447 divisum
719 403 764 445 in
787 402 1067 461 semetipsum
1085 437 1096 457 ‚
1123 417 1174 446 eo
1197 404 1358 461 Spiritu
1394 403 1661 462 congruebat
1697 419 1775 448 ex-

391 475 492 535 pelli
513 510 523 529 ,
549 489 680 534 quem
699 476 825 519 Pater
843 482 886 518 et
906 472 1043 518 Filius
1065 489 1155 518 non
1176 473 1302 518 divisi
1322 474 1368 518 in
1391 475 1629 533 semetipsis
1651 490 1776 520 com-

389 545 580 589 muniter
601 544 778 588 habent.

447 617 655 660 XXVIII.
685 616 752 660 Sic
774 624 818 659 et
840 624 1031 675 peccata,
1056 616 1158 675 quia
1180 623 1337 674 praeter
1350 614 1586 659 Ecclesiam
1599 631 1690 660 non
1705 616 1774 660 di-

388 686 640 741 mittuntur,
668 686 712 730 in
731 702 783 731 eo
813 686 976 746 Spiritu
1000 686 1160 731 dimitti
1183 686 1434 745 oportebat,
1458 702 1547 746 quo
1571 687 1615 731 in
1636 703 1776 732 unum

388 756 580 801 Ecclesia
601 767 902 815 congregatur.
926 758 1122 816 Denique
1145 758 1178 801 si
1200 771 1464 816 quemquam
1486 766 1604 802 extra
1621 759 1775 802 Eccle-

391 829 495 871 siam
518 843 695 872 suorum
718 828 928 888 poeniteat
948 837 1224 887 peccatorum
1243 863 1253 882 ,
1271 837 1311 872 et
1328 829 1458 888 hujus
1479 829 1588 873 tanti
1611 830 1776 888 peccati

390 914 478 958 quo
499 898 664 942 alicnus
687 908 750 942 est
779 900 832 943 ab
855 899 1046 943 Ecclesia
1072 899 1146 942 Dei
1171 914 1245 943 cor
1276 899 1554 957 impoenitens
1586 900 1773 955 habeat,

389 967 495 1028 quid
508 968 813 1028 eiprodestilla
831 970 1086 1029 poenitentia
1103 991 1113 1026 3
1131 985 1231 1013 cum
1254 970 1336 1013 isto
1354 969 1446 1013 solo
1458 969 1643 1014 verbum
1661 971 1777 1015 dicat

388 1049 538 1083 contra
562 1040 770 1098 Spiritum
793 1049 1014 1095 sanctum,
1045 1056 1133 1100 quo
1152 1050 1380 1084 extraneus
1409 1049 1472 1084 est
1495 1041 1549 1084 ab
1565 1040 1772 1097 Ecclesia,

388 1125 487 1169 quae
511 1111 676 1168 accepit
692 1111 775 1154 hoc
793 1109 957 1154 donum
973 1145 983 1164 ‚
1008 1119 1057 1153 ut
1077 1111 1121 1152 in
1144 1125 1187 1152 ea
1205 1111 1248 1153 in
1270 1110 1432 1168 Spiritu
1453 1119 1601 1154 sancto
1618 1112 1774 1155 fiatre-

387 1181 529 1225 missio
560 1191 840 1239 peccatorum
854 1183 892 1224 ¹?
910 1185 1044 1233 Quam
1072 1180 1367 1223 remissionem
1387 1196 1486 1224 cum
1507 1181 1690 1225 Trinitas
1707 1181 1775 1226 fa-

389 1251 474 1294 ciat
489 1287 499 1305 ‚
526 1252 700 1310 proprie
719 1261 864 1295 tamen
880 1251 933 1294 ad
954 1251 1160 1309 Spiritum
1185 1260 1384 1295 sanctum
1406 1250 1663 1309 intelligitur
1685 1268 1776 1311 per-

390 1323 537 1365 tinere.
558 1326 680 1380 «lpse
703 1323 816 1364 enim
841 1330 903 1365 est
928 1322 1110 1380 Spiritus
1135 1321 1376 1379 adoptionis
1399 1321 1605 1376 filiorum,
1626 1322 1670 1366 in
1686 1338 1775 1382 quo

390 1411 409 1432 n
436 1392 672 1436 clamamus
694 1412 701 1436 :
725 1393 863 1446 Abba,
880 1395 1025 1451 pater2
1049 1411 1056 1435 ;
1080 1409 1100 1432 n
1120 1392 1220 1435 utei
1239 1392 1450 1451 possimus
1473 1392 1617 1436 dicere
1638 1411 1681 1437 z«
1699 1394 1775 1438 Di-

389 1482 408 1503 »
444 1464 568 1506 mitte
591 1463 716 1507 nobis
741 1463 887 1507 dehita
911 1464 1096 1507 nostra3.
1114 1481 1133 1503 »
1173 1466 1229 1506 Et
1252 1464 1296 1506 in
1320 1464 1402 1507 hoc
1433 1464 1735 1522 cognoscimus
1756 1501 1768 1521 ‚

384 1535 494 1578 sicut
517 1533 621 1578 dicit
643 1534 861 1592 apostolus
879 1538 1088 1588 Joannes,
1115 1535 1321 1593 quoniam
1344 1535 1543 1579 Christus
1563 1545 1712 1580 manet
1728 1537 1773 1580 in

386 1605 537 1658 nobis,
562 1606 616 1647 de
643 1605 803 1662 Spiritu
822 1621 922 1657 suo,
948 1620 1079 1663 quem
1109 1604 1230 1649 dedit
1252 1605 1376 1648 nobis
1392 1607 1424 1649 ⁴.
1469 1608 1564 1664 Ipse
1590 1607 1773 1666 Spiritus

389 1676 685 1719 testimonium
704 1676 847 1718 reddit
869 1675 1037 1734 spiritui
1060 1684 1207 1719 nostro
1221 1711 1231 1730 ,
1257 1675 1375 1735 quod
1394 1691 1542 1720 sumus
1556 1676 1632 1720 filii
1649 1678 1768 1722 Dei5.

386 1746 454 1789 Ad
489 1746 629 1804 ipsum
664 1745 775 1788 enim
819 1745 1005 1803 pertinet
1035 1746 1214 1789 societas
1229 1781 1239 1800 ‚
1275 1762 1358 1806 qua
1384 1747 1599 1790 efficimur
1633 1763 1770 1792 unum

385 1831 541 1875 corpus
564 1816 680 1859 unici
706 1815 802 1859 Filii
828 1816 916 1859 Dei.
940 1816 1063 1860 Unde
1081 1816 1291 1875 scriptum
1310 1827 1374 1860 est
1400 1837 1408 1861 :
1438 1818 1514 1861 «Si
1539 1818 1772 1877 quaigitur

391 1907 409 1928 η
447 1887 689 1931 exhortatio
718 1888 764 1930 in
796 1887 994 1942 Christo,
1025 1887 1201 1946 siquod
1233 1887 1434 1931 solatium
1467 1888 1711 1944 charitatis,
1736 1889 1771 1933 si

392 1982 407 1999 »
444 1975 529 2018 qua
553 1959 731 2002 societas
757 1959 939 2017 Spiritus
954 1960 1014 2002 ὓ.»
1039 1961 1218 2017 Propter
1241 1959 1353 2002 hanc
1375 1959 1624 2003 societatem
1641 1959 1704 2003 illi
1724 1961 1770 2004 in

384 2044 493 2088 quos
508 2029 707 2088 primitus
728 2029 862 2081 venit,
888 2027 1047 2085 linguis
1064 2028 1258 2072 omnium
1281 2029 1474 2086 gentium
1493 2039 1595 2074 sunt
1616 2031 1765 2075 locuti.

384 2100 492 2152 Quia
504 2100 616 2143 sicut
637 2114 714 2158 per
736 2098 903 2156 linguas
916 2098 1186 2142 consociator
1206 2107 1270 2141 est
1291 2099 1469 2143 societas
1492 2101 1659 2158 generis
1680 2101 1768 2145 hu-

386 2170 500 2213 maui
523 2189 531 2214 :
557 2170 615 2214 sic
640 2171 866 2229 oportebat
891 2185 965 2229 per
989 2169 1157 2228 linguas
1176 2170 1371 2213 omnium
1390 2170 1585 2229 gentium
1604 2172 1768 2228 signifi-

383 2242 469 2283 cari
488 2241 611 2284 istam
641 2241 887 2284 societzuein
921 2239 1108 2284 filiorum
1131 2240 1202 2283 Dei
1223 2250 1266 2284 et
1287 2241 1584 2285 membrorum
1607 2242 1765 2286 Christi

385 2312 575 2354 suturam
609 2312 653 2354 in
683 2311 886 2354 omnibus
912 2311 1112 2369 gentibus
1149 2330 1156 2355 :
1185 2320 1234 2354 ut
1265 2311 1638 2371 quemadmodum
1662 2321 1766 2356 tunc

383 2380 454 2423 ille
476 2381 710 2439 apparebat
729 2382 940 2440 accepisse
958 2381 1164 2439 Spiritum
1187 2391 1400 2437 sanctum,
1413 2382 1489 2442 qui
1503 2382 1766 2442 loquebatur

446 2483 453 2498 ¹
473 2476 582 2507 Florus
600 2478 638 2509 ad
667 2480 756 2509 Romi
779 2487 854 2515 vui;
872 2477 984 2520 Epiros,
1004 2489 1049 2516 iv,
1071 2482 1103 2509 et
1129 2478 1241 2520 Philip.
1269 2490 1303 2510 11.
1328 2495 1369 2501 —
1389 2486 1401 2501 ²
1421 2481 1512 2511 Rom.
1537 2489 1604 2519 vni,
1638 2479 1691 2512 15.
1721 2496 1763 2502 —

383 2529 396 2553 3
415 2532 534 2565 Matth.
555 2543 599 2565 vi,
624 2542 671 2564 12,
688 2549 727 2555 -
755 2532 768 2562 4
793 2535 908 2565 stoan.
930 2544 974 2569 ιιι,
997 2532 1047 2573 '²4-
1073 2549 1112 2556 --
1132 2531 1143 2555 5
1162 2535 1253 2564 Rom.
1278 2544 1342 2573 viu,
1365 2533 1416 2565 16.
1435 2551 1473 2557 —
1497 2531 1512 2556 6
1530 2533 1645 2576 Philip.
1666 2544 1701 2574 u,
1728 2545 1758 2566 1.
