1898 3178
385 231 469 268 612
823 239 855 266 s.
892 239 1122 267 Aneusnm
1154 240 1334 268 Emscom

388 414 526 431 ΝᾺὯἏΜ
535 412 1620 429 mmmmmmmmmwvmkumwnwnwwmmmmwmm
1626 413 1759 428 νὶΜὶ-ἋΊ

855 539 1083 586 SERMO
1133 540 1240 587 CXI
1253 540 1285 582 ¹.

385 704 446 746 De
472 700 613 745 verbis
636 699 858 758 Evangelii
887 702 1017 745 Lucae
1039 718 1149 756 xm,
1185 700 1262 744 ubi
1299 714 1481 759 regnum
1510 700 1587 744 Dei
1607 698 1765 744 dicitur

441 770 852 832 similefhrmento
870 806 881 827 ,
907 769 1039 830 quod
1057 780 1307 830 acceptam
1330 769 1501 815 mulier
1515 769 1766 814 abscondit

439 843 685 905 c'nfarz'noe
705 852 818 888 sata
846 843 955 887 tria.
983 846 1132 902 Deque
1154 858 1206 887 eo
1223 842 1419 903 quodibi
1438 841 1647 901 scriptum
1668 850 1731 887 est
1753 860 1761 886 :

438 912 674 970 Domine,
698 913 742 958 si
755 913 906 973 pauci
923 923 1032 958 sant
1054 914 1135 972 qai
1156 909 1444 958 salvantur?

442 1073 476 1113 Ι.
505 1072 611 1114 TmA
642 1079 734 1115 sata
764 1070 914 1115 farinae
932 1106 943 1125 ,
976 1070 1030 1114 de
1059 1071 1219 1130 quibus
1245 1069 1451 1114 Dominus
1485 1069 1762 1128 loquebatur,

383 1155 516 1198 genus
538 1141 782 1185 humanum
803 1150 881 1184 est.
909 1140 1103 1185 Recolite
1121 1139 1335 1184 diluvium
1358 1158 1367 1184 :
1393 1139 1511 1183 unde
1529 1140 1673 1184 caeteri
1695 1155 1765 1183 re-

383 1221 605 1271 parentur,
634 1222 715 1257 tres
735 1215 1076 1257 remanserunt2.
1105 1214 1205 1256 Tres
1227 1211 1337 1256 filios
1358 1212 1549 1256 habebat
1571 1214 1660 1256 Noe
1675 1247 1686 1266 ‚
1711 1211 1766 1255 de

385 1284 486 1342 ipsis
520 1293 768 1342 reparatum
798 1293 860 1328 est
882 1298 1016 1341 genus
1048 1283 1305 1327 humanum.
1338 1282 1495 1328 Mulier
1519 1282 1592 1326 illa
1621 1292 1766 1327 sancta

383 1370 483 1414 quae
510 1354 742 1399 abscondit
772 1355 1062 1410 fermentum,
1099 1354 1305 1413 sapientia
1342 1363 1420 1398 est.
1459 1356 1571 1398 Ecce
1609 1352 1767 1398 clamat

383 1424 499 1469 orbis
521 1434 637 1469 totus
655 1425 699 1468 iu
719 1423 909 1469 Ecclesia
931 1424 1007 1468 Dei
1028 1440 1037 1464 :
1065 1443 1085 1465 ‹<
1108 1427 1200 1482 Ego
1222 1425 1430 1482 cognovi,
1455 1423 1558 1483 quia
1581 1438 1764 1482 magnus

385 1514 406 1536 »
432 1504 495 1539 est
516 1495 726 1539 Dominus
741 1496 773 1537 ³.
796 1513 813 1535 n
848 1496 976 1539 Certe
996 1495 1123 1553 pauci
1144 1504 1245 1538 sunt
1264 1495 1340 1554 qui
1359 1493 1593 1538 salvantur.
1623 1497 1764 1539 Reco-

382 1566 468 1610 litis
497 1567 781 1625 quaestionem
809 1581 860 1609 ex
885 1565 1119 1623 Evangelio
1144 1566 1269 1610 nobis
1299 1564 1430 1609 modo
1462 1566 1724 1625 propositam
1752 1585 1760 1610 :

388 1657 406 1678 «
429 1638 634 1690 Domine,
676 1635 843 1680 dietum
870 1646 956 1690 est,
991 1636 1024 1679 si
1057 1636 1184 1695 pauci
1209 1645 1311 1680 sunt
1337 1635 1414 1695 qui
1445 1635 1720 1680 salvantur4‘?
1740 1655 1759 1678 »

388 1707 594 1751 Dominus
622 1705 676 1749 ad
704 1706 787 1750 hoc
815 1705 948 1765 quid?
976 1708 1074 1752 Non
1097 1706 1156 1750 ait
1182 1721 1190 1747 z
1221 1708 1318 1751 Non
1346 1706 1500 1766 pauci,
1531 1706 1605 1751 sed
1637 1705 1765 1751 multi

384 1788 484 1824 sunt
507 1778 582 1837 qui
604 1777 841 1822 salvantur.
866 1779 964 1822 Non
989 1777 1073 1822 hoc
1101 1776 1223 1821 dixit.
1258 1778 1342 1822 Sed
1364 1778 1472 1837 quid
1498 1776 1632 1833 dixit,
1663 1794 1765 1823 cum

385 1849 571 1894 audisset
592 1864 600 1889 z
638 1867 657 1890 «
692 1849 735 1893 Si
760 1847 887 1908 pauci
916 1857 1018 1893 sunt
1044 1849 1120 1907 qui
1141 1847 1388 1892 salvantur?
1411 1848 1672 1893 Contendite
1694 1851 1763 1894 in-

389 1940 407 1962 »
436 1929 546 1964 trare
575 1934 650 1978 per
681 1927 906 1976 angustam
940 1920 1152 1977 portamf’.
1189 1936 1207 1959 »
1243 1917 1429 1970 Quando
1463 1918 1585 1962 audis
1622 1935 1724 1979 ergo
1751 1940 1760 1965 ε

390 2012 409 2033 «
435 1990 566 2035 Pauci
588 1998 689 2034 sunt
713 1989 790 2049 qui
811 1988 1048 2044 salvantur,
1075 2007 1093 2030 »
1121 1989 1392 2033 confirmavit
1417 1989 1623 2033 Dominus
1644 1991 1765 2050 quod

388 2062 568 2106 audivit.
592 2063 670 2104 Per
691 2069 916 2118 angustam
932 2069 1101 2119 portam
1116 2060 1240 2119 pauci
1257 2059 1434 2104 intrant.
1454 2060 1551 2105 Alio
1562 2061 1660 2106 loco
1675 2062 1764 2122 ipse

388 2133 446 2176 ait
473 2151 480 2175 :
511 2151 530 2172 «
557 2134 686 2174 Arcta
707 2130 776 2174 via
805 2138 868 2173 est
895 2139 938 2173 et
958 2138 1163 2189 angusta,
1189 2145 1288 2189 quae
1317 2129 1438 2174 ducit
1460 2129 1515 2175 ad
1535 2131 1691 2189 vitam,
1722 2142 1765 2177 et

390 2222 409 2244 »
436 2202 562 2262 pauci
583 2209 685 2245 sunt
705 2200 781 2259 qui
810 2198 1114 2257 ingrediuntur
1143 2214 1218 2258 per
1249 2198 1365 2243 illam
1396 2219 1405 2244 2
1436 2200 1523 2245 lata
1550 2210 1693 2247 autem
1722 2211 1765 2247 et

387 2293 407 2315 »
434 2273 617 2333 spatiosa
639 2281 703 2315 est
724 2273 810 2325 via,
837 2287 934 2330 quae
956 2271 1076 2315 ducit
1091 2269 1145 2314 ad
1168 2271 1392 2314 interitum
1413 2290 1421 2316 :
1449 2281 1491 2316 et
1514 2272 1641 2316 multi
1661 2283 1763 2318 sunt

394 2363 413 2385 »
439 2344 514 2403 qui
529 2342 757 2386 ambulant
779 2356 854 2400 per
871 2341 1033 2384 illam⁶.
1057 2359 1076 2381 »
1102 2341 1216 2393 Quid
1239 2340 1476 2399 gaudemus
1490 2343 1546 2386 ad
1564 2343 1764 2388 multitu-

389 2415 536 2458 dines?
559 2411 717 2457 Audite
742 2427 810 2455 me
827 2411 968 2470 pauci.
997 2411 1093 2456 Scio
1115 2411 1217 2471 quia
1235 2412 1361 2456 multi
1378 2412 1550 2469 auditis,
1578 2423 1620 2459 et
1636 2416 1764 2474 pauci

439 2532 443 2541 ·
474 2520 560 2551 Alias
581 2519 620 2551 32
638 2519 678 2551 de
696 2518 802 2550 verbis
825 2518 959 2550 Domini.
983 2534 1024 2539 —
1043 2523 1056 2540 ³
1073 2519 1148 2550 Luc.
1169 2529 1237 2558 ¹111,
1252 2528 1305 2551 21.
1326 2536 1366 2542 —-
1387 2518 1401 2542 3
1418 2520 1499 2552 Psal.
1521 2531 1650 2562 cxxxiv,
1670 2522 1702 2554 5.
1723 2537 1764 2545 -

391 2575 404 2604 ι’·
428 2577 503 2607 Luc.
523 2586 590 2614 xm,
613 2574 664 2604 23.
683 2590 721 2596 -—-
739 2571 846 2604 ⁵1bid.
870 2572 921 2613 24.
943 2589 984 2595 —
1002 2570 1017 2595 6
1032 2574 1144 2605 matth.
1165 2585 1222 2613 vn,
1244 2574 1295 2615 13,
1315 2574 1365 2615 14.
