1898 3178
14 180 17 194 ἡ
0 0 16 162 „qm——x

14 202 19 280 ’ἱ
255 209 393 239 semro
425 212 493 249 LI,
527 210 581 237 DE
612 206 845 237 coNconmA
877 203 1042 237 ΜΑΤΤΗ.
1078 209 1130 235 ET
1161 208 1253 235 Luc.
1358 196 1440 235 133

73 279 192 324 ribus
213 279 296 324 hoc
319 278 485 337 scripsit
502 311 513 332 ,
547 275 667 337 quod
694 275 766 321 illa
794 278 883 335 jam
906 276 1086 321 dixerat.
1110 274 1277 320 Dicitur
1293 283 1335 319 et
1355 278 1450 321 Ma-

71 351 168 405 riae,
198 369 218 392 «
243 351 356 394 Ecce
381 347 596 407 concipies
618 345 755 390 filium
774 382 785 402 ,
811 357 854 391 et
882 347 1057 392 vocabis
1079 361 1240 391 nomen
1262 346 1351 405 ejus
1376 348 1451 390 Je-

74 438 94 461 »
130 421 265 464 sum1.
289 436 309 459 »
332 417 497 462 Dicitur
518 417 647 461 etiam
665 416 721 460 ad
741 417 902 476 Joseph
927 436 936 461 ι
967 436 986 459 «
1014 417 1175 477 Joseph
1196 416 1258 459 fili
1279 415 1417 460 David
1435 452 1446 471 ,

72 507 94 531 »
129 506 183 534 ne
221 488 424 532 metueris
460 487 652 547 accipere
670 488 852 532 Mariam
886 489 1117 547 conjugem
1147 496 1284 533 tuam.
1321 488 1452 540 Quod

73 577 94 601 »
129 559 244 603 enim
266 558 313 601 in
329 573 378 602 ea
399 566 552 602 natum
572 566 662 612 est,
686 556 741 602 de
765 557 929 617 Spiritu
946 566 1095 602 sancto
1112 567 1189 603 est.
1213 557 1357 602 Pariet
1378 573 1452 603 au—

72 647 93 671 »
127 637 214 673 tem
231 628 393 683 filium,
418 637 461 673 et
482 628 657 673 vocabis
678 642 840 672 nomen
863 627 954 687 ejus
976 630 1123 672 Jesum
1150 647 1159 672 :
1183 628 1254 672 hic
1271 627 1454 673 salvabit

71 717 92 741 η
127 699 341 759 populum
358 714 487 743 suum
504 715 528 743 a
545 699 730 758 peccatis
747 700 940 743 eorum2.
965 716 986 740 »
1008 698 1175 743 Dicitur
1191 699 1336 755 etiam,
1358 717 1379 742 «
1397 701 1455 744 Et

71 788 92 813 »
127 771 294 830 peperit
319 771 356 814 ei
378 770 518 814 filium
532 772 546 796 3
570 790 578 815 :
613 789 634 812 »
661 771 738 815 ubi
760 771 939 816 omnino
960 779 1084 830 pater
1104 786 1193 815 non
1214 785 1358 826 carne,
1379 770 1455 815 sed

69 842 277 886 charitate
294 841 506 885 firmatur.
536 842 604 886 Sic
633 856 736 900 ergo
771 850 894 901 pater
929 841 1056 886 sicuti
1087 850 1166 885 est.
1199 841 1454 887 (lautissime

68 913 184 956 enim
205 911 494 970 Evangelistae
515 920 558 956 et
582 911 914 972 prudentissime
943 927 1021 972 per
1050 911 1177 956 illum
1197 921 1446 967 numerant,

7 1003 9 1007 ⁴
69 983 155 1027 sive
175 983 409 1027 Matthaeus
443 982 709 1027 descendens
732 983 787 1026 ab
809 982 1032 1027 Abraham
1065 997 1204 1043 usque
1232 982 1286 1026 ad
1309 983 1457 1027 Chris-

68 1061 161 1097 tum
178 1088 188 1107 ,
214 1053 302 1097 sive
325 1056 464 1097 Lucas
484 1053 719 1098 ascendens
742 1070 766 1098 a
785 1054 958 1099 Christo
980 1068 1058 1113 per
1074 1054 1295 1098 Abraham
1317 1068 1457 1113 usque

9 1135 34 1229 ἱ
68 1123 122 1167 ad
144 1126 297 1167 Deum.
326 1123 407 1167 Ille
429 1123 694 1169 descendens
716 1133 934 1179 numerat,
959 1124 1032 1167 ille
1055 1124 1307 1179 ascendens,
1326 1124 1457 1168 ambo

67 1209 144 1253 per
166 1195 343 1252 Joseph.
372 1196 544 1247 Quare?
566 1195 678 1247 Quia
698 1204 836 1254 pater.
865 1197 1009 1248 Quare
1030 1197 1183 1255 pater?
1204 1195 1315 1248 Quia
1332 1203 1456 1239 tanto

0 1290 3 1318 ῃ
31 1233 35 1311 i
68 1265 216 1307 firmus
234 1273 380 1323 pater,
414 1273 580 1324 quanto
603 1265 761 1308 castius
790 1273 927 1323 pater.
959 1264 1097 1309 Aliter
1117 1264 1295 1325 quidem
1322 1274 1455 1324 puta-

33 1313 37 1391 Ξ
68 1336 196 1379 batur
219 1350 308 1379 esse
330 1344 452 1393 pater
473 1335 647 1379 Domini
671 1335 806 1379 nostri
829 1337 933 1379 Jesu
953 1336 1134 1391 Christi,
1159 1336 1322 1380 scilicet
1344 1336 1455 1381 sicut

0 1446 5 1452 .
34 1418 39 1465 ι
68 1405 211 1450 caeteri
229 1413 370 1464 patres
392 1420 521 1449 carne
540 1414 822 1465 generantes,
847 1421 939 1451 non
965 1406 1056 1451 solo
1082 1407 1263 1466 spiritali
1293 1407 1455 1452 affectu

0 1507 6 1533 ξ
35 1466 39 1520 Ι
68 1474 227 1520 liberos
249 1475 543 1534 suscipientes.
562 1477 670 1521 Nam
694 1476 802 1519 dixit
823 1484 866 1520 et
884 1478 1048 1521 Lucas:
1069 1495 1089 1518 «
1109 1477 1194 1530 Qui
1216 1476 1455 1535 putabatur

0 1578 8 1595 ,μ
36 1529 40 1599 l
71 1564 91 1588 »
127 1562 216 1591 esse
246 1555 368 1605 pater
404 1546 552 1590 Jesu4.
584 1563 604 1587 »
630 1548 772 1599 Quare
809 1546 1079 1605 putabatur?
1116 1546 1226 1600 Quia
1264 1547 1456 1591 humana

38 1615 41 1671 Ι
68 1617 236 1677 putatio
268 1625 311 1660 et
332 1617 585 1660 existimatio
606 1615 711 1659 illuc
735 1615 958 1659 ferebatur
973 1650 989 1670 ,
1013 1613 1135 1674 quod
1161 1614 1270 1659 solet
1292 1616 1348 1660 ab
1370 1618 1454 1662 ho-

0 1721 11 1747 ÷
69 1687 259 1731 minibus
275 1688 382 1730 fieri.
399 1689 496 1731 Non
513 1699 614 1743 ergo
632 1684 687 1728 de
704 1685 866 1729 semine
884 1687 908 1729 J
911 1684 1046 1744 oseph
1063 1685 1290 1741 Dominus,
1305 1702 1455 1746 quam-

5 1791 8 1817 5
68 1759 131 1803 vis
161 1758 245 1802 hoc
278 1765 506 1816 putaretur
534 1776 543 1800 2
568 1764 611 1799 et
632 1764 779 1799 tamen
805 1756 956 1815 pietati
989 1765 1033 1800 et
1065 1756 1265 1801 charitati
1292 1760 1454 1818 Joseph

69 1837 196 1872 natus
213 1837 276 1871 est
297 1828 352 1871 de
367 1827 502 1871 Maria
525 1826 700 1883 Virgine
717 1825 854 1880 filius,
878 1825 1084 1885 idemque
1103 1826 1238 1871 Filius
1259 1829 1353 1872 Dei.

0 1885 13 1890 „
127 1901 292 1943 XXXI.
323 1898 406 1943 Sed
429 1912 563 1958 quare
578 1896 651 1940 ille
673 1895 940 1941 descendens
961 1906 1181 1952 numerat,
1207 1913 1342 1957 quare
1373 1900 1453 1945 iste

2 1957 10 1960 υ
72 1969 334 2014 ascendens?
356 1967 486 2022 Quod
507 1983 653 2028 quaeso
683 1967 872 2022 intente,
897 1976 1113 2027 quantum
1134 1969 1345 2013 Dominus
1378 1971 1457 2014 ad-

66 2041 249 2100 juverit,
275 2039 457 2084 audiatis
472 2074 483 2095 ,
505 2040 594 2099 jam
616 2053 768 2083 securo
795 2038 941 2082 animo
957 2072 969 2093 ,
995 2047 1039 2082 et
1061 2038 1116 2081 ab
1152 2039 1271 2082 omni
1292 2039 1453 2085 moles-

0 2101 4 2103 *
71 2111 129 2155 tia
152 2110 469 2154 calumniarum
492 2109 754 2155 nodosarum
783 2108 938 2154 libero.
969 2110 1203 2154 Matthaeus
1230 2110 1453 2157 descendit

71 2196 148 2240 per
177 2180 494 2237 generationes,
526 2189 576 2225 ut
604 2180 817 2239 significet
849 2179 1183 2225 descendentem
1217 2182 1453 2226 Dominum

73 2259 269 2296 nostrum
294 2252 318 2293 J
322 2265 441 2294 esum
461 2251 682 2295 Christum
701 2250 757 2294 ad
778 2251 992 2309 portanda
1013 2259 1159 2296 nostra
1176 2261 1351 2310 peccata
1367 2287 1377 2307 ,
1404 2263 1454 2298 ut

0 2313 13 2390 'K
74 2322 119 2366 in
135 2321 296 2367 semine
318 2321 539 2365 Abraham
566 2320 929 2366 benedicerentur
949 2337 1098 2366 omnes
1120 2331 1283 2381 gentes.
1316 2326 1453 2383 Prop-

3 2415 18 2448 ρ
73 2401 188 2437 terea
208 2407 298 2436 non
322 2391 474 2450 incipit
489 2391 543 2435 ab
566 2392 705 2435 Adam
727 2410 736 2436 z
758 2400 900 2437 totum
921 2393 1036 2436 enim
1054 2406 1186 2450 genus
1208 2393 1451 2438 humanum

77 2462 130 2506 ab
152 2461 243 2506 illo.
268 2463 418 2521 Neque
439 2475 462 2504 a
485 2462 576 2505 Noe
607 2479 615 2504 ε
640 2461 742 2520 quia
764 2470 808 2506 et
835 2462 889 2506 ab
916 2461 1006 2521 ipsa
1029 2460 1189 2506 familia
1210 2472 1307 2521 post
1333 2462 1450 2508 dilu-

4 2525 19 2532 ..
123 2553 132 2569 ¹
152 2548 229 2578 Luc.
254 2557 278 2587 1,
294 2546 347 2577 31.
368 2562 410 2568 —
427 2552 438 2568 ²
457 2544 571 2578 Matth.
589 2555 612 2584 1,
627 2553 680 2586 20,
700 2553 754 2577 21.
775 2561 815 2569 -
837 2544 850 2568 3
869 2547 946 2578 Luc.
966 2556 1000 2587 n,
1016 2555 1046 2586 7.
1068 2562 1109 2569 —
1127 2545 1274 2588 41d.111‚
1299 2547 1353 2580 23.
