1898 3178
413 232 553 259 SERMO
585 230 664 266 Lx,
699 231 751 257 DE
786 230 930 259 vEmnS
962 228 1125 259 ΜΛΤΤΗ.
1163 233 1221 258 vi.
1428 222 1506 259 221

134 305 265 351 terra,
296 296 397 356 quia
428 311 503 340 cor
533 296 579 339 in
601 304 727 339 terra.
770 296 852 340 Ubi
870 305 932 341 est
954 311 1054 355 ergo
1079 295 1201 357 quod
1220 295 1432 340 habemus
1455 296 1510 340 ad

128 368 295 412 Deum?
319 365 469 410 Dolete
497 365 576 426 qui
597 364 863 410 intellexistis
891 386 900 411 ι
925 367 1212 425 corrigimini,
1241 366 1276 411 si
1298 365 1508 411 doluistis.

128 436 333 491 Quandiu
353 436 547 491 laudare,
572 446 615 481 et
632 452 721 482 non
740 436 910 481 facere?
932 440 1096 482 Verum
1113 447 1198 493 est,
1219 437 1328 482 nihil
1347 438 1510 482 verius.

129 508 226 552 Fiat
242 522 344 566 ergo
361 507 482 568 quod
502 522 655 552 verum
677 517 754 552 est.
777 509 919 552 Unum
942 511 1080 554 Deum
1097 507 1341 564 laudamus,
1358 517 1402 553 et
1424 524 1514 553 non

128 586 349 622 mutamur
363 613 374 634 ‚
394 587 444 622 ut
465 593 554 623 non
576 577 705 622 etiam
728 577 774 622 in
795 578 879 622 hoc
901 593 1010 623 vane
1033 579 1366 624 conturbemur.

188 650 287 693 VII.
314 651 446 708 Ergo,
467 647 643 695 «Nolite
663 648 786 694 vobis
807 647 994 693 condere
1011 650 1265 694 thesaurum
1285 650 1332 694 in
1351 658 1512 705 terra,»

129 719 217 763 sive
239 719 402 778 experti
414 718 637 779 quomodo
654 727 802 779 pereat
821 718 942 779 quod
954 720 999 763 in
1014 728 1128 764 terra
1141 720 1409 776 reconditur,
1428 721 1516 764 sive

134 804 224 834 non
246 790 437 849 experti,
461 789 537 834 sed
567 799 610 834 et
631 805 706 835 vos
723 789 875 835 saltem
903 799 1145 835 metuentes
1162 791 1359 851 experiri.
1380 795 1517 844 Quem

134 874 225 904 non
243 860 468 918 corrigunt
489 861 620 905 verba
637 895 648 916 ,
677 860 894 919 corrigant
921 862 1231 921 experimenta.
1256 864 1355 908 Non
1376 862 1518 921 surgi-

138 938 209 974 tur
226 965 237 986 ,
276 946 365 975 non
387 930 639 990 proceditur
656 966 666 986 ,
691 931 772 975 nisi
796 940 846 976 ut
867 947 955 976 una
976 947 1083 977 voce
1111 931 1281 977 dicatur
1302 932 1357 976 ab
1375 932 1519 977 omni-

135 1000 216 1044 bus
244 1020 252 1045 ε
273 1003 350 1045 Vae
371 1001 520 1057 nobis,
546 1002 634 1046 ruit
652 1001 858 1046 mundus.
882 1003 925 1048 Si
942 1004 1030 1048 ruit
1044 1038 1055 1058 ‚
1073 1018 1208 1063 quare
1224 1018 1315 1048 non
1335 1003 1521 1062 migras?

138 1072 179 1116 Si
203 1071 283 1116 tibi
310 1072 570 1116 architectus
596 1071 759 1117 diceret
776 1073 988 1118 ruituram
1007 1073 1189 1118 domum
1209 1082 1331 1118 tuam
1347 1109 1358 1130 ‚
1374 1088 1520 1118 nonne

136 1142 254 1200 prius
271 1143 477 1202 migrares
492 1178 503 1198 ,
532 1159 662 1203 quam
684 1146 1006 1189 murmurares?
1029 1147 1225 1190 Structor
1246 1144 1401 1189 mundi
1415 1144 1520 1189 dicit

138 1211 216 1256 tibi
234 1213 453 1258 ruiturum
476 1213 693 1258 mundum
711 1249 722 1269 ,
742 1223 785 1258 et
802 1230 891 1259 non
912 1215 1082 1259 credis?
1105 1215 1219 1260 Audi
1237 1231 1389 1260 vocem
1404 1231 1522 1275 prae--

137 1281 341 1337 dicentis,
367 1283 469 1326 audi
498 1283 727 1327 consilium
759 1286 1091 1329 commonentis.
1124 1288 1217 1330 Vox
1248 1285 1520 1345 praedicentis

136 1362 199 1398 est
220 1372 228 1398 :
260 1372 279 1396 «
304 1356 362 1398 Et
378 1352 543 1398 coelum
564 1363 607 1398 et
629 1363 742 1398 terra
764 1355 1011 1399 transibunt
1027 1357 1056 1398 ¹.
1082 1373 1101 1396 »
1124 1358 1218 1400 Vox
1239 1371 1522 1401 commonen-

136 1424 188 1468 tis
211 1433 275 1468 est
300 1443 308 1469 :
326 1423 500 1469 «Nolite
515 1424 637 1469 vobis
650 1424 837 1486 condere
860 1426 1113 1470 thesaurum
1134 1427 1178 1470 in
1196 1435 1309 1471 terra
1327 1431 1389 1471 2.»
1408 1430 1521 1486 Ergo

136 1494 170 1539 si
198 1493 369 1539 creditis
393 1497 484 1539 Deo
514 1486 797 1554 praedicenti,
835 1496 869 1539 si
894 1511 984 1540 non
1012 1498 1289 1542 contemnitis
1324 1513 1521 1543 commo-

137 1574 334 1620 nentem,
367 1566 442 1609 fiat
469 1566 590 1625 quod
609 1565 728 1609 dicit.
756 1568 853 1610 Non
876 1567 993 1611 enim
1015 1567 1088 1610 ille
1111 1576 1154 1611 te
1175 1568 1315 1624 fallit,
1339 1570 1416 1629 qui
1438 1569 1522 1614 tale

136 1635 365 1681 consilium
401 1635 537 1680 dedit.
561 1638 658 1681 Non
696 1637 848 1695 perdes
881 1637 1001 1697 quod
1034 1637 1212 1693 dedisti,
1237 1639 1313 1682 sed
1333 1640 1523 1700 sequeris

137 1706 258 1767 quod
277 1706 440 1750 misisti.
467 1703 707 1751 Consilium
726 1722 829 1765 ergo
851 1707 909 1751 do
930 1725 974 1751 z«
988 1711 1049 1752 Da
1071 1709 1356 1768 pauperibus,
1383 1720 1426 1755 et
1442 1711 1522 1755 ha-

141 1797 161 1821 »
197 1778 322 1823 bebis
344 1779 596 1822 thesaurum
618 1778 664 1821 in
692 1777 848 1822 coeloss.
873 1797 893 1819 »
921 1781 1017 1824 Non
1045 1779 1135 1823 sine
1157 1781 1360 1826 thesauro
1381 1798 1522 1827 rema-

140 1849 283 1895 nebis:
300 1848 376 1893 sed
398 1848 518 1909 quod
541 1848 675 1892 habes
699 1850 742 1892 in
765 1857 879 1893 terra
900 1849 1126 1905 sollicitus,
1144 1852 1326 1896 habebis
1347 1853 1393 1897 in
1409 1853 1523 1898 coelo

139 1935 328 1964 securus.
358 1919 497 1977 Migra
534 1933 650 1977 ergo.
683 1918 923 1963 Consilium
956 1921 1013 1964 do
1042 1921 1268 1977 servandi,
1302 1938 1392 1967 non
1424 1939 1524 1983 per-

140 1989 288 2035 dendi.
324 2008 344 2032 «
371 1989 582 2045 Habebis,
618 1989 784 2049 inquit,
810 1990 1061 2034 thesaurum
1084 1991 1129 2034 in
1151 1991 1265 2037 coelo
1290 2011 1300 2037 ε
1325 2002 1369 2038 et
1394 1995 1520 2050 veni,

142 2079 162 2103 »
198 2076 377 2121 sequere
399 2075 499 2118 me,
522 2069 572 2104 ut
595 2059 754 2104 ducam
776 2069 819 2104 te
852 2060 907 2104 ad
934 2061 1186 2105 thesaurum
1208 2070 1350 2107 tuum.
1379 2081 1400 2105 »
1425 2067 1523 2111 Non

140 2142 204 2177 est
226 2133 310 2177 hoc
332 2130 635 2191 dispendium,
667 2130 741 2176 sed
768 2133 1092 2192 compendium.
1119 2136 1209 2179 Cur
1229 2134 1355 2178 silent
1376 2135 1523 2180 homi-

143 2205 247 2248 nes‘?
281 2202 502 2257 Audiam,
532 2202 602 2247 vel
635 2203 798 2262 experti
835 2203 954 2263 quod
986 2205 1196 2260 timeant,
1223 2205 1385 2251 faciant·
1405 2206 1523 2251 unde

139 2270 230 2320 non
267 2275 476 2329 timeant,
508 2274 695 2332 migrent
726 2274 771 2317 in
804 2274 980 2318 coelum.
1008 2278 1295 2320 Frumentum
1331 2277 1455 2337 ponis
1477 2278 1522 2322 in

142 2354 253 2390 terra
273 2365 283 2401 3
300 2345 421 2389 venit
442 2345 605 2388 amicus
627 2354 744 2400 tuus,
765 2345 841 2404 qui
863 2346 983 2390 novit
1006 2343 1214 2390 frumenti
1230 2357 1273 2392 et
1294 2357 1419 2393 terrae
1440 2365 1521 2394 na-

143 2425 283 2459 turam
302 2449 312 2469 ,
339 2414 468 2459 docet
502 2423 621 2458 tuam
643 2414 924 2473 imperitiam,
951 2415 1056 2459 dicit
1078 2416 1183 2467 tibi,
1215 2417 1330 2470 Quid
1357 2417 1523 2463 fecisti?

142 2489 430 2530 Frumentum
451 2484 497 2528 in
536 2493 645 2528 terra
678 2486 724 2528 in
758 2484 1036 2531 inferioribus
1068 2487 1246 2545 posuisti
1277 2508 1285 2533 :
1317 2489 1522 2535 humidus

192 2577 200 2592 ¹
229 2569 454 2609 Matth.xx1v,
477 2568 528 2602 55,
549 2586 589 2591 —-
607 2575 618 2591 ²
642 2569 690 2601 ld.
708 2579 818 2612 v1‚19.
843 2587 884 2593 -—-
905 2569 916 2593 3
940 2572 986 2601 ld.
1009 2581 1071 2611 xix,
1091 2579 1145 2603 21.
