1898 3178
390 241 443 278 27
829 250 862 279 5.
899 252 1127 280 Aucus'nm
1159 253 1339 281 EPISCOPI

385 319 625 363 Abundant
647 318 775 373 mala,
801 326 844 362 et
867 320 980 362 Deus
997 318 1135 363 voluit
1157 328 1206 363 ut
1227 317 1503 363 abundarent
1522 319 1649 364 mala.
1676 321 1771 365 Uti-

383 404 483 433 nam
501 405 591 434 11011
613 387 886 433 abundarent
904 388 1021 444 mali,
1039 400 1081 435 et
1099 405 1188 434 non
1209 388 1486 434 abundarent
1507 389 1635 434 mala.
1655 390 1770 435 Mala

386 468 577 520 tempora
593 494 604 514 ‚
635 459 852 504 laboriosa
873 468 1070 520 tempora
1087 495 1098 516 ‚
1122 461 1206 505 hoc
1239 460 1391 505 dicunt
1414 461 1626 505 homines.
1652 463 1770 505 Bene

381 533 576 575 vivamus
598 565 609 585 ‚
647 539 691 575 et
711 530 828 575 bona
864 541 967 575 sunt
999 541 1211 591 tempora.
1239 534 1325 577 Nos
1358 547 1507 576 sumus
1540 541 1766 591 tempora:

381 601 528 662 quales
551 616 717 658 sumus,
739 601 840 646 talia
863 613 964 648 sunt
979 610 1189 661 tempora.
1212 601 1294 646 Sed
1317 601 1425 662 quid
1442 600 1623 645 facimus
1638 603 1656 643 ‘3
1671 605 1769 648 Non

379 687 608 731 possumus
631 672 686 716 ad
714 673 876 717 bonam
898 673 1030 717 vitam
1054 681 1307 717 convertere
1334 671 1665 716 multitudinem
1687 672 1771 717 ho-

378 743 577 787 minum?
604 743 735 787 Pauci
758 743 836 803 qui
865 742 1049 787 audiunt
1071 743 1184 787 bene
1213 743 1362 787 vivant
1386 761 1394 787 :
1419 742 1547 801 pauci
1569 742 1682 786 bene
1703 743 1772 788 vi-

376 824 526 859 ventes
553 813 715 859 multos
736 813 850 860 male
876 815 1070 859 viventes
1094 812 1250 858 ferant.
1283 815 1426 858 Grana
1448 822 1551 858 sunt
1567 848 1578 868 ,
1596 814 1644 857 in
1670 829 1768 858 area

377 895 499 930 sunt:
520 885 665 945 paleas
683 900 830 930 secum
852 885 896 928 in
920 900 1016 929 area
1037 884 1200 929 hahere
1221 893 1420 944 possunt,
1446 884 1492 928 in
1507 885 1665 929 horreo
1678 899 1769 929 non

378 956 621 1000 habebunt.
650 959 812 1000 Ferant
838 956 959 1016 quod
991 956 1148 1000 nolunt
1165 991 1175 1011 ‚
1198 964 1249 1000 ut
1269 955 1445 1001 veniant
1467 954 1522 1000 ad
1544 955 1666 1015 quod
1687 971 1766 1000 vo-

378 1026 489 1072 lunt.
515 1030 658 1080 Quare
675 1027 982 1072 contristamur
1011 1036 1054 1070 et
1080 1041 1309 1071 causamur
1331 1028 1504 1071 Deum?
1525 1025 1769 1070 Abundant

375 1097 488 1141 mala
521 1098 565 1140 in
600 1099 768 1141 mundo
785 1132 795 1151 ,
837 1106 886 1140 ut
920 1112 1009 1141 non
1031 1106 1200 1141 ametur
1233 1095 1440 1140 mundus.
1477 1095 1625 1154 Magni
1656 1095 1763 1149 viri,

376 1166 524 1210 fideles
547 1167 710 1221 sancti,
737 1167 812 1226 qui
844 1176 1202 1226 contempserunt
1234 1166 1452 1210 mundum
1481 1165 1722 1224 speciosum
1752 1183 1762 1210 t

376 1253 452 1282 1105
467 1253 556 1283 non
574 1254 802 1297 possumus
817 1247 1097 1282 contemnere
1112 1253 1193 1282 nec
1208 1237 1394 1281 foedum.
1407 1236 1547 1281 Malus
1561 1244 1624 1280 est
1640 1251 1767 1280 mun-

374 1307 472 1364 dus,
489 1324 587 1353 ecce
610 1308 748 1352 malus
763 1317 842 1364 est,
868 1318 911 1352 et
929 1309 987 1352 sic
1007 1318 1192 1363 amatur,
1211 1308 1333 1368 quasi
1354 1308 1495 1351 bonus
1513 1305 1766 1359 esset.Quid

373 1389 436 1424 est
454 1389 601 1424 autem
625 1379 764 1424 malus
781 1379 1000 1423 mundus?
1018 1382 1115 1424 Non
1133 1381 1246 1423 enim
1270 1379 1433 1421 malum
1452 1387 1514 1421 est
1535 1377 1698 1421 eoelum
1721 1385 1765 1420 et

377 1460 486 1494 terra
505 1486 514 1505 ‚
541 1460 584 1494 et
607 1466 732 1509 aquae
749 1485 759 1505 ,
792 1459 834 1493 et
862 1465 911 1493 ea
933 1465 1032 1508 quae
1053 1458 1155 1492 sunt
1186 1449 1231 1491 in
1253 1448 1310 1491 eis
1327 1483 1337 1502 ‚
1359 1448 1517 1506 pisces,
1540 1445 1732 1491 volatilia
1747 1482 1762 1502 ,

374 1522 565 1564 arbores.
591 1521 746 1564 Omnia
764 1521 843 1564 ista
865 1520 981 1564 bona
1004 1519 1221 1563 suntzsed
1243 1518 1407 1562 malum
1430 1517 1645 1562 mundum
1663 1517 1765 1562 mali

374 1592 570 1634 homines
588 1589 770 1633 faciunt.
793 1590 878 1634 Sed
895 1590 1103 1649 quoniam
1121 1604 1266 1633 carere
1288 1605 1377 1633 non
1395 1603 1624 1648 possumus
1642 1588 1765 1632 malis

374 1660 649 1714 hominibus,
681 1659 877 1719 quandiu
910 1660 1096 1703 vivimus
1117 1695 1128 1715 ,
1162 1660 1273 1703 sicut
1306 1659 1424 1714 dixi,
1450 1658 1506 1702 ad
1529 1659 1763 1703 Dominum

379 1734 515 1774 Deum
545 1741 744 1775 nostrum
768 1746 1019 1789 gemamus3
1049 1740 1092 1775 et
1114 1730 1225 1775 mala
1256 1730 1445 1775 feramus
1460 1765 1471 1785 ‚
1492 1739 1542 1774 ut
1563 1730 1619 1774 ad
1647 1730 1762 1774 bona

377 1802 692 1860 perveniamus.
712 1801 1070 1846 Patremfamilias
1091 1817 1180 1846 non
1203 1801 1593 1856 reprehendamus3
1608 1800 1764 1842 charus

374 1876 436 1910 cst
455 1870 584 1910 enim.
614 1874 710 1925 lpse
734 1882 811 1909 nos
833 1876 999 1925 portat,
1025 1883 1115 1911 11011
1135 1882 1212 1911 nos
1234 1867 1374 1911 illum.
1402 1868 1530 1912 Novit
1550 1867 1764 1927 quemad-

374 1937 552 1980 modum
589 1937 804 1995 gubernet
840 1938 961 1996 quod
994 1936 1097 1982 fecit
1124 1956 1133 1982 :
1159 1938 1227 1982 fac
1248 1937 1367 1997 quod
1401 1938 1544 1996 jussit,
1574 1947 1616 1982 et
1637 1953 1760 1998 spera

374 2007 494 2067 quod
515 2008 724 2067 promisit.

1864 1318 1868 1326 ⁴·
1861 1262 1873 1279 *-

1886 1322 1898 1420 ιᾹἋ--ῑΞ
1888 1255 1893 1274 —2

1886 1464 1898 1491 E

1888 1619 1891 1627 “
1886 1521 1898 1562 5²⁷⁴

1883 2162 1898 2202 ἶς’
1884 2104 1896 2132 tssr
1884 2033 1896 2061 Ξ
1884 1962 1898 1989 gae‘:
1884 1892 1897 1919 ις
1884 1824 1889 1839 -Α
1884 1750 1898 1778 ξς
1886 1684 1889 1700 -Α

1855 2589 1862 2592 ι
1860 2343 1862 2358 ἡ

1890 2454 1893 2461 -
1886 2388 1898 2407 5.
1884 2315 1898 2343 ,Ξ
1885 2231 1898 2272 ’τ-
