1898 3178
435 285 491 322 70
856 289 891 319 S·
925 286 1157 321 AUGUsnm
1187 291 1371 321 zmscol’l

438 381 458 404 (ι
475 361 522 405 in
549 360 664 404 rivis.
694 377 714 400 »
740 361 793 402 In
811 357 901 416 ipsa
920 357 1038 402 intus
1056 372 1201 403 eremo
1221 367 1324 403 sunt
1351 359 1432 404 rivi
1453 358 1631 420 quidam
1649 375 1817 406 memo·
1883 391 1885 398 ,

435 433 510 477 riae
527 438 764 483 mananteS‚
775 427 963 489 liquores
977 428 1145 474 divinos
1156 429 1436 474 scaturientes
1450 445 1501 474 ex
1509 439 1654 475 mente
1670 432 1817 491 Scrip-
1868 431 1883 468 ’Ἃ

436 513 580 548 turam
607 499 795 545 tenentis
818 508 863 544 et
878 498 1121 544 recolentis·
1146 499 1321 544 Etenim
1350 499 1472 560 quod
1505 501 1674 559 legisti,
1698 502 1820 562 quod
1880 523 1882 550 ι

437 572 616 626 audisti,
636 571 671 615 si
691 585 851 631 purum
872 579 916 615 et
936 569 1152 630 liquidum
1168 579 1212 614 et
1229 579 1428 615 sanctum
1448 572 1672 617 memoriae
1692 587 1819 617 man-
1880 602 1881 606 =

435 642 630 700 daveri33
660 656 761 686 cum
786 641 971 701 coeperis
991 642 1038 685 in
1064 640 1138 685 illa
1169 641 1372 686 interiore
1405 656 1576 697 eremo,
1594 641 1640 686 id
1662 651 1756 699 est,
1771 644 1820 688 in
1879 670 1881 676 π

432 716 552 760 bona
581 712 845 758 conscientia
871 712 1141 773 requiescere
1157 746 1170 768 ‚
1198 711 1419 772 eliquatur
1452 711 1508 757 de
1541 713 1821 759 interioribus
1878 743 1880 747 ν

433 785 591 831 mentis
608 793 719 840 tuae,
738 793 782 829 et
800 792 949 829 manat
961 782 1154 845 quodam
1175 782 1309 828 modo
1330 783 1572 829 recordatio
1587 784 1711 828 verbi
1723 785 1818 840 Dei,
1862 807 1864 822 1

437 866 482 902 et
501 871 604 901 cum
622 855 787 900 caeteris
800 855 1029 915 requiescis
1046 854 1091 898 in
1110 868 1187 914 spe
1200 888 1212 909 ‚
1231 863 1274 898 et
1288 853 1393 898 dicis
1405 873 1414 899 ε
1426 856 1590 898 Verum
1612 863 1692 906 est,
1707 855 1821 899 bene
1876 874 1878 877 ·

436 927 545 972 mihi
561 935 624 971 est
639 960 651 981 ‚
674 926 766 986 ipsa
787 934 851 970 est
870 940 965 985 spes
985 939 1081 969 mea
1096 959 1108 980 ‚
1126 925 1212 969 hoc
1225 924 1331 968 mihi
1352 925 1551 984 promisit
1579 927 1712 980 Deus,
1732 939 1822 970 non

435 998 673 1052 mentitur,
697 1011 875 1041 securus
906 1010 1018 1041 sum.
1043 998 1101 1039 Et
1121 995 1203 1039 ista
1234 995 1440 1040 securitas
1470 1010 1648 1040 somnus
1683 1003 1748 1040 est
1776 995 1823 1040 in
1874 1016 1875 1019 ¹

437 1070 540 1114 rivis
566 1087 576 1114 ς
601 1086 623 1110 «
646 1070 705 1112 Et
724 1082 929 1112 somnum
949 1066 1180 1111 habebunt
1200 1067 1245 1109 in
1265 1067 1380 1111 rivis.
1410 1084 1432 1107 »

495 1140 661 1183 XXIV.
685 1155 707 1179 «
726 1139 784 1180 Et
804 1136 921 1180 dabo
943 1137 1002 1180 eis
1034 1137 1079 1180 in
1111 1137 1346 1180 circumitu
1364 1136 1486 1181 collis
1507 1137 1594 1180 mei
1615 1136 1824 1182 benedic·

439 1228 462 1251 »
495 1208 663 1253 tionem
676 1209 708 1251 ¹.
730 1224 751 1247 »
776 1209 902 1251 Mons
925 1205 1027 1250 licet
1047 1206 1100 1249 sit
1117 1241 1129 1261 ‚
1148 1206 1270 1251 collis
1301 1207 1403 1251 licet
1436 1207 1506 1261 sit,
1528 1207 1575 1250 in
1595 1207 1825 1252 circumitu

437 1281 531 1339 ejus
550 1278 663 1323 bene
684 1277 738 1321 sit
758 1276 900 1321 nobis.
924 1275 1059 1322 Collis
1076 1276 1167 1335 ipse
1187 1276 1389 1321 Christus
1411 1285 1489 1320 est.
1508 1276 1577 1320 Sic
1598 1276 1716 1320 enim
1736 1276 1827 1336 ipse
1870 1294 1871 1301 ¹

436 1351 485 1394 in
523 1347 669 1393 medio
700 1356 927 1401 nostrum,
952 1361 1032 1391 nos
1067 1361 1218 1406 sumus
1247 1347 1293 1389 in
1326 1346 1560 1390 circumitu
1590 1347 1698 1407 ejus.
1728 1348 1826 1392 Jam

439 1418 612 1465 dudum
628 1418 744 1462 enim
761 1416 952 1462 dixerat:
969 1435 991 1459 «
1010 1417 1149 1461 David
1160 1416 1361 1476 princeps
1376 1417 1421 1460 in
1435 1416 1580 1462 medio
1591 1418 1780 1462 eorum².
1802 1435 1824 1459 »

438 1495 497 1537 Et
517 1491 620 1552 quia
641 1489 866 1549 princeps,
890 1487 991 1532 ideo
1013 1488 1134 1532 collis
1161 1507 1171 1532 z
1193 1488 1324 1543 lenis,
1351 1504 1441 1533 non
1461 1488 1624 1533 arduus
1646 1498 1690 1533 et
1706 1488 1826 1533 diffi-

439 1562 532 1608 cilis
554 1559 802 1606 ascendenti
822 1557 923 1603 :sed
940 1558 975 1602 si
996 1574 1087 1603 non
1099 1558 1155 1603 de
1170 1558 1258 1603 alto
1275 1558 1406 1618 pedes
1424 1569 1573 1618 ponat.
1598 1561 1693 1603 «Et
1711 1559 1845 1604 dabo¹

443 1652 466 1676 »
501 1634 561 1678 eis
581 1633 628 1676 in
656 1631 888 1675 circumitu
914 1629 1035 1674 collis
1056 1631 1142 1674 mei
1163 1629 1513 1674 benedictionem
1541 1649 1550 1675 :
1574 1639 1618 1674 et
1634 1629 1828 1675 deferam

444 1724 466 1747 »
500 1703 687 1748 imbrem
704 1701 750 1744 in
771 1709 967 1760 tempore
989 1715 1090 1755 suo,
1111 1699 1341 1760 »pluviam
1359 1700 1480 1744 verbi
1503 1701 1597 1744 Dei.
1623 1703 1701 1744 Est
1711 1700 1829 1745 enim

444 1784 489 1819 et
509 1772 650 1817 imber
668 1770 832 1825 malus,
856 1772 933 1830 qui
956 1769 1098 1830 dejicit
1116 1769 1295 1814 domum
1320 1786 1450 1830 super
1471 1786 1647 1815 arenam
1669 1771 1842 1816 consti->

443 1854 610 1899 tutam,
647 1842 719 1887 cui
739 1856 948 1899 magnum
969 1850 1033 1885 est
1053 1851 1104 1885 ut
1125 1842 1292 1885 resistat
1312 1840 1469 1885 domus
1502 1857 1632 1900 supra
1663 1850 1830 1901 petram

444 1914 629 1961 fundata
645 1915 661 1939 3
687 1932 697 1958 :
722 1911 974 1957 tentationis
994 1912 1112 1955 enim
1129 1911 1270 1955 imber
1292 1920 1384 1963 est,
1409 1911 1579 1955 ruinam
1602 1926 1827 1972 quaerens,

442 2003 534 2033 non
549 1996 711 2030 terram
727 1984 887 2042 rigans.
905 1985 1003 2028 Non
1019 1983 1100 2026 erit
1118 1982 1215 2027 talis
1235 1982 1377 2027 imber
1397 1983 1477 2027 iste
1493 2017 1505 2037 ‚
1529 1998 1663 2043 quem
1688 1999 1734 2028 se
1759 1983 1828 2027 di-

440 2060 500 2104 cit
511 2055 682 2102 deferre
698 2053 925 2098 Dominus.
950 2051 1069 2105 Quid
1084 2052 1201 2097 enim
1223 2053 1312 2096 ait?
1333 2071 1353 2094 «
1377 2053 1544 2097 Imbres
1561 2041 1842 2098 benedictio-²

447 2150 469 2173 υ
506 2129 573 2174 nis
602 2135 747 2172 erunt.
775 2144 795 2167 »
824 2126 1083 2184 Suspectum
1104 2133 1149 2169 te
1180 2123 1342 2169 fecerat
1375 2125 1625 2169 nominatus
1648 2123 1790 2168 imber
1817 2141 1827 2169 ς

445 2201 607 2245 imbres
619 2206 750 2243 erunt
770 2195 1107 2251 benedictionis,
1127 2210 1216 2240 non
1229 2196 1494 2240 tentationis,
1524 2214 1545 2238 «
1569 2195 1734 2240 Imbres
1754 2195 1832 2241 be-

448 2289 471 2313 »
505 2268 766 2316 nedictionis
787 2276 931 2312 erunt.
955 2284 976 2308 »

503 2342 644 2384 XXV.
669 2341 727 2383 Et
742 2338 841 2383 vide
866 2352 956 2397 quo
984 2336 1156 2396 proficit
1180 2335 1254 2379 ille
1284 2335 1441 2379 imber.
1466 2354 1487 2379 «
1511 2338 1568 2380 Et
1582 2335 1703 2394 ligna
1732 2302 1838 2407 quae!

451 2430 472 2453 »
507 2412 553 2455 in
567 2425 722 2469 campo
739 2418 856 2463 sunt,
877 2407 1048 2452 dabunt
1068 2406 1262 2451 fructum
1284 2409 1453 2451 suum4.
1481 2410 1532 2450 In
1550 2422 1722 2466 campo,
1740 2425 1762 2448 ³)
1787 2407 1840 2451 int·

447 2480 625 2540 planitie
645 2479 849 2539 quadam,
867 2493 957 2523 non
973 2478 1019 2521 in
1035 2477 1179 2521 arduis
1194 2498 1205 2535 3
1223 2478 1268 2520 in
1284 2476 1491 2521 facilitate
1506 2476 1696 2536 quadam
1712 2476 1839 2538 vitae„

511 2581 519 2596 ¹
556 2575 658 2607 Ezech
699 2585 809 2611 xxxiv,
841 2574 895 2605 26.
919 2590 959 2596 -ν
981 2581 993 2595 2
1020 2573 1100 2605 Ibid.
1122 2572 1176 2612 24.
1207 2590 1244 2594 —-
1266 2572 1278 2594 3
1300 2573 1417 2603 nuth,
1442 2584 1496 2604 vu.
1525 2582 1576 2611 27.
1602 2589 1643 2594 --
1661 2572 1678 2599 4
1710 2571 1832 2604 Ezech.¹

453 2641 558 2670 xxxiv,
585 2640 638 2671 πῖ.

1825 2620 1831 2751 ἔ

1821 2946 1824 3024 ῑ

1819 3085 1822 3124 l
