1898 3178
430 219 512 257 282
824 227 858 257 s.
893 227 1125 258 Aucus-nm
1157 230 1337 259 muscom

429 308 519 338 non
535 302 659 353 potes
680 293 735 337 ab
751 293 827 337 illo
840 290 1007 352 fugere,
1022 293 1124 353 quia
1141 293 1307 355 ubique
1323 309 1508 354 praesens
1524 303 1610 353 est3
1632 294 1688 340 de
1710 310 1808 355 pro·

429 364 546 408 ximo
562 364 665 422 fuge
687 362 741 407 ad
758 365 915 418 Deum,
932 363 1008 422 qui
1025 378 1211 423 praesens
1226 373 1305 419 est,
1322 365 1398 408 ubi
1415 374 1514 409 stas.
1530 367 1669 424 Fuge.
1694 367 1808 410 Ecce

429 432 639 492 fugiendo
658 432 871 476 excessisti
893 432 1048 488 coelos,
1072 434 1135 477 ibi
1151 443 1215 478 est
1240 453 1250 479 ε
1274 434 1534 479 descendisti
1548 433 1604 479 ad
1624 433 1806 490 inferOS,
1880 475 1882 479 ,

429 503 492 546 ibi
513 512 577 547 est
599 521 607 547 :
632 517 931 562 quascumque
952 512 1165 547 terrarum
1179 503 1432 548 solitudines
1446 503 1639 563 elegeris,
1663 503 1726 548 ibi
1747 512 1812 548 est
1878 506 1881 546 Γ

431 572 507 631 qui
528 572 637 616 dixit
655 590 665 616 ;
693 590 713 613 «
734 571 908 617 Coelum
926 582 970 617 et
991 583 1149 618 terram
1173 587 1253 631 ego
1266 572 1469 633 imple01.
1492 591 1513 614 »
1533 575 1650 632 Ergo
1666 574 1702 618 si
1722 589 1812 618 coe·

430 642 522 685 lum
544 650 587 685 et
612 650 769 686 terram
791 643 882 702 ipse
903 642 1055 703 implet
1070 678 1082 699 ,
1106 653 1150 688 et
1163 659 1253 703 quo
1269 642 1422 702 fugere
1441 643 1496 687 ab
1512 643 1588 688 illo
1608 658 1699 688 non
1719 652 1810 701 est3
1876 638 1879 674 '⁷

431 711 521 756 noli
543 712 768 757 laborare:
795 712 898 771 fuge
920 712 976 758 ad
996 723 1253 773 praesentem
1269 748 1280 766 ‚
1299 728 1354 757 ne
1375 713 1532 757 sentias
1547 713 1809 758 venientem.
1874 713 1877 724 ⁴'

430 785 649 828 Praesume
666 792 709 828 te
731 784 925 829 visurum
942 785 1055 829 bene
1071 783 1284 840 vivendo,
1308 800 1331 828 a
1352 799 1441 844 quo
1462 784 1619 829 videris
1637 793 1681 828 et
1701 784 1815 828 male
1872 806 1875 816 ·

429 853 632 898 vivendo.
657 854 771 899 Male
788 855 903 898 enim
924 854 1111 899 vivendo
1133 854 1271 899 videri
1291 863 1430 914 potes,
1454 853 1600 899 videre
1622 870 1713 899 non
1731 869 1816 914 po·-

431 933 494 968 tes
512 943 521 968 :
540 925 652 968 bene
674 934 820 969 autem
837 925 1024 970 vivendo
1045 935 1088 970 et
1107 925 1281 980 videris,
1299 934 1342 969 et
1353 924 1488 970 vides.
1515 929 1685 979 Quanto
1699 924 1816 970 enim
1866 925 1872 962 f

430 1003 474 1038 te
495 992 747 1039 familiarius
768 995 934 1040 videbit
952 996 1028 1056 qui
1053 1005 1234 1040 coronat
1256 995 1461 1054 dignum,
1482 995 1559 1055 qui
1572 995 1817 1040 misericor-

431 1063 544 1107 diter
563 1064 672 1108 vidit
692 1073 742 1108 ut
763 1074 938 1109 vocaret
966 1065 1228 1124 indignum?
1249 1064 1491 1111 Nathanael
1517 1065 1578 1109 ait
1603 1064 1815 1120 Domino,

431 1147 563 1192 quem
580 1134 778 1177 nondum
796 1135 955 1178 sciebat
969 1153 979 1179 ε
998 1154 1018 1177 «
1036 1134 1160 1179 Unde
1174 1150 1244 1179 me
1258 1135 1396 1180 nosti?
1408 1152 1428 1175 »
1440 1134 1514 1178 Ait
1528 1135 1567 1178 ei
1580 1134 1790 1179 Dominus
1805 1152 1816 1179 :

437 1221 457 1244 «
480 1204 593 1247 Cum
616 1217 726 1247 esses
743 1202 825 1246 sub
845 1203 998 1246 arbore
1020 1203 1120 1257 fici,
1141 1203 1233 1246 vidi
1254 1207 1338 1246 te2.
1365 1220 1386 1244 »
1412 1202 1542 1246 Videt
1559 1212 1602 1247 te
1624 1203 1820 1248 Christus

432 1274 478 1317 in
499 1273 657 1317 umbra
678 1282 754 1317 tua
772 1292 780 1317 :
806 1288 896 1317 non
918 1282 960 1317 te
981 1272 1148 1317 videbit
1161 1273 1205 1317 in
1222 1273 1321 1317 luce
1333 1274 1435 1317 sua?
1452 1273 1566 1326 Quid
1583 1282 1647 1317 est
1668 1273 1785 1318 enim
1804 1290 1817 1318 .-

438 1347 585 1389 «Cum
603 1359 712 1388 esses
728 1344 811 1388 sub
829 1344 983 1388 arbore
1003 1345 1090 1399 fici,
1111 1343 1200 1388 vidi
1222 1352 1265 1388 te
1282 1346 1300 1387 Ξ)
1318 1362 1338 1385 ι)
1361 1343 1476 1397 Quid
1493 1344 1574 1388 sibi
1597 1345 1680 1390 hoc
1694 1344 1821 1390 vult?

433 1415 539 1474 quid
567 1415 806 1472 significat?
844 1414 1090 1460 Recordare
1121 1414 1329 1473 originale
1358 1423 1586 1474 peccatum
1617 1414 1749 1469 Adae,
1773 1415 1821 1459 in

433 1499 521 1544 quo
542 1499 692 1529 omnes
723 1485 950 1529 morimur.
985 1484 1173 1538 Quando
1193 1485 1336 1544 primo
1363 1486 1587 1544 peccavit,
1622 1485 1677 1529 de
1708 1483 1821 1530 foliis

432 1555 629 1599 ficulneis
662 1556 946 1600 succinctoria
968 1555 1050 1599 sibi
1080 1555 1227 1610 fecit3,
1261 1555 1506 1613 significans
1535 1555 1580 1599 in
1602 1554 1685 1599 illis
1707 1553 1821 1600 foliis

433 1625 650 1684 pruritum
662 1624 871 1678 libidinis,
891 1641 980 1684 quo
998 1623 1222 1683 peccando
1233 1625 1444 1684 pervenit.
1465 1625 1575 1668 Inde
1584 1625 1818 1680 nascimur,

432 1695 491 1738 sic
515 1695 748 1749 nascimur,
770 1694 815 1737 in
837 1708 966 1738 carne
983 1695 1150 1754 peccati
1171 1695 1405 1750 nascimur,
1429 1709 1562 1755 quam
1583 1694 1674 1740 sola
1699 1703 1822 1739 sanat

433 1763 670 1808 similitudo
692 1764 831 1808 carnis
852 1765 1034 1823 peccati.
1065 1783 1085 1807 «
1110 1765 1215 1810 Ideo
1243 1765 1356 1809 misit
1379 1768 1493 1810 Deus
1516 1764 1676 1810 Filium
1691 1781 1822 1810 suum

436 1852 456 1875 »
482 1835 528 1878 in
555 1834 884 1879 similitudinem
908 1835 1046 1878 carnis
1077 1835 1243 1894 peccati
1265 1836 1298 1879 ⁴.
1319 1853 1339 1876 »
1367 1836 1476 1879 Inde
1495 1835 1638 1890 venit,
1663 1833 1739 1879 sed
1761 1834 1821 1879 sic

433 1922 521 1950 non
543 1907 678 1951 venit.
704 1909 802 1952 Non
823 1906 939 1949 enim
957 1921 1059 1950 eum
1077 1907 1210 1965 Virgo
1231 1905 1437 1960 libidine,
1462 1905 1539 1950 sed
1560 1904 1647 1950 fide
1661 1920 1820 1950 conce-

432 1976 510 2035 pit.
549 1976 745 2020 venitin
769 1975 1016 2034 Virginem,
1046 1977 1122 2035 qui
1155 1985 1247 2020 erat
1278 1984 1378 2020 ante
1401 1976 1638 2034 Virginem.
1678 1977 1820 2028 Quam

432 2047 592 2091 creavit
609 2046 754 2105 elegit,
771 2063 904 2106 quam
918 2046 1096 2105 eligeret
1107 2046 1282 2090 creavit.
1299 2045 1459 2090 Attulit
1473 2045 1639 2104 Virgini
1649 2044 1821 2090 foecun-

434 2118 612 2162 ditatem
626 2152 637 2173 ,
662 2133 752 2161 non
773 2117 953 2162 abstulit
970 2118 1278 2175 integritatem.
1300 2116 1385 2170 Qui
1411 2131 1512 2174 ergo
1532 2116 1625 2160 sine
1647 2117 1819 2176 pruritu

434 2188 639 2234 foliorum
654 2189 761 2232 ficus
781 2189 901 2232 venit
918 2187 973 2232 ad
991 2197 1033 2231 te
1046 2222 1057 2242 ,
1074 2202 1173 2232 cum
1195 2202 1305 2231 esses
1326 2187 1407 2231 sub
1429 2187 1583 2231 arbore
1596 2187 1690 2242 fici,
1709 2187 1818 2232 vidit
1838 2190 1839 2212 ³

434 2269 491 2304 te.
512 2263 617 2303 Para
640 2267 682 2302 te
697 2257 845 2302 videre
862 2257 1119 2307 sublimiter,
1138 2272 1161 2300 a
1174 2272 1262 2316 quo
1279 2257 1394 2301 visus
1407 2272 1450 2300 es
1465 2256 1814 2301 misericorditer.

439 2330 521 2374 Sed
543 2331 645 2388 quia
667 2344 875 2388 magnum
897 2327 1118 2386 fastigium
1140 2336 1232 2382 est,
1269 2327 1325 2371 de
1347 2326 1635 2371 fundamento
1657 2327 1812 2384 cogita.
1834 2316 1836 2343 ;

437 2404 530 2452 Quo
547 2435 557 2454 ,
580 2400 723 2459 inquis
739 2434 750 2454 ,
776 2398 1098 2443 fundamento?
1131 2399 1253 2442 Disce
1275 2398 1330 2442 ab
1355 2397 1452 2452 illo,
1473 2397 1680 2457 quoniam
1701 2397 1816 2441 mitis

437 2478 523 2523 est,
543 2478 587 2513 et
602 2470 778 2514 humilis
798 2467 942 2514 corde.
965 2471 1059 2513 Hoc
1077 2468 1123 2513 in
1139 2477 1182 2512 te
1197 2466 1289 2513 fodi
1305 2466 1643 2512 fundamentum
1664 2466 1814 2512 humi-

484 2559 493 2575 ¹
519 2555 637 2586 Jerem.
657 2565 747 2595 xxm,
766 2553 820 2595 24.
841 2570 882 2577 —
902 2559 915 2575 ²
933 2554 1022 2586 Joan.
1042 2563 1067 2594 1,
1085 2552 1139 2594 48.
1161 2569 1202 2576 -
1223 2550 1236 2576 3
1255 2554 1334 2585 Gen.
1352 2563 1400 2592 ln,
1421 2562 1451 2593 7.
1469 2568 1509 2575 -
1535 2550 1550 2582 4
1575 2553 1668 2584 Rom.
1686 2561 1758 2593 vm,
1777 2551 1809 2584 3.
1828 2538 1834 2548 ⁶
