1898 3178
365 240 449 278 362
795 252 828 277 s.
865 250 1096 278 Aneus'ruu
1129 251 1308 279 Emscom

366 335 386 358 »
422 318 649 377 assumpsit
671 326 754 360 tres
784 316 1043 375 Discipulos,
1079 320 1278 373 Petrum,
1307 319 1520 361 Joaunem
1552 326 1595 362 et
1616 320 1748 362 Jaco-

365 406 384 428 ))
421 388 544 443 bum,
570 396 612 431 et
635 386 826 431 ascendit
848 387 893 430 in
909 397 1101 432 montem
1121 390 1149 431 ¹.
1174 406 1194 430 »
1216 388 1302 448 Ipsi
1324 397 1407 432 tres
1425 396 1547 432 erant
1568 387 1747 448 quidam

365 459 420 503 de
439 459 598 519 quibus
619 457 783 502 dixerat
805 478 813 503 ε
839 477 858 500 «
884 461 994 503 Sunt
1009 459 1079 503 hic
1101 459 1279 519 quidam
1311 460 1386 519 qui
1408 475 1496 504 non
1511 460 1748 517 gustabunt

369 549 389 571 »
426 538 624 583 mortem,
644 529 783 573 donec
798 529 975 573 videant
997 528 1155 573 Filium
1177 530 1364 574 hominis
1387 531 1431 573 in
1450 545 1581 588 regno
1605 545 1698 574 suo.
1724 548 1744 572 >›

364 603 460 645 Non
494 615 623 658 parva
657 600 840 659 quaestio
863 608 939 643 est.
962 602 1110 660 Neque
1145 601 1258 644 enim
1293 599 1366 643 ille
1390 615 1536 654 mons,
1562 615 1749 660 regnum

361 679 452 713 erat
478 670 856 729 comprehensum.
895 671 1011 724 Quid
1032 679 1092 715 est
1124 686 1247 714 mons
1276 670 1314 713 ei
1337 670 1414 730 qui
1441 669 1629 728 possidet
1656 686 1748 714 coe-

362 742 485 785 lum?
515 741 643 795 Quod
675 758 764 786 non
793 741 933 787 solum
960 742 1166 801 legimus,
1217 740 1291 785 sed
1323 742 1451 785 etiam
1481 741 1618 786 oculis
1650 757 1748 787 cor-

363 811 427 856 dis
445 812 636 872 quodam
662 813 795 858 modo
817 813 1030 858 videmus.
1071 816 1274 872 Regnum
1306 828 1434 857 suum
1466 812 1594 868 dicit,
1631 813 1751 873 quod

365 882 512 926 multis
544 883 649 927 locis
678 882 868 943 appellat
907 898 1091 942 regnum
1111 882 1339 927 coelorum.
1373 885 1583 940 Regnum
1607 891 1752 926 autem

364 954 600 1010 coelorum,
626 964 688 999 est
709 970 892 1014 regnum
925 963 1189 999 sanctorum.
1221 974 1240 996 t(
1271 953 1383 999 Coeli
1406 953 1522 997 enim
1551 963 1755 998 enarrant

368 1043 387 1065 n
423 1024 603 1082 gloriam
623 1026 701 1070 Dei
715 1029 749 1069 ².
771 1045 791 1067 n
817 1029 878 1070 De
893 1026 1056 1086 quibus
1078 1024 1200 1069 coelis
1219 1026 1383 1069 dictum
1408 1033 1469 1069 est
1487 1025 1695 1070 continuo
1709 1026 1754 1069 in

365 1096 535 1141 Psalmo
562 1116 570 1141 :
603 1116 622 1138 «
652 1099 748 1142 Non
781 1107 881 1142 sunt
902 1097 1089 1158 loquelae
1111 1112 1253 1158 neque
1291 1111 1530 1152 sermones,
1563 1113 1752 1157 quorum

373 1185 392 1207 »
427 1183 516 1211 non
546 1167 779 1211 aiidiantur
813 1184 939 1213 voces
972 1184 1140 1213 eorum.
1167 1171 1218 1211 In
1255 1183 1429 1212 omnem
1467 1176 1624 1213 terram
1652 1169 1752 1213 exiit

370 1255 390 1277 »
426 1252 557 1282 sonus
591 1253 765 1293 eorum,
788 1247 831 1282 et
855 1239 900 1282 in
922 1239 1029 1282 fines
1051 1239 1166 1283 orbis
1188 1247 1313 1282 terrae
1345 1238 1478 1282 verba
1508 1240 1699 1283 eorum3.
1731 1259 1748 1279 »

365 1309 568 1360 Quorum
583 1344 593 1363 ,
616 1309 698 1353 nisi
720 1309 934 1354 coelorum
958 1311 976 1350 ⁶?
998 1312 1114 1368 Ergo
1137 1308 1462 1368 Apostolorum,
1485 1318 1527 1352 et
1554 1308 1749 1352 omnium

360 1378 483 1421 verbi
521 1380 600 1422 Dei
637 1378 830 1422 fidelium
855 1379 1205 1438 praedicatorum.
1232 1379 1497 1436 Regnabunt
1530 1378 1751 1422 coelicum

358 1464 409 1494 eo
435 1450 509 1509 qui
531 1450 636 1494 fecit
652 1449 802 1494 coelos.
830 1453 923 1494 Hoc
944 1459 994 1494 ut
1015 1450 1317 1495 ostenderetur
1332 1485 1343 1506 ,
1367 1449 1513 1495 videte
1534 1449 1642 1509 quid
1656 1448 1749 1494 fac-

357 1529 450 1564 tum
473 1529 551 1564 est.

418 1593 475 1633 ΙΙ.
487 1609 507 1631 (ι.
525 1591 733 1634 Dominus
746 1591 837 1649 ipse
851 1593 875 1634 J
879 1605 974 1634 esus
986 1589 1253 1649 resplenduit
1264 1591 1373 1635 sicut
1385 1590 1448 1635 sol
1465 1611 1473 1636 2
1488 1591 1742 1636 vestimenta

361 1680 380 1701 »
417 1663 507 1720 ejus
516 1660 630 1705 facta
649 1671 749 1705 sunt
772 1661 955 1706 candida
973 1662 1084 1706 sicut
1099 1662 1170 1706 nix
1187 1681 1195 1706 ε
1217 1671 1259 1705 et
1271 1661 1570 1723 loquebantur
1585 1678 1682 1707 cum
1698 1678 1749 1707 eo

361 1749 379 1771 »
416 1734 588 1789 Moyses
621 1741 664 1775 et
686 1730 839 1775 Elias⁴.
871 1750 890 1772 »
914 1735 1009 1791 Ipse
1032 1734 1154 1776 Jesus
1176 1732 1351 1792 quidem
1366 1767 1375 1783 ‚
1401 1733 1491 1792 ipse
1522 1733 1743 1792 splenduit

356 1802 465 1845 sicut
486 1801 570 1857 sol,
587 1818 630 1846 se
650 1802 799 1846 lumen
822 1818 910 1846 esse
931 1802 1192 1861 significans,
1224 1822 1244 1845 «
1268 1802 1397 1854 Quod
1414 1802 1633 1846 illuminat
1648 1819 1745 1846 om-

359 1888 378 1909 »
415 1885 514 1913 nem
547 1871 770 1914 hominem
791 1872 1038 1914 venientem
1061 1872 1106 1914 in
1128 1872 1245 1915 hunc
1280 1870 1537 1914 mundum⁵.
1568 1890 1587 1913 »
1616 1873 1744 1926 Quod

356 1950 418 1983 est
441 1940 518 1984 iste
550 1940 614 1985 sol
637 1940 773 1985 oculis
793 1943 953 1997 carnis,
985 1942 1067 1985 hoc
1085 1940 1156 1985 ille
1177 1942 1311 1986 oculis
1348 1943 1490 1986 cordis
1517 1962 1525 1987 ;
1551 1951 1593 1987 et
1621 1943 1741 2004 quod

356 2014 433 2055 iste
457 2012 660 2055 carnibus
676 2047 686 2066 ,
710 2012 792 2055 hoc
822 2011 894 2055 ille
923 2011 1142 2055 cordibus.
1168 2013 1433 2056 Vestimenta
1461 2022 1606 2057 autem
1621 2016 1732 2074 ejus,

355 2082 544 2126 Ecclesia
566 2083 671 2141 ejus.
699 2083 964 2125 Vestimenta
984 2083 1097 2125 enim
1124 2082 1205 2126 nisi
1226 2082 1280 2126 ab
1303 2082 1459 2128 induto
1481 2085 1737 2129 continean-

355 2163 446 2208 tur,
487 2154 664 2198 cadunt.
688 2156 854 2197 Horum
891 2154 1243 2198 vestimentorum
1279 2154 1481 2215 quaedam
1501 2157 1623 2216 quasi
1651 2173 1732 2202 no-

355 2225 523 2269 vissima
543 2225 713 2269 fimbria
731 2225 889 2269 Paulus
911 2224 1010 2269 fuit.
1034 2228 1128 2284 Ipse
1154 2225 1268 2269 enim
1288 2227 1393 2271 dicit
1419 2246 1427 2271 :
1451 2246 1470 2268 «
1496 2230 1587 2285 Ego
1618 2229 1733 2271 enim

359 2314 378 2336 »
413 2311 505 2339 sum
529 2296 733 2340 minimus
757 2296 1072 2356 Apostolorum.
1100 2315 1118 2337 n
1145 2299 1201 2340 Et
1223 2296 1306 2341 alio
1327 2297 1423 2342 loco
1449 2318 1457 2342 ;
1485 2316 1504 2340 «
1525 2301 1617 2356 Ego
1639 2314 1734 2342 sum

359 2385 379 2407 »
414 2368 668 2411 novissimus
690 2368 994 2427 Apostolorum
1009 2370 1023 2393 6
1044 2387 1053 2412 :
1085 2387 1100 2408 ι)
1122 2371 1173 2411 In
1195 2369 1453 2413 vestimento
1476 2379 1621 2414 autem
1637 2370 1737 2414 fim-

356 2438 448 2480 bria
470 2447 531 2481 est
561 2439 788 2483 novissima
820 2449 862 2483 et
895 2439 1086 2483 minima.
1114 2440 1320 2495 Proinde,
1347 2440 1457 2485 sicut
1478 2439 1551 2484 illa
1582 2440 1740 2485 mulier

425 2537 432 2554 ¹
454 2533 565 2563 Matth.
594 2545 672 2575 xvu,
696 2545 724 2573 1,
745 2538 779 2566 et
798 2536 874 2566 Luc.
907 2545 952 2575 lx,
981 2534 1034 2566 28.
1056 2552 1096 2557 -—
1118 2542 1130 2557 ²
1148 2535 1232 2567 Psal.
1255 2546 1345 2577 xvul,
1365 2545 1396 2568 2.
1430 2553 1470 2558 —
1497 2534 1510 2559 3
1534 2536 1614 2568 lbid.
1641 2534 1671 2578 4.
1694 2553 1735 2559 -

356 2586 509 2619 4Mauh.
532 2598 659 2629 xv11,2‚
681 2591 711 2622 3.
732 2608 773 2613 —
788 2590 802 2614 ⁵
821 2593 912 2623 Joau.
932 2603 954 2631 1,
979 2602 1011 2633 9.
1031 2607 1069 2614 -—
1093 2589 1108 2613 6
1133 2603 1144 2622 1
1161 2593 1234 2624 Cor.
1252 2602 1306 2632 xv,
1325 2603 1357 2632 9.
