1898 3178
451 209 588 236 sssnMo
618 209 720 246 (2111,
755 209 809 236 DE
840 207 987 237 VERBIS
1017 210 1110 238 Luc.
1146 211 1189 237 x.
1418 200 1502 238 567

133 292 153 315 »
179 274 333 318 eodem
365 288 515 328 sensu,
540 283 583 316 et
612 275 657 316 in
687 273 837 318 eadem
860 275 1081 319 scientia1.
1112 293 1131 316 »
1166 278 1223 320 Et
1251 275 1334 320 alio
1367 275 1464 321 loco
1490 293 1499 318 ε

134 362 155 385 «
180 344 413 387 Unanimes
428 378 440 399 ,
464 358 603 387 unum
626 344 878 400 sentientes,
914 344 1022 388 nihil
1048 360 1124 404 per
1146 346 1468 390 contentionem
1491 381 1502 401 ,

133 431 154 455 >›
180 428 322 473 neque
344 429 420 473 per
446 414 620 457 inanem
650 412 830 471 gloriam
842 418 874 458 2.
896 432 916 456 »
941 417 998 459 Et
1026 416 1234 460 Dominus
1262 416 1316 460 ad
1338 420 1508 462 Patrem

131 482 186 527 de
205 483 289 527 suis
316 499 324 524 :
361 502 382 526 «
411 485 468 527 Ut
496 483 581 527 sint
612 498 775 538 unum,
807 485 917 529 sicut
941 493 985 529 et
1005 500 1082 529 nos
1104 500 1244 529 unum
1265 488 1458 530 sumusss.
1486 504 1506 527 »

131 555 188 597 Et
208 554 253 597 in
286 554 467 598 Actibus
496 553 804 613 Apostolorum
828 574 836 599 :
865 555 1199 600 «Multitudinis
1237 565 1381 600 autem
1414 571 1510 600 cre-

132 642 153 665 »
177 624 375 669 dentium
393 634 484 669 erat
501 640 589 669 una
605 625 748 668 anima
764 634 806 669 et
820 641 894 670 cor
911 628 1085 670 unum4.
1104 630 1219 685 Ergo
1236 627 1511 686 magnificate

134 712 154 736 »
181 695 415 739 Dominum
437 710 600 750 meum,
620 704 663 738 et
675 694 914 739 exaltemus
936 711 1096 740 nomen
1117 698 1208 757 ejus
1226 698 1272 741 in
1285 712 1422 741 unum
1436 699 1466 741 ⁵.
1489 717 1507 740 »

131 765 242 818 Quia
259 780 397 809 unum
415 773 479 809 est
495 765 800 821 necessarium,
822 779 959 809 unum
977 765 1088 810 illud
1105 782 1360 826 supernum,
1376 782 1514 812 unum

130 835 208 880 ubi
231 838 357 880 Pater
377 844 419 879 et
440 835 576 880 Filius
595 845 638 880 et
660 836 842 895 Spiritus
860 845 1032 881 sanctus
1055 846 1157 881 sunt
1178 852 1332 881 unum.
1358 837 1512 882 Videte

129 906 256 951 nobis
278 906 572 951 commendari
593 907 822 951 unitatem.
844 908 972 951 Certe
996 907 1179 952 Trinitas
1200 916 1264 951 est
1284 911 1398 951 Deus
1415 923 1514 952 nos-

130 985 210 1021 ter.
237 979 364 1021 Pater
386 992 475 1020 non
506 986 570 1021 est
602 976 764 1032 Filius,
791 976 925 1021 Filius
957 992 1045 1022 non
1074 986 1138 1022 est
1165 980 1308 1031 Pater,
1336 978 1517 1037 Spiritus

129 1055 303 1090 sanctus
326 1061 406 1090 nec
428 1049 554 1090 Pater
576 1055 667 1102 est,
690 1062 770 1091 nec
789 1045 940 1102 Filius,
966 1046 1042 1091 sed
1059 1047 1288 1091 amborum
1303 1047 1509 1105 Spiritus:

129 1125 174 1160 et
194 1124 340 1160 tamen
362 1116 442 1159 ista
476 1116 558 1160 tria
591 1131 681 1160 non
712 1125 798 1160 tres
821 1116 905 1171 dii,
935 1132 1024 1160 non
1049 1126 1130 1161 tres
1162 1117 1481 1175 omnipotentes
1499 1152 1510 1172 ,

128 1184 204 1229 sed
225 1200 340 1229 unus
361 1189 475 1230 Deus
497 1186 795 1244 omnipotens,
815 1187 905 1246 ipsa
923 1186 1107 1230 Trinitas
1123 1201 1237 1230 unus
1249 1189 1362 1230 Deus
1380 1205 1390 1232 2
1409 1186 1513 1246 quia

127 1271 268 1299 unum
293 1255 583 1300 necessarium
605 1266 682 1300 est.
708 1257 777 1301 Ad
804 1257 887 1301 hoc
907 1272 1046 1301 unum
1068 1272 1158 1301 non
1189 1272 1267 1302 nos
1288 1256 1509 1317 perducit,

128 1326 206 1370 nisi
224 1326 351 1369 multi
372 1327 610 1370 habeamus
633 1342 708 1371 cor
728 1342 883 1370 unum.

185 1397 238 1439 V.
268 1397 388 1439 Bona
423 1405 525 1439 sunt
556 1395 794 1440 ministeria
831 1397 943 1440 circa
978 1411 1189 1456 pauperes
1203 1431 1214 1451 ,
1252 1404 1298 1439 et
1330 1397 1515 1441 maxime

127 1466 239 1509 circa
259 1474 428 1510 sanctos
450 1466 527 1509 Dei
547 1465 719 1510 servitia
742 1466 889 1510 debita
905 1501 916 1521 ,
936 1466 1146 1526 obsequia
1159 1466 1369 1525 religiosa.
1392 1467 1513 1513 Red-

127 1534 294 1579 duntur
327 1536 466 1591 enim,
495 1551 584 1580 non
616 1536 793 1591 dantur,
832 1537 1005 1581 dicente
1033 1537 1276 1596 Apostolof:
1306 1556 1327 1580 «
1355 1538 1398 1582 Si
1435 1553 1513 1582 nos

128 1623 149 1646 n
175 1605 298 1650 vobis
319 1605 526 1664 spiritalia
559 1606 886 1661 seminavimus,
923 1621 1132 1665 magnum
1155 1615 1240 1661 est,
1270 1607 1304 1651 si
1326 1607 1513 1652 carnalia

128 1693 149 1717 »
174 1685 313 1720 vestra
334 1677 602 1722 metamusss?
635 1679 755 1720 Bona
783 1687 907 1734 sunt,
941 1678 1223 1721 exhortamur
1250 1676 1305 1721 ad
1326 1678 1442 1732 haec,
1468 1687 1512 1722 et

125 1745 171 1788 in
190 1746 325 1790 verbo
342 1746 515 1790 Domini
535 1745 803 1790 aedificamus
820 1762 896 1791 vos
909 1781 920 1801 ,
945 1746 1079 1790 nolite
1098 1747 1209 1806 pigri
1227 1761 1316 1790 esse
1337 1746 1393 1791 ad
1414 1762 1510 1791 sus-

125 1815 347 1874 cipiendos
369 1825 553 1860 sanctos,
571 1816 820 1876 Aliquando
842 1817 1097 1872 nescientes,
1114 1817 1386 1876 suscipiendo
1400 1833 1509 1877 quos

125 1885 594 1944 nesciebant,Angelos
613 1889 930 1944 susceperunt7.
952 1889 1070 1931 Bona
1092 1895 1194 1930 sunt
1208 1887 1302 1931 haec
1322 1902 1331 1927 t
1356 1887 1509 1932 melius

126 1964 189 1999 est
211 1964 356 1999 tamen
378 1955 499 2015 quod
519 1956 648 2014 elegit
664 1957 813 2000 Maria.
839 1956 954 2000 Illud
973 1958 1087 2000 enim
1103 1957 1237 2001 habet
1251 1972 1303 2000 ex
1324 1959 1508 2002 necessi-

125 2034 214 2069 tate
236 2027 566 2084 occupationem
589 2044 598 2070 :
623 2025 742 2070 istud
758 2036 904 2070 autem
926 2042 976 2070 ex
1001 2027 1210 2071 charitate
1231 2027 1502 2072 suavitatem.

92 2129 97 2134 .
126 2094 232 2139 Vult
247 2096 381 2140 homo
401 2111 626 2140 occurrere
644 2095 821 2155 quando
838 2097 1078 2155 ministrat,
1100 2106 1143 2140 et
1160 2097 1395 2157 aliquando
1418 2114 1507 2143 non

126 2174 298 2225 potest:
325 2167 537 2226 quaeritur
558 2167 678 2227 quod
709 2167 852 2221 deest,
888 2176 1065 2226 paratur
1098 2166 1218 2226 quod
1250 2167 1396 2226 adest,
1419 2168 1506 2213 dis-

125 2235 320 2280 tenditur
341 2237 524 2281 animus.
549 2239 658 2282 Nam
683 2237 716 2280 si
744 2236 915 2281 Martha
936 2235 992 2280 ad
1013 2235 1086 2280 illa
1107 2237 1325 2281 sufficeret
1341 2271 1352 2292 ‚
1379 2238 1507 2298 adju—

126 2307 288 2351 torium
319 2308 473 2352 sororis
503 2323 592 2352 non
615 2316 825 2367 posceret.
861 2305 1000 2351 Multa
1034 2316 1162 2361 sunt,
1193 2306 1360 2352 diversa
1381 2318 1504 2364 sunt,

126 2378 227 2436 quia
249 2376 435 2422 carnalia
452 2387 579 2433 sunt,
604 2378 705 2438 quia
729 2375 980 2436 temporalia
999 2386 1124 2434 sunt,
1145 2378 1224 2421 etsi
1245 2377 1358 2422 bona
1377 2388 1504 2434 sunt,

174 2479 184 2496 ¹
207 2484 219 2504 1
241 2475 313 2506 Cor.
336 2484 359 2511 ι,
380 2482 430 2506 io.
446 2490 484 2496 —
501 2481 512 2496 ²
529 2474 641 2516 Philip.
658 2486 691 2513 ιι,
713 2483 744 2513 2,
766 2474 796 2505 3.
818 2490 856 2495 —
882 2471 894 2495 3
911 2475 1002 2504 Joan.
1023 2483 1098 2513 xvu,
1126 2473 1267 2517 22—{4
1287 2476 1357 2506 Act.
1379 2486 1425 2513 iv,
1451 2476 1502 2508 32.

127 2545 168 2549 —
186 2526 199 2550 ⁵
214 2528 291 2559 psal.
311 2539 424 2570 xxxin,
445 2529 474 2560 3.
501 2546 531 2551 -
551 2527 566 2549 6
589 2541 596 2559 r
621 2531 691 2560 Cor.
715 2539 759 2569 rx,
784 2540 833 2562 rr.
854 2545 893 2550 --
913 2535 925 2560 7
948 2528 1043 2559 llebr.
1065 2539 1128 2561 xm.
1150 2537 1180 2558 9.
