1898 3178
280 243 420 273 SERMo
453 244 579 284 LXXI,
614 244 667 270 DE
700 241 845 271 VERBIS
878 240 1041 269 MATTH.
1076 241 1152 267 ΧΠ.
1320 230 1398 268 ’291

29 319 73 355 et
94 312 117 354 J
124 309 236 354 udaei
258 319 301 354 et
322 310 589 370 quicumque
606 309 797 353 haeretici
823 309 1029 367 Spiritum
1050 315 1245 352 sanctum
1268 308 1405 350 confi-

28 388 192 435 tentur,
217 375 292 433 sed
312 395 412 423 eum
434 387 596 438 negant
614 394 704 422 esse
725 379 771 422 in
792 379 952 423 Christi
976 392 1176 438 corpore,
1200 375 1319 437 quod
1341 385 1406 420 est

27 451 155 495 unica
174 452 263 511 ejus
280 449 472 494 Ecclesia
484 484 495 504 ‚
519 465 609 494 non
625 449 778 510 utique
795 449 877 493 nisi
893 465 980 493 una
1001 448 1227 504 catholiea,
1251 446 1406 508 procul

27 520 164 566 dubio
185 520 343 565 similes
366 530 468 565 sunt
490 521 729 575 Pharisaeis‚
754 520 831 580 qui
851 529 957 564 tunc
975 520 1140 572 etiamsi
1162 534 1251 564 esse
1270 518 1406 578 Spiri-

26 599 121 638 tum
156 599 354 635 sanctum
383 589 659 646 fatebantur,
683 590 902 648 negabant
934 598 1079 634 tamen
1117 605 1216 634 eum
1239 604 1328 633 esse
1359 588 1406 632 in

27 660 222 714 Christo,
254 661 377 721 cujus
401 675 532 720 opera
558 662 604 705 in
629 659 900 705 daemonibus
922 659 1141 720 ejiciendis
1164 659 1406 703 daemonio-

24 745 124 782 rnm
154 730 338 790 principi
362 730 627 775 tribuebant.
663 730 827 775 Omitto
857 729 977 790 quod
1004 729 1181 790 quidam
1215 728 1408 773 haeretici

2 797 3 801 ’
26 801 166 865 ipsum
183 801 361 849 omnino
386 801 592 860 Spiritum
613 809 811 844 sanctum
838 798 906 844 vel
924 815 1012 843 non
1035 801 1285 844 Creatorem
1299 834 1309 853 ‚
1330 798 1407 842 sed

27 880 267 923 creaturam
287 886 377 915 esse
399 870 695 929 contendunt3
719 871 829 916 sicut
847 870 994 915 Ariani
1016 879 1059 914 et
1080 869 1343 914 Eunomiani
1362 877 1406 912 et

0 931 2 965 ἶ
26 942 348 1006 Macedoniani3
369 942 439 988 vel
454 957 554 986 eum
573 958 745 1002 prorsus
765 942 824 986 ita
840 951 1001 1001 negant
1017 963 1028 1000 3
1042 950 1092 986 ut
1110 941 1253 1001 ipsum
1267 944 1407 985 Deum

1 1020 9 1053 ’ξ
27 1021 185 1072 negent
206 1028 294 1057 esse
328 1013 606 1070 Trinitatem,
627 1012 703 1057 sed
725 1012 1030 1057 tantummodo
1052 1028 1142 1056 esse
1163 1015 1303 1057 Deum
1325 1015 1407 1056 Pa-

25 1091 134 1134 trem
157 1092 424 1135 asseverant,
451 1093 494 1127 et
514 1083 656 1143 ipsum
680 1082 915 1143 aliquando
941 1084 1086 1128 vocari
1114 1082 1301 1137 Filium,
1327 1081 1405 1126 ali-

26 1153 204 1215 qnando
224 1154 367 1198 vocari
391 1154 597 1213 Spiritum
618 1162 844 1210 sanetum3
874 1154 985 1197 sicut
1010 1152 1270 1207 Sabelliani,
1296 1168 1405 1213 quos

25 1222 201 1287 quidam
234 1224 572 1282 Patripassianos
593 1232 776 1278 vocant,
803 1223 902 1266 ideo
931 1223 1033 1282 quia
1065 1226 1234 1266 Patrem
1260 1224 1408 1282 perhi-

25 1292 130 1348 bent
148 1308 321 1353 passum
338 1309 346 1334 :
367 1294 489 1352 cnjus
508 1307 609 1336 cum
630 1302 790 1350 negant
806 1307 896 1336 esse
913 1292 1103 1352 aliquem
1119 1293 1295 1349 Filium,
1315 1295 1406 1338 sine

27 1361 162 1417 dubio
192 1372 356 1422 negant
377 1377 465 1407 esse
495 1362 703 1420 Spiritum
722 1371 933 1406 sanctum.
961 1363 1210 1406 Photiniani
1228 1380 1406 1424 quoque

41 1440 194 1482 'atrem
221 1433 362 1477 solum
385 1448 473 1477 esse
502 1431 694 1476 dicentes
725 1435 862 1476 Deum
878 1466 888 1486 ‚
920 1431 1081 1476 Filium
1103 1448 1205 1477 vero
1235 1434 1409 1478 nonnisi

27 1507 29 1528 ²
63 1503 261 1559 nminem,
285 1511 447 1562 negant
465 1503 645 1548 omnino
662 1518 751 1547 esse
770 1502 939 1547 tertiam
956 1518 1182 1562 personam
1199 1504 1407 1564 Spiritum

30 1582 234 1623 netum.

0 1774 7 1804 ³
25 1778 54 1851 i
64 1798 122 1849 go
139 1782 366 1827 deserendi
387 1792 510 1838 sunt,
533 1792 576 1827 et
593 1783 683 1827 sine
702 1782 791 1827 ulla
808 1799 882 1842 spe
900 1782 1139 1842 deputandi
1157 1820 1167 1840 ‚
1192 1787 1402 1845 quoniam

2 1856 30 1871 '
49 1845 82 1852 ⁹
123 1854 335 1899 sententia
358 1863 454 1921 ests
486 1873 506 1896 «
535 1853 621 1905 Qui
641 1854 822 1898 verbum
845 1855 1001 1898 dixerit
1017 1864 1169 1900 contra
1193 1857 1401 1916 Spiritum

25 1948 33 1964 v
67 1933 292 1980 sanctum,
317 1940 407 1969 non
428 1925 465 1969 ei
487 1923 672 1979 dimitti,
708 1940 851 1984 neque
871 1925 917 1968 in
938 1925 1022 1970 hoc
1044 1926 1224 1982 saeculo,
1257 1943 1400 1988 neque

0 1993 1 2013 ³
23 2019 33 2034 a
71 1993 121 2048 ,in
142 1994 320 2051 futuro3
353 2012 372 2035 »
399 2003 442 2039 et
469 1994 532 2037 illi
562 1993 642 2038 soli
663 1994 936 2038 existimandi
953 2004 1055 2039 sunt
1075 1996 1128 2039 ab
1149 1997 1277 2056 hujus
1303 2013 1400 2056 gra-

0 2059 14 2086 ⁵'
47 2063 174 2123 issimi
189 2065 353 2124 peccati
372 2073 493 2108 reatu
515 2063 657 2117 liberi,
673 2065 749 2124 qui
766 2080 817 2108 ex
834 2064 1017 2110 infantia
1034 2075 1136 2110 sunt
1157 2068 1399 2113 Catholici?

18 2129 126 2189 'am
147 2136 414 2196 quicumque
436 2135 567 2179 verbo
589 2135 666 2178 Dei
687 2134 967 2180 crediderunt
982 2171 992 2191 ‚
1018 2146 1067 2181 ut
1086 2138 1299 2183 Catholici
1320 2140 1399 2184 fie-

0 2195 21 2263 f
54 2214 142 2261 Ἧι,
169 2207 320 2267 utique
342 2215 418 2250 aut
438 2221 489 2249 ex
511 2206 689 2263 Paganis
708 2241 718 2260 ‚
743 2215 819 2250 aut
840 2222 892 2250 ex
914 2208 1076 2252 Judaeis
1097 2244 1107 2263 ,
1139 2218 1214 2253 aut
1236 2200 1285 2253 etr
1307 2211 1399 2254 hae-

53 2275 159 2339 vticis
181 2276 226 2320 in
254 2277 431 2334 gratiam
451 2276 610 2321 Christi
633 2291 873 2335 pacemque
901 2287 1115 2322 venerunt
1137 2297 1146 2322 ι
1177 2280 1338 2339 quihus
1364 2281 1399 2325 si

54 2357 109 2399 912
123 2354 187 2389 est
209 2344 433 2389 dimissum
455 2344 573 2405 quod
592 2344 793 2389 dixerunt
810 2346 994 2390 verbum
1012 2356 1162 2391 contra
1189 2348 1399 2407 Spiritum

21 2423 23 2431 ²
54 2424 214 2470 *Actum
230 2451 241 2472 ‚
264 2416 452 2460 inaniter
474 2416 743 2476 promittitur
764 2426 806 2461 et
834 2417 1095 2476 praedicatur
1116 2419 1365 2465 hominibus
1381 2456 1393 2476 ‚

23 2490 27 2502 '
79 2496 397 2540 ¹convertantur
419 2486 473 2531 ad
492 2491 630 2531 Deum
645 2522 656 2541 ‚
678 2496 721 2531 et
737 2488 823 2532 sive
842 2488 887 2531 in
909 2489 1124 2548 baptismo
1145 2489 1233 2533 sive
1250 2490 1294 2534 in
1320 2494 1398 2536 Ε6-

63 2555 144 2601 esia
164 2572 312 2617 pacem
342 2557 724 2617 remissionemque
748 2557 959 2616 accipiant
991 2568 1282 2617 peccatorum.
1308 2564 1395 2606 Ne-

1118 2633 1180 2670 19.
