1898 3178
385 204 524 233 senno
555 205 649 242 xci,
685 206 738 231 DE
772 204 917 233 venius
950 204 1114 233 ΜΑΤΤΗ.
1150 205 1251 231 xxu.
1396 194 1478 234 493

104 281 143 316 te
164 272 306 331 ipsum
326 270 459 316 levari
480 287 569 316 non
593 280 728 330 potes.
766 291 785 313 «
811 272 922 325 Quia
954 287 1083 316 nemo
1104 271 1295 316 ascendit
1324 272 1367 315 in
1391 288 1480 316 coe-

103 360 123 384 »
149 342 241 386 lum
257 378 268 398 ‚
299 344 380 387 nisi
401 344 476 403 qui
506 342 561 386 de
590 342 703 387 coelo
726 342 975 398 descendit,
1011 342 1146 388 Filius
1167 343 1379 398 hominis,
1405 344 1481 403 qui

103 432 124 456 »
150 423 213 458 est
240 414 285 458 in
318 413 478 459 coelo¹.
508 432 528 455 »
556 414 599 458 Si
620 429 750 458 nemo
781 414 994 469 aseendit,
1025 415 1107 459 nisi
1128 415 1204 475 qui
1232 413 1476 469 descendit,

99 485 189 544 ipse
208 493 350 528 autem
383 493 447 528 est
468 483 603 528 Filius
626 484 813 528 hominis
841 485 1050 529 Dominus
1082 494 1226 529 noster
1246 487 1394 542 Jesus;
1419 486 1481 529 vis

99 565 142 599 et
163 565 211 599 tu
229 554 484 600 ascendere?
503 555 751 599 Membrum
769 554 900 614 ipsius
918 565 1026 611 esto,
1043 556 1117 616 qui
1135 555 1251 600 solus
1268 556 1476 601 ascendit.

97 625 271 670 Etenim
301 624 375 669 ille
394 634 527 685 caput
549 640 648 669 cum
672 625 836 669 caeteris
865 626 1067 670 membris
1097 642 1210 670 unus
1242 627 1374 671 homo
1398 636 1475 671 est.

97 699 154 740 Et
175 712 275 741 cum
299 695 529 741 ascendere
551 711 680 741 nemo
704 705 847 756 potest
864 731 875 751 ‚
905 696 985 740 nisi
1007 696 1083 757 qui
1111 697 1157 740 in
1181 698 1271 757 ejus
1301 713 1481 757 corpore

97 767 341 811 membrum
377 767 509 826 ipsius
541 766 678 811 factus
711 766 864 822 fuerit,
897 766 1135 826 impletur:
1169 788 1188 808 «
1213 768 1322 820 Quia
1352 783 1481 812 nemo

99 857 120 880 >›
147 837 358 893 ascendit,
382 837 463 882 nisi
485 838 560 898 qui
582 837 819 883 descendit.
844 856 864 879 »
897 840 994 883 Non
1016 838 1129 883 enim
1159 847 1280 898 potes
1308 838 1477 884 dicere:

99 929 119 952 «
144 912 257 954 Ecce
295 924 428 969 quare
460 909 684 965 ascendit,
716 928 735 951 »
776 909 899 953 verbi
930 909 1089 967 gratia,
1131 913 1310 965 Petrus,
1347 926 1481 970 quare

30 970 32 1006 Ῐ
94 979 286 1024 aseendit
324 979 510 1035 Paulus,
548 995 682 1040 quare
717 978 1004 1024 ascenderunt
1034 980 1260 1040 Apostoli,
1297 981 1330 1025 si
1353 996 1481 1026 nemo

0 1081 7 1110 3
31 1061 33 1088 ἰ
93 1050 311 1106 ascendit,
347 1050 427 1095 nisi
451 1051 526 1111 qui
560 1050 809 1095 descendit?
831 1049 1136 1110 Respondetur
1164 1051 1242 1094 tibi
1261 1086 1272 1106 ‚
1301 1054 1476 1105 Petrus,

30 1121 33 1158 '-
92 1121 250 1166 Paulus
273 1130 314 1166 et
335 1123 479 1166 caeteri
501 1122 697 1181 Apostoli
718 1158 729 1180 ,
753 1130 796 1166 et
817 1136 966 1167 omnes
988 1120 1138 1167 fideles
1152 1157 1162 1177 ‚
1192 1122 1267 1182 qui
1289 1122 1479 1166 audiunt

31 1179 33 1218 Ῑ
92 1193 148 1236 ab
167 1192 408 1253 Apostolo?
429 1211 448 1234 «
466 1195 552 1237 Vos
571 1202 716 1237 autem
739 1193 837 1236 estis
860 1208 1015 1252 corpus
1033 1193 1208 1248 Christi,
1225 1203 1267 1237 et
1285 1193 1479 1237 membra

1 1304 9 1312 ,
32 1296 34 1305 ,
94 1280 114 1304 n
141 1279 190 1307 ex
213 1273 334 1322 parte
348 1267 379 1306 2.
405 1282 424 1303 »
449 1263 491 1308 Si
525 1278 626 1321 ergo
653 1278 810 1322 corpus
836 1263 1024 1318 Christi,
1057 1272 1100 1307 et
1123 1264 1317 1307 membra
1349 1264 1478 1307 unius

2 1369 6 1375 .
32 1347 35 1389 j
91 1343 207 1388 sunt,
229 1332 319 1377 noli
334 1333 477 1378 facere
495 1334 619 1378 duos.
646 1352 665 1374 «
691 1333 885 1393 Reliquit
905 1333 1021 1376 enim
1041 1332 1114 1377 ille
1136 1343 1306 1392 patrem
1322 1344 1365 1377 et
1383 1349 1478 1377 ma-

92 1421 113 1444 »
140 1413 265 1457 trem,
281 1412 324 1446 et
335 1402 517 1446 adhaesit
534 1401 657 1445 uxori
674 1416 779 1452 suae,
798 1410 848 1444 ut
860 1412 999 1445 essent
1013 1403 1102 1445 duo
1114 1404 1157 1445 in
1172 1419 1299 1446 carne
1313 1419 1399 1447 una
1413 1406 1473 1447 3.»

0 1451 11 1523 ¹,
34 1475 35 1478 ’
89 1473 284 1533 Reliquit
305 1476 474 1517 Patrem
493 1507 503 1527 ‚
530 1471 631 1531 quia
652 1486 741 1516 non
764 1471 834 1514 hic
857 1486 900 1515 se
928 1471 1119 1515 ostendit
1146 1472 1361 1532 aequalem
1396 1477 1478 1518 Pa-

89 1545 166 1589 tri:
187 1543 303 1590 «Sed
318 1544 594 1603 semetipsum
611 1543 860 1597 exinanivit,
875 1540 1056 1586 formam
1070 1544 1178 1586 servi
1191 1545 1441 1602 accipiens‘¹.
1453 1562 1472 1585 »

88 1616 283 1677 Reliquit
304 1626 348 1660 et
370 1625 552 1660 matrem
575 1629 841 1673 synagogam
857 1649 867 1669 ,
900 1614 954 1657 de
976 1629 1061 1674 qua
1083 1613 1313 1658 carnaliter
1346 1624 1474 1659 natus

89 1696 166 1731 est.
193 1686 388 1731 Adhaesit
411 1685 536 1729 uxori
561 1688 675 1740 suae,
703 1683 747 1727 id
771 1693 833 1728 est
848 1718 858 1738 ‚
880 1682 1084 1727 Ecclesiae
1106 1700 1210 1727 suae.
1233 1683 1362 1737 Quod
1385 1693 1473 1728 tes-

5 1740 15 1808 Ῑ
36 1750 37 1754 “
88 1757 320 1802 timonium
343 1766 385 1801 et
400 1757 489 1816 ipse
512 1771 611 1801 cum
633 1764 1015 1809 commemoraret,
1037 1754 1157 1815 quod
1174 1755 1361 1814 separari
1384 1770 1475 1799 non

87 1826 238 1872 liceret
266 1827 518 1885 conjugium
545 1826 883 1870 demonstravit:
914 1844 932 1867 «
958 1827 1055 1870 Non
1086 1825 1246 1883 legistis
1264 1860 1274 1880 ,
1299 1825 1468 1885 inquit,

92 1915 112 1939 »
137 1898 239 1957 quia
251 1900 365 1940 Deus
379 1895 453 1955 qui
472 1893 570 1938 fecit
588 1894 642 1937 ab
664 1893 788 1937 initio
806 1894 1047 1936 masculum
1067 1904 1110 1935 et
1126 1893 1353 1939 foeminam
1372 1894 1474 1940 fecit

0 1952 5 2023 Ι,
29 1976 34 1980 “
91 1987 111 2010 »
143 1983 214 2012 eos
229 1969 428 2011 ⁵?Erunt
445 1964 551 2020 duo,
575 1963 732 2023 inquit,
752 1963 798 2006 in
821 1977 949 2007 carne
966 1977 1069 2006 una.
1092 1962 1217 2014 Quod
1238 1978 1340 2021 ergo
1358 1965 1472 2008 Deus

90 2058 111 2081 »
139 2037 391 2098 conjunxit,
414 2037 546 2080 homo
570 2049 659 2079 non
688 2042 870 2093 separet.
896 2051 917 2073 »
944 2034 1000 2076 Et
1021 2030 1129 2091 quid
1153 2040 1216 2075 est
1237 2047 1245 2073 :
1275 2051 1295 2074 «
1316 2036 1410 2077 Duo
1426 2034 1473 2078 in

91 2128 112 2151 »
138 2124 266 2154 carne
284 2109 398 2152 una?
423 2125 442 2147 »
474 2106 694 2166 Sequitur,
720 2114 762 2149 et
783 2104 888 2148 dicit
913 2119 921 2144 z
946 2122 965 2144 «
987 2103 1125 2161 Igitur
1142 2103 1229 2162 jam
1254 2119 1341 2147 non
1363 2103 1468 2160 duo,

91 2199 111 2222 »
137 2180 211 2225 sed
233 2195 317 2224 una
339 2193 453 2223 caro.
479 2180 616 2223 Nemo
637 2175 855 2230 ascendit,
880 2175 961 2218 nisi
980 2174 1055 2232 qui
1078 2173 1343 2219 descenditfi.
1369 2193 1388 2215 η

44 2302 45 2306 ¹
146 2254 266 2295 VIII.
300 2253 409 2295 Nam
431 2260 482 2294 ut
504 2249 707 2293 noveritis
724 2283 734 2303 ,
771 2248 873 2308 quia
906 2261 1019 2290 unus
1041 2247 1173 2290 homo
1206 2255 1269 2290 est
1291 2262 1471 2305 sponsus

14 2308 20 2367 i
43 2370 45 2375 ,
88 2331 133 2366 at
154 2337 307 2381 sponsa
325 2357 335 2376 ,
362 2319 602 2365 secundum
626 2334 798 2363 carnem
818 2317 998 2371 Christi,
1020 2332 1109 2360 nou
1132 2317 1372 2360 secundum
1395 2318 1473 2361 Di-

26 2420 47 2431 m
86 2393 312 2438 vinitatem
335 2409 342 2433 ;
371 2407 471 2436 nam
490 2389 730 2435 secundum
749 2389 1026 2434 Divinitatem
1051 2388 1170 2448 quod
1194 2397 1256 2432 est
1278 2388 1366 2443 ille,
1393 2404 1471 2434 nos

136 2496 143 2512 ¹
171 2492 262 2522 Joan.
284 2501 329 2528 ni,
351 2489 401 2520 13.
420 2504 462 2510 -
484 2495 495 2509 ²
520 2499 531 2518 1
553 2488 626 2518 Cor.
643 2497 699 2527 xii,
718 2495 772 2528 27.
788 2503 829 2509 -
856 2485 868 2508 3
889 2485 1004 2528 Ephes.
1023 2496 1055 2526 v,
1078 2485 1131 2516 31.
1157 2501 1197 2507 —-
1212 2484 1227 2508 l*
1247 2485 1359 2528 Philip.
1385 2497 1421 2527 11,
1437 2497 1467 2527 7.

86 2562 128 2569 —
148 2543 291 2577 ⁵W1attli.
315 2554 382 2584 xtx,
403 2543 436 2585 4,
459 2547 523 2575 etc.
544 2559 584 2565 —
602 2539 722 2574 6Joan.
745 2553 795 2582 ui,
819 2541 870 2573 13.
