1898 3178
370 243 450 281 538
806 249 839 279 S.
875 249 1107 279 AUGUSTINI
1139 227 1322 282 Eiuscor’r

368 319 509 377 agitur
538 326 801 377 utrumque,
825 325 875 361 ut
909 326 952 360 et
986 317 1189 370 invitator
1221 319 1293 363 ille
1329 328 1503 364 sanetur
1537 333 1638 364 cum
1660 321 1745 364 suis

368 386 850 442 condiscumbentibus,
892 388 1126 431 Dominum
1158 391 1308 434 Jesum
1335 390 1558 435 Christum
1587 390 1746 449 pariter

369 459 618 504 videntibus
637 492 648 513 ‚
673 458 832 517 pariter
845 458 1144 516 ignorantibus
1160 496 1171 516 ‚
1197 470 1241 505 et
1258 470 1306 505 ut
1326 460 1398 504 illa
1415 460 1572 505 mulier
1587 461 1747 505 habeat

369 530 573 573 fiduciam
595 527 873 573 confessionis
891 544 1008 585 suae,
1032 545 1112 574 nec
1134 539 1354 590 pungatur
1384 530 1565 576 ulterius
1588 529 1747 576 aculeis

370 599 643 644 conscientiae
676 613 780 643 suae.
813 617 834 640 «
852 599 1048 643 Debebat
1069 615 1182 644 unus
1200 635 1211 655 ,
1235 600 1399 659 inquit,
1431 601 1748 660 quinquaginta

374 688 394 711 »
429 670 650 725 denarios,
686 669 794 714 alius
836 670 1124 730 quingentos3
1160 669 1340 714 donavit
1371 671 1620 715 ambobus:
1651 670 1748 730 quis

374 759 393 782 »
429 756 529 784 eum
552 739 650 799 plus
671 739 851 785 dilexit?
873 758 893 782 »
914 741 1156 800 Respondit
1174 741 1244 784 cui
1272 740 1513 785 similitudo
1531 742 1748 800 proposita

371 820 487 866 erat,
507 810 628 871 quod
649 811 911 870 respondere
932 813 1084 871 utique
1106 812 1213 855 ratio
1235 810 1539 870 compellebat.
1557 810 1745 867 «Credo,

373 899 393 922 »
428 882 613 926 Domine
630 902 641 939 3
657 882 728 925 cui
749 880 846 940 plus
862 881 1054 926 donavit.
1071 884 1160 925 »Et
1181 880 1408 925 attendens
1431 880 1486 924 ad
1503 881 1746 935 mulierem,

370 951 478 995 dixit
513 951 567 995 ad
597 952 848 996 Simonem:
877 971 895 993 <z
924 952 1054 995 Vides
1081 952 1194 995 hanc
1226 951 1483 994 mulierem?
1516 951 1679 995 Intravi
1705 952 1751 994 in

374 1039 394 1062 n
430 1020 610 1065 domum
640 1032 761 1066 tuam
777 1057 787 1077 ,
814 1037 969 1081 aquam
992 1020 1178 1081 pedibus
1205 1021 1310 1065 meis
1338 1036 1428 1065 non
1451 1020 1632 1065 dedisti:
1658 1022 1751 1065 haec

374 1111 393 1134 >›
429 1092 629 1150 lacrymis
653 1093 739 1137 suis
760 1092 865 1137 lavit
897 1093 1003 1137 mihi
1038 1092 1170 1152 pedes
1190 1128 1200 1148 ‚
1239 1102 1281 1137 et
1314 1092 1478 1152 capillis
1505 1092 1592 1136 suis
1614 1092 1747 1136 tersit.

373 1180 393 1203 n
429 1162 637 1206 Osculum
660 1163 766 1206 mihi
789 1178 877 1207 non
899 1162 1055 1206 dedisti
1073 1162 1171 1207 :illa
1185 1178 1236 1206 ex
1253 1177 1341 1222 quo
1362 1163 1549 1220 ingressa
1565 1170 1642 1216 est,
1663 1177 1752 1206 non

373 1251 394 1275 »
429 1234 610 1278 cessavit
638 1233 766 1292 pedes
799 1248 920 1286 meos
949 1232 1148 1277 osculari.
1185 1232 1292 1276 Oleo
1329 1241 1462 1291 caput
1491 1246 1639 1275 meum
1662 1247 1752 1275 non

373 1322 393 1345 »
428 1304 587 1348 unxisti
613 1323 622 1348 :
648 1303 721 1348 illa
743 1312 888 1348 autem
911 1305 1042 1363 pedes
1077 1318 1195 1347 meos
1221 1303 1344 1346 unxit
1371 1310 1613 1360 unguento.
1646 1301 1751 1346 Ideo

373 1392 392 1414 »
429 1373 527 1418 dico
555 1392 565 1418 :
590 1373 877 1417 Dimittuntur
908 1374 947 1416 ei
969 1381 1144 1432 peccata
1172 1371 1309 1415 multa
1326 1406 1337 1426 ‚
1363 1372 1570 1431 quoniam
1601 1370 1751 1415 dilexit

372 1463 392 1486 »
428 1443 634 1488 multum.
670 1444 751 1489 Cui
792 1452 938 1487 autem
974 1443 1198 1488 modicum
1235 1441 1496 1497 dimittit-ur,
1527 1440 1750 1486 modicum

372 1533 393 1557 »
428 1515 614 1573 diligit1.
642 1532 663 1555 »

428 1588 505 1630 IV.
520 1586 668 1629 Oritur
684 1586 867 1644 quaestio
883 1583 1080 1643 profecto
1097 1582 1319 1638 solvenda,
1346 1598 1447 1643 quae
1462 1583 1748 1627 attentionem

369 1659 533 1701 Vestrae
552 1656 781 1701 Charitatis
813 1654 1028 1699 desiderat
1043 1690 1054 1710 ‚
1074 1670 1129 1698 ne
1146 1654 1260 1699 forte
1279 1654 1477 1698 sufficere
1506 1669 1595 1698 non
1617 1655 1752 1713 possi-

368 1741 464 1770 mus
499 1726 640 1770 verbis
678 1724 731 1770 ad
768 1733 904 1769 totam
927 1726 1018 1785 ejus
1040 1724 1350 1769 obscuritatem
1373 1723 1682 1768 removendam
1708 1733 1752 1768 et

368 1795 694 1841 dilucidandam
723 1811 802 1854 pro
825 1796 1020 1854 angustia
1052 1795 1289 1853 temporis3
1317 1794 1507 1838 maxime
1528 1809 1628 1839 cum
1651 1810 1750 1839 caro

368 1867 447 1911 ista
470 1865 645 1911 aestibus
664 1865 865 1925 fatigata,
895 1866 986 1925 jam
1008 1865 1191 1909 recreari
1213 1863 1454 1920 desideret,
1481 1873 1520 1909 et
1551 1864 1750 1908 debitum

369 1952 496 1981 suum
540 1951 719 1995 poscens
734 1970 746 1991 ‚
789 1936 945 1980 animae
979 1935 1231 1981 aviditatem
1267 1934 1508 1994 impediens
1550 1936 1751 1980 ostendat

369 2007 489 2067 quod
517 2007 683 2051 dictum
706 2015 797 2051 est:
823 2025 843 2048 «
867 2006 1050 2065 Spiritus
1078 2005 1257 2065 quidem
1286 2014 1515 2065 promptus
1537 2014 1622 2060 est,
1648 2021 1749 2050 caro

373 2096 393 2120 »
429 2087 574 2122 autem
595 2078 812 2122 infirma2.
841 2094 861 2118 »
887 2077 1173 2122 Metuendum
1197 2085 1260 2121 est
1279 2111 1290 2131 ,
1320 2085 1363 2120 et
1389 2075 1515 2121 valde
1546 2084 1749 2121 metuen-

370 2148 501 2204 dum,
541 2164 597 2192 ne
632 2149 678 2192 in
698 2148 763 2192 his
784 2148 926 2193 verbis
948 2147 1120 2192 Domini
1141 2163 1230 2192 non
1263 2148 1376 2192 bene
1406 2145 1749 2206 intelligentibus

371 2219 436 2263 his
452 2220 528 2278 qui
548 2218 907 2277 concupiscentiis
928 2218 1014 2262 suis
1031 2218 1276 2262 carnalibus
1298 2217 1463 2272 favent,
1489 2226 1532 2261 et
1553 2217 1607 2261 ab
1626 2217 1685 2261 eis
1703 2216 1751 2261 in

370 2289 614 2333 libertatem
636 2288 763 2333 educi
786 2288 1059 2348 pigrescunt,
1081 2288 1288 2347 subrepat
1308 2286 1380 2331 illa
1400 2287 1628 2341 sententia,
1649 2302 1748 2346 quae

371 2358 706 2418 praedicantibus
728 2359 856 2403 etiam
874 2357 1090 2417 Apostolis
1112 2367 1213 2402 nata
1234 2367 1298 2402 est
1314 2358 1360 2401 in
1381 2356 1540 2415 linguis
1565 2355 1750 2400 maledi—

372 2444 522 2472 corum
540 2464 551 2483 ‚
577 2428 695 2472 unde
716 2427 821 2473 dicit
842 2427 1061 2487 apostolus
1086 2428 1245 2472 Paulus
1271 2447 1279 2472 :
1305 2446 1325 2469 «
1352 2430 1408 2472 Et
1435 2428 1543 2472 sicut
1567 2425 1746 2486 quidam

375 2516 394 2539 »
430 2499 581 2543 dicunt
598 2514 675 2542 nos
694 2498 837 2542 dicere
856 2517 864 2543 :
891 2499 1115 2542 Faciamus
1139 2497 1269 2553 mala,
1288 2506 1338 2541 ut
1353 2498 1528 2542 veniant
1550 2497 1665 2541 bona
1681 2498 1741 2539 3.»

422 2587 429 2603 ¹
457 2583 532 2613 Luc.
560 2592 618 2621 vix,
640 2581 758 2623 lii-47.
782 2599 822 2605 —
843 2589 855 2605 ²
875 2582 986 2614 Mauh.
1013 2593 1102 2620 xxw,
1121 2581 1174 2622 [μ.
1196 2598 1237 2604 -
1257 2580 1270 2603 3
1289 2584 1379 2613 Rom.
1400 2592 1450 2622 111,
1471 2584 1503 2614 8.
