1898 3178
410 181 493 218 290
833 191 865 216 s.
902 188 1131 218 Aucusnm
1163 189 1343 216 13121500121

403 254 634 309 scuritatis‚
650 253 787 313 quod,
807 253 1043 313 adjuvante
1059 253 1262 308 Domino,
1281 253 1466 297 arbitror
1478 252 1757 312 explanatum
1774 286 1785 307 ,

402 339 493 368 non
514 332 638 368 erant
660 332 807 367 tamen
824 331 958 366 tantae
979 321 1247 369 difficultatis
1262 358 1274 378 ‚
1306 331 1484 383 quantae
1506 331 1684 382 apparet
1699 336 1788 366 esse

405 392 526 454 quod
556 392 766 452 sequitur.
808 410 829 434 «
856 391 962 436 Ideo
993 392 1092 437 dico
1125 392 1249 438 vobis
1274 412 1283 438 ε
1320 394 1462 437 Omne
1496 401 1726 452 peccatum
1747 399 1792 435 et

409 482 430 505 »
455 462 720 522 blasphemia
736 462 982 508 remittetur
1002 463 1252 508 hominibus
1273 483 1284 508 ι
1306 456 1491 522 spiritus
1514 473 1660 508 autem
1681 461 1792 507 blas-

407 553 427 574 »
453 533 627 592 phemia
660 547 751 576 non
772 532 1033 579 remittetur.
1061 536 1119 578 Et
1142 533 1416 593 quicumque
1431 533 1585 577 dixerit
1607 532 1793 577 verbum

395 605 426 644 ’»
452 611 605 647 contra
620 601 782 646 Filium
802 602 1013 658 hominis,
1032 603 1279 647 remittetur
1297 604 1335 646 ei
1353 622 1361 647 :
1381 603 1460 663 qui
1476 612 1623 648 autem
1639 602 1795 646 dixerit

412 690 433 713 >›
460 681 610 717 contra
638 671 846 731 Spiritum
868 682 1068 718 sanctum
1083 708 1094 728 ‚
1124 688 1214 717 non
1235 673 1480 717 remittetur
1501 673 1562 727 ei,
1587 687 1730 732 neque
1749 672 1798 716 in

409 759 428 783 »
453 742 537 786 hoc
557 741 719 787 saeculo
735 777 746 798 ‚
781 758 926 802 neque
946 743 993 787 in
1025 742 1218 787 futuro1.
1235 761 1254 783 »
1281 741 1398 795 Quid
1420 756 1522 800 ergo
1543 743 1619 787 fiet
1652 742 1707 786 de
1726 742 1794 786 his

404 828 514 872 quos
535 812 695 857 lucrari
716 813 839 873 cupit
860 813 1083 858 Ecclesia?
1100 812 1430 873 Numquidnam
1451 813 1652 858 correctis
1674 821 1718 856 et
1739 812 1795 857 ad.

405 898 501 928 eam
521 899 573 928 ex
595 899 878 944 quocumque
900 899 1045 929 errore
1068 884 1344 929 venientibus
1369 899 1464 943 spes
1485 883 1592 928 falsa
1611 883 1797 943 promit-

407 953 514 998 titur
535 954 582 998 in
603 954 850 998 remissione
880 955 1079 998 omnium
1101 956 1408 1014 peccatorum?
1442 954 1544 1008 Quis
1571 954 1686 998 enim
1707 968 1798 998 non

408 1023 684 1068 convincitur
716 1024 872 1068 dixisse
905 1023 1091 1068 verbum
1128 1032 1279 1068 contra
1323 1024 1531 1083 Spiritum
1567 1032 1764 1068 sanctum
1783 1057 1796 1078 ,

411 1103 645 1154 antequam
677 1095 949 1139 Christianus
976 1094 1047 1138 vel
1078 1094 1329 1140 Catholicus
1361 1095 1515 1139 fieret?
1548 1095 1693 1140 Primo
1719 1093 1800 1153 ipsi

342 1189 349 1195 ν
410 1164 487 1224 qui
511 1164 674 1223 Pagani
696 1163 996 1224 appellantur,
1022 1164 1263 1209 multorum
1296 1165 1479 1210 deorum
1503 1164 1801 1224 falsorumque

412 1234 600 1280 cultores
629 1244 673 1279 et
705 1233 927 1279 idolorum
961 1233 1231 1289 adoratores,
1268 1250 1368 1279 cum
1391 1234 1545 1279 dicunt
1567 1235 1802 1279 Dominum

413 1305 634 1350 Christum
650 1304 826 1363 magicis
839 1304 1003 1348 artibus
1021 1302 1169 1349 fecisse
1186 1304 1409 1359 miracula,
1427 1319 1574 1348 nonne
1594 1304 1684 1348 istis
1701 1312 1804 1348 sunt

413 1373 595 1429 similes,
621 1374 699 1433 qui
722 1388 823 1417 eum
852 1373 1057 1417 dixerunt
1085 1374 1133 1417 in
1153 1374 1348 1433 principe
1371 1373 1688 1418 daemoniorum
1714 1374 1804 1433 eje-

412 1444 518 1487 cisse
541 1443 785 1487 daemonia‘?
807 1443 974 1487 Deinde
996 1459 1097 1488 cum
1119 1443 1316 1503 quotidie
1345 1452 1537 1487 nostram
1559 1443 1804 1487 sanctifica-

414 1514 579 1559 tionem
599 1513 906 1573 blasphemant
921 1549 931 1569 ,
957 1513 1066 1574 quid
1087 1513 1207 1558 aliud
1223 1513 1528 1573 blasphemant
1553 1530 1685 1575 quam
1709 1514 1807 1574 Spi—

417 1585 549 1628 ritum
589 1585 821 1629 sanctum?
843 1583 962 1637 Quid
992 1583 1157 1638 Judaei,
1190 1583 1267 1643 qui
1306 1583 1510 1628 dixerunt
1537 1585 1591 1628 de
1620 1585 1806 1629 Domino

418 1655 537 1700 unde
553 1655 633 1699 iste
653 1663 827 1700 exortus
849 1663 913 1698 est
939 1668 1079 1698 sermo
1095 1688 1106 1709 ‚
1132 1669 1279 1698 nonne
1304 1671 1442 1715 usque
1464 1654 1608 1700 adhuc
1624 1655 1808 1701 verbum

419 1735 571 1771 contra
589 1725 798 1783 Spiritum
813 1733 1013 1768 sanctum
1025 1723 1285 1784 loquuntur,
1302 1725 1362 1770 sie
1380 1741 1479 1769 eum
1496 1734 1703 1784 negantes
1719 1739 1810 1769 esse

421 1797 468 1840 in
489 1795 743 1840 Christianis
758 1829 769 1849 ,
804 1793 915 1838 sicut
938 1793 1002 1838 illi
1022 1794 1068 1838 in
1094 1794 1269 1839 Christo
1290 1790 1379 1839 esse
1400 1797 1699 1854 negaverunt?
1720 1798 1809 1842 Ne-

422 1881 507 1926 que
521 1866 639 1909 enim
653 1874 696 1909 et
710 1864 775 1909 illi
789 1864 969 1924 Spiritui
988 1873 1136 1909 sancto
1150 1864 1482 1921 maledixerunt,
1501 1875 1577 1910 aut
1594 1881 1685 1910 non
1706 1880 1810 1910 eum

422 1952 512 1982 esse
533 1937 747 1991 dicentes,
773 1944 849 1979 aut
869 1949 959 1979 esse
985 1935 1190 1994 quidem,
1218 1934 1294 1979 sed
1320 1938 1460 1979 Deum
1481 1951 1572 1980 non
1599 1943 1709 1991 esse,
1735 1934 1813 1980 sed

424 2024 514 2053 esse
536 2016 778 2052 creaturam
793 2040 804 2061 ‚
833 2014 909 2050 aut
929 2006 985 2049 ad
1001 2005 1220 2049 daemones
1240 2005 1470 2064 ejiciendos
1497 2005 1607 2050 nihil
1631 2005 1775 2051 valere
1798 2023 1810 2051 a
1890 2042 1891 2045 η

425 2095 515 2124 non
534 2079 614 2124 ista
641 2077 834 2134 indigna,
854 2092 945 2120 non
966 2075 1133 2135 aliquid
1151 2075 1291 2120 simile
1314 2077 1370 2119 de
1389 2077 1553 2135 Spiritu
1572 2086 1723 2121 sancto
1743 2076 1820 2136 lo-
1879 2133 1882 2136 ι

428 2151 517 2195 cuti
539 2158 656 2194 sunt.
694 2146 922 2194 Sadducaei
951 2146 1066 2191 enim
1090 2146 1299 2206 Spiritum
1327 2156 1526 2191 sanctum
1557 2147 1810 2207 negabant:
1887 2135 1891 2144 Α

431 2220 635 2266 Pharisaei
663 2234 767 2264 vero
797 2234 898 2263 eum
921 2233 1036 2273 esse,
1067 2227 1218 2262 contra
1245 2217 1586 2263 Sadducaeorum
1615 2218 1816 2262 haeresim

432 2291 786 2348 defendebant'23
820 2290 896 2333 sed
929 2304 1016 2333 esse
1054 2289 1099 2332 in
1134 2289 1319 2333 Domino
1348 2291 1452 2333 Jesu
1482 2289 1656 2334 Christo
1685 2303 1813 2347 nega·
1891 2340 1894 2343 ¹

435 2363 566 2416 bant,
591 2377 722 2422 quem
759 2361 978 2405 daemones
1013 2360 1163 2419 ejicere
1194 2359 1240 2403 in
1281 2359 1475 2420 principe
1496 2359 1816 2412 daemonioruni
1872 2354 1881 2413 J

436 2434 674 2491 putabant,
699 2447 799 2476 cum
822 2432 995 2491 ejiceret
1014 2429 1086 2473 ille
1109 2431 1154 2473 in
1178 2430 1340 2489 Spiritu
1361 2438 1525 2475 sancto.
1551 2433 1613 2474 Ac
1635 2445 1711 2489 per
1731 2430 1814 2474 hoc
1879 2478 1881 2483 ¹

490 2524 495 2539 ¹
518 2518 630 2549 Matth.
648 2529 703 2554 xn,
727 2518 780 2559 31,
803 2517 907 2549 32-
927 2522 939 2538 2
954 2519 1025 2548 Act.
1047 2526 1141 2557 xxm,
1163 2518 1193 2548 S.
1878 2490 1890 2502 Μ
