1898 3178
301 295 440 321 sERMO
472 293 563 328 Lu,
599 292 652 316 DE
687 290 832 318 inanis
866 292 1029 319 Mum.
1067 293 1131 317 111.
1328 279 1405 317 147

29 357 203 402 Etenim
224 357 329 402 locis
362 354 659 415 corporalibus
681 370 771 399 non
793 365 998 399 tenentur
1026 371 1106 400 nec
1138 366 1410 415 occupantur

28 428 110 472 nisi
145 442 339 487 corpora.
368 425 489 470 Ultra
509 424 628 469 locos
648 424 893 483 corporales
921 435 986 469 est
1009 425 1220 470 Divinitas
1246 445 1255 470 :
1280 441 1412 470 nemo

29 514 126 544 eam
147 509 355 558 tanquam
376 498 423 541 in
442 497 581 556 spatio
603 497 812 556 requirat.
837 495 1010 555 Ubique
1033 494 1260 541 invisibilis
1281 506 1326 541 et
1343 497 1413 541 in-

27 567 324 629 separabiliter
340 568 462 612 adest
483 587 492 612 2
514 583 605 612 non
624 567 671 611 in
690 575 816 626 parte
835 568 975 626 major
989 601 1001 622 ‚
1026 566 1072 610 in
1092 577 1217 626 parte
1237 568 1380 613 minor
1397 589 1409 627 3

27 657 91 679 tw,
123 639 290 699 ubique
326 647 440 693 tota,
465 652 682 698 nusquam
711 635 863 683 divisa.
890 637 997 690 Quis
1025 636 1146 682 videt
1180 639 1297 684 hoc?
1318 638 1415 700 quis

22 706 144 770 -pit
165 709 284 754 hoc?
311 711 648 768 Compescamus
675 723 754 753 nos
784 727 796 753 :
820 708 1146 752 meminerimus
1167 710 1267 769 qui,
1295 709 1415 755 unde

42 800 62 819 ,ι
81 795 274 824 uamur.
310 779 427 824 Illud
465 789 508 824 et
541 778 677 835 illud,
709 778 927 840 quidquid
948 788 1012 824 est
1041 778 1162 839 quod
1183 783 1297 825 Deus
1319 790 1411 837 est,

0 889 2 894 ,
27 850 99 895 eie
119 849 348 906 credatur,
363 859 511 895 sancte
534 851 778 910 cogitetur3
800 859 846 895 et
863 859 1078 911 quantum
1096 851 1254 908 datur,
1278 868 1419 912 quan·

0 969 3 978 ¹
48 936 124 966 um
149 930 314 981 potest,
345 919 625 965 ineffabiliter
663 919 947 980 intelligatur.
983 920 1219 974 Quiescant
1253 923 1414 977 verba,

29 994 33 1005 ‘
67 1001 163 1037 set
182 992 330 1050 lingua
349 1012 362 1051 3
389 1007 464 1037 cor
494 991 705 1036 excitetur
721 1026 734 1047 ‚
754 1007 828 1037 cor
845 991 952 1037 illuc
973 991 1156 1038 levetur.
1178 995 1275 1039 Non
1300 993 1418 1038 enim

36 1134 214 1179 ominis
247 1133 467 1178 ascendat.
505 1132 796 1178 Attendamus
825 1143 1069 1179 creaturam
1095 1153 1105 1179 ε
1129 1154 1151 1177 «
1176 1134 1417 1179 Invisibilia

86 1206 202 1249 enim
232 1205 323 1264 ejus
354 1221 379 1248 a
411 1215 608 1250 creatura
635 1205 813 1262 mundi,
839 1221 917 1266 per
947 1222 998 1251 ea
1017 1222 1117 1267 quae
1139 1205 1254 1252 facta
1281 1216 1384 1252 sunt
1401 1243 1412 1263 ‚

20 1373 24 1398 4
44 1368 54 1402 3.
76 1361 164 1400 us,
188 1346 236 1389 in
261 1345 423 1405 quibus
446 1345 661 1390 habemus
682 1346 920 1406 quamdam
941 1349 1270 1394 consuetudinis
1287 1348 1417 1393 fami-

14 1433 16 1437 ’
46 1415 275 1471 mitatem,
298 1415 570 1460 inveniamus
593 1415 785 1476 aliquam
806 1416 1152 1474 similitudinem,
1176 1420 1296 1463 unde
1315 1435 1419 1479 pro-

18 1593 21 1600 .
49 1549 63 1596 ‘1
80 1556 367 1616 parabiliter
387 1565 638 1616 operentur.

73 1629 206 1673 2xvl.
235 1627 314 1672 Eia
332 1662 345 1682 ,
370 1626 549 1683 fratreS‚
585 1627 781 1673 adestote
801 1637 896 1672 toto
923 1628 1085 1673 animo.
1109 1627 1264 1673 Videte
1296 1630 1416 1689 prius

27 1716 30 1720 ·
74 1719 93 1737 2
113 1718 123 1739 a
168 1699 422 1759 promittam
440 1720 452 1757 3
491 1714 547 1743 ne
580 1698 694 1743 forte
719 1699 768 1742 in
800 1707 998 1743 creatura
1023 1700 1244 1745 inveniam
1261 1735 1272 1755 ‚
1312 1702 1416 1762 quia

94 1780 207 1817 ator
235 1786 261 1815 a
293 1770 417 1815 nobis
450 1769 642 1815 excelsus
671 1778 750 1814 est.
787 1773 845 1814 Et
876 1769 990 1815 forte
1022 1771 1156 1816 verba
1181 1772 1414 1833 quisquam

90 1864 99 1880 .-
149 1858 224 1887 um
241 1878 253 1899 ‚
272 1843 345 1888 cui
360 1841 507 1900 fulgor
523 1842 715 1887 veritatis
737 1841 882 1902 aliqua
902 1852 1095 1888 mentem
1111 1845 1236 1904 quasi
1260 1861 1414 1890 corus—

32 1928 34 1932 ·
63 1934 78 1975 :2
97 1929 196 1959 une
216 1912 483 1974 perstringit,
508 1921 649 1972 potest
669 1911 813 1956 dicere
827 1913 961 1957 verba
982 1912 1056 1957 illa
1074 1931 1084 1958 ε
1109 1932 1130 1955 «
1149 1917 1244 1972 Ego
1260 1915 1350 1959 dixi
1369 1916 1416 1960 in

87 1984 220 2037 extasi
240 1998 381 2028 mea.»
395 1985 449 2027 In
469 1981 604 2026 extasi
624 1991 700 2026 tua
722 1981 830 2042 quid
849 1981 1021 2026 dixisti?
1042 2001 1064 2025 «
1080 1984 1303 2043 Projectus
1318 2000 1416 2029 sum

31 2067 46 2109 ἐξ
85 2054 112 2100 h
137 2054 247 2100 facie
270 2053 502 2099 oculorum
516 2061 697 2097 tuorum
708 2056 743 2097 ².
765 2070 786 2094 »
807 2053 983 2097 Etenim
1003 2052 1178 2098 videtur
1200 2054 1308 2098 mihi
1334 2055 1415 2100 iste

114 2125 209 2170 jhoc
222 2124 350 2180 dixit,
370 2123 532 2169 levasse
553 2124 608 2168 ad
625 2126 765 2168 Deum
782 2123 972 2168 animam
994 2138 1135 2180 suam,
1150 2133 1194 2169 et
1211 2126 1417 2171 effudisse

48 2240 50 2248 1
69 2200 74 2256 1ζ
81 2216 99 2232 ιι.
120 2214 138 2234 a
177 2209 222 2238 se
238 2195 432 2239 animam
453 2209 594 2249 suam,
618 2209 721 2239 cum
743 2193 784 2238 ei
803 2194 1022 2239 diceretur
1043 2194 1268 2255 quotidie:
1293 2197 1414 2241 «Ubi

29 2316 32 2323 1
71 2258 119 2322 ’ζη
147 2269 262 2310 Deus
283 2264 416 2308 tuus?
432 2280 452 2304 »
472 2259 719 2321 pervenisse
739 2264 922 2323 spiritali
933 2266 1127 2326 quodam
1139 2276 1347 2312 contactu
1359 2268 1416 2312 ad

41 2331 78 2392 ᾗ
102 2355 139 2376 ω
171 2332 580 2380 incommutabilem
606 2332 778 2389 lucem,
802 2349 987 2396 eamque
1006 2337 1258 2382 infirmitate
1286 2353 1417 2384 cons-

113 2415 183 2452 ωε
205 2404 320 2450 ferre
343 2420 434 2450 non
454 2401 673 2462 valuisse3
696 2412 740 2448 et
757 2404 804 2448 in
823 2419 946 2450 suam
968 2406 1091 2465 quasi
1113 2408 1417 2465 aegritudinem

105 2497 156 2513 ι·
182 2476 440 2536 languorem
464 2475 625 2520 iterum
655 2475 856 2522 recidisse
874 2511 885 2533 ‚
909 2486 954 2522 et
975 2492 1244 2537 comparasse
1261 2495 1305 2524 se
1321 2479 1412 2556 mie
1442 2516 1445 2518 .

111 2563 205 2608 Rom.
219 2584 255 2616 x,
276 2581 331 2606 20.
349 2588 390 2595 —
406 2577 420 2595 ²
440 2570 526 2605 Psal.
544 2581 618 2612 xxx,
641 2569 696 2603 23.

114 2618 122 2658 1
1192 2630 1256 2669 10.
