1898 3178
422 262 561 294 sEnMo
591 262 714 291 van
733 279 744 301 ,
779 263 834 290 DE
865 261 1015 292 ovums
1044 263 1090 293 m
1121 263 1268 293 EZECH.
1477 252 1550 294 ¹75.

158 346 249 377 non
268 329 407 375 fecisti
428 338 478 374 ut
494 343 586 374 non
606 327 660 372 sit
694 325 884 371 alterius.
919 329 1016 373 Non
1043 328 1159 372 enim
1180 328 1239 372 sic
1260 326 1365 372 dicis
1380 362 1392 383 ,
1419 329 1535 374 Deus

157 415 279 446 meus
294 420 306 458 3
322 399 545 460 quomodo
559 433 571 455 ,
587 412 727 457 equus
746 411 883 441 meus.
907 398 1058 457 Equus
1080 398 1197 443 enim
1212 407 1315 443 tuus
1336 407 1401 443 est
1415 433 1427 454 ,
1446 414 1537 444 non

156 486 295 531 equus
330 470 522 516 alterius.
558 471 674 514 Deus
694 477 740 514 et
756 476 860 513 tuus
881 476 946 513 est
960 502 973 524 ,
997 477 1041 513 et
1051 470 1143 530 ejus
1164 469 1242 530 qui
1271 469 1332 514 sic
1352 469 1536 526 dixerit,

156 544 273 587 Deus
289 554 427 596 meus,
447 537 672 600 quomodo
688 547 741 583 tu
759 537 881 584 dicis.
903 537 1070 596 Singuli
1083 538 1256 595 dicunt,
1268 542 1382 584 Deus
1396 554 1535 596 meus,

156 621 202 657 et
222 614 338 657 Deus
357 626 509 658 meus:
535 610 610 655 ille
631 610 828 657 omnium
849 618 914 655 est
928 644 941 665 ,
959 612 1250 656 communiter
1269 611 1474 657 omnibus
1494 626 1540 656 se

157 682 215 728 ad
241 681 480 728 fruendum
499 682 726 741 praebens,
758 681 805 725 in
825 680 1032 726 omnibus
1051 680 1246 740 integer,
1282 682 1330 725 in
1359 680 1540 741 singulis

157 753 338 812 integer.
359 755 457 798 Non
473 752 590 797 enim
613 752 690 812 qui
716 750 898 806 dicunt,
927 753 1043 796 Deus
1070 766 1218 806 meus,
1249 752 1409 811 singuli
1427 751 1542 797 divi-

157 824 272 868 dunt
292 824 405 868 inter
425 838 484 868 se.
511 823 557 869 Si
584 838 725 868 sermo
757 823 838 867 iste
858 837 991 882 quem
1012 823 1132 882 jacto
1153 821 1304 882 lingua
1320 857 1332 878 ,
1364 831 1409 867 et
1434 837 1542 867 sono

156 901 382 938 constante
402 893 556 938 litteris
577 901 621 937 et
642 893 843 951 syllabis,
869 901 986 938 totus
1008 891 1064 937 ad
1091 891 1282 951 singulos
1318 893 1540 952 pervenit,

156 977 239 1008 nec
257 962 460 1009 dividunt
476 962 602 1008 illum
622 963 737 1007 inter
757 977 803 1007 se
819 963 898 1023 qui
919 962 1131 1019 audiunt3
1150 963 1185 1007 si
1213 977 1353 1007 sermo
1385 960 1441 1006 ad
1462 977 1541 1006 au-

156 1047 224 1078 res
236 1034 430 1092 corporis
449 1032 733 1093 corporaliter
751 1047 931 1088 sonans,
951 1033 996 1076 in
1018 1031 1269 1092 propinquo
1291 1031 1447 1077 clarius
1461 1065 1473 1087 ,
1497 1031 1542 1075 in

156 1102 402 1163 longinquo
437 1102 686 1163 languidius
699 1137 712 1158 ,
745 1103 801 1147 ab
837 1103 1041 1148 omnibus
1078 1112 1226 1146 tamen
1268 1101 1544 1147 audientibus

157 1182 275 1218 totus
297 1174 526 1231 excipitur,
546 1188 636 1217 non
657 1172 771 1216 inter
785 1187 829 1217 se
845 1171 1095 1229 syllabatim
1109 1187 1209 1216 eum
1226 1171 1539 1227 dividentibus,

157 1243 232 1288 sed
251 1243 454 1288 omnibus
472 1251 615 1287 totum
632 1241 944 1300 accipientibus
963 1260 972 1286 ε
997 1251 1165 1300 quanto
1184 1242 1320 1301 magis
1340 1241 1414 1286 ille
1429 1245 1543 1286 Deus

157 1314 322 1374 ubique
343 1328 532 1374 praesens
551 1313 737 1373 implens
765 1313 934 1368 omnia,
959 1327 1049 1357 non
1080 1312 1327 1372 propinqua
1358 1312 1541 1369 clarius,

158 1394 202 1430 et
231 1385 472 1445 longinqua
491 1384 743 1444 languidius
759 1418 771 1439 ,
795 1382 871 1428 sed
893 1382 1153 1443 pertendens
1175 1399 1199 1428 a
1217 1384 1305 1427 fine
1327 1398 1466 1443 usque
1487 1383 1544 1428 ad

157 1454 291 1500 finem
323 1455 494 1500 fortiter
509 1490 520 1510 ,
553 1464 598 1499 et
624 1455 858 1514 disponens
879 1454 1027 1499 omnia
1044 1453 1233 1499 suaviter
1247 1456 1262 1480 1
1275 1488 1292 1510 ,
1315 1453 1543 1514 aequaliter

157 1526 402 1586 possidetur
426 1525 481 1570 ab
503 1525 740 1570 omnibus?
760 1528 854 1570 Lux
885 1524 988 1581 ista,
1014 1524 1169 1570 fratres
1191 1524 1301 1580 mei,
1320 1533 1437 1570 certe
1450 1540 1543 1569 cor—

157 1612 288 1658 porea
306 1632 319 1653 ,
360 1596 415 1641 de
448 1596 563 1641 coelo
600 1595 762 1654 fulget,
806 1596 945 1640 oritur
958 1630 970 1650 ,
1011 1595 1186 1651 occidit,
1222 1595 1446 1651 circumit,
1488 1596 1542 1640 dc

157 1667 256 1712 loco
272 1667 319 1710 in
339 1666 486 1711 locum
508 1674 704 1710 mutatur
724 1684 734 1710 z
761 1674 907 1710 tamen
928 1665 1172 1724 procedunt
1192 1665 1239 1709 in
1260 1680 1357 1710 eam
1374 1674 1418 1709 et
1438 1664 1542 1709 diri-

159 1746 323 1797 guntur
344 1736 543 1781 omnium
564 1735 706 1791 oculi,
726 1745 770 1780 et
787 1736 982 1780 omnium
998 1735 1114 1781 oculi
1136 1736 1297 1796 pariter
1322 1751 1417 1780 eam
1439 1751 1543 1796 pos-

158 1809 301 1853 sident
314 1842 326 1863 ‚
365 1822 455 1852 non
477 1822 573 1851 eam
609 1805 813 1851 dividunt
833 1828 845 1864 3
885 1806 1033 1850 nullus
1051 1807 1097 1850 in
1117 1822 1168 1851 ea
1203 1806 1323 1851 dives
1358 1806 1539 1851 limitem

158 1880 266 1934 fixit,
291 1893 371 1922 nec
385 1878 504 1938 prior
524 1877 872 1937 praeoccupando
889 1886 940 1921 ut
966 1877 1148 1932 videret,
1173 1877 1322 1921 oculos
1343 1878 1542 1937 pauperis

157 1959 233 1994 aut
250 1949 456 2004 exclusit,
481 1956 557 1992 aut
577 1948 838 2007 angustavit.
872 1948 995 1992 Dicat
1014 1961 1181 2007 pauper
1196 1981 1207 2002 ,
1245 1950 1360 1991 Deus
1396 1963 1539 2006 meus3

159 2020 275 2064 dicat
303 2018 447 2074 dives,
470 2021 586 2062 Deus
602 2033 725 2061 meus
749 2036 758 2062 ε
780 2018 925 2062 minus
952 2017 1026 2061 ille
1054 2017 1214 2073 habet,
1237 2017 1336 2077 plus
1363 2018 1433 2061 hic
1460 2019 1541 2063 ha·-

157 2091 260 2147 bet3
283 2088 359 2134 sed
378 2097 609 2148 argentum
623 2123 634 2144 ,
659 2103 749 2132 non
772 2091 929 2132 Deum.
959 2089 1016 2132 Ut
1043 2088 1288 2147 perveniret
1326 2086 1381 2132 ad
1404 2091 1541 2132 Deum

161 2161 393 2205 Zacchaeus
409 2158 528 2204 dives
540 2194 552 2214 ,
576 2157 698 2203 dedit
711 2157 941 2202 dimidium
958 2158 1210 2218 patrimonii
1231 2158 1298 2202 sui
1313 2161 1330 2184 2
1352 2176 1360 2202 :
1380 2167 1431 2202 ut
1450 2174 1543 2218 per-

157 2231 326 2276 veniret
346 2234 514 2285 Petrus,
535 2230 641 2273 retia
663 2238 707 2272 et
728 2244 884 2274 navem
902 2227 1088 2272 dimisit3
1107 2250 1118 2286 3
1144 2238 1194 2272 ut
1216 2229 1460 2288 perveniret
1475 2229 1543 2273 vi-

159 2300 248 2346 dua
263 2335 275 2356 ,
301 2299 390 2344 duo
413 2300 583 2344 minuta
610 2298 732 2343 dedit
747 2299 789 2357 ⁴3
813 2307 863 2343 ut
882 2299 1128 2358 perveniret
1157 2297 1411 2358 pauperior,
1436 2299 1542 2343 cali-

161 2386 254 2415 cem
273 2385 398 2430 aquae
420 2368 587 2427 frigidae
604 2369 790 2429 porrexit
810 2390 821 2428 3
846 2379 896 2414 ut
918 2369 1164 2429 perveniret
1184 2369 1356 2428 penitus
1377 2384 1543 2428 pauper

160 2449 204 2484 et
242 2453 403 2497 egenus
417 2473 429 2494 ,
469 2437 605 2482 solam
642 2439 804 2483 bonam
837 2438 1108 2483 voluntatem
1145 2439 1337 2482 tribuit-⁵.
1374 2439 1543 2483 Diversa

210 2544 221 2558 ¹
242 2537 315 2578 Sap,
335 2546 404 2577 vm,
423 2547 450 2568 1.
468 2552 510 2559 -
529 2542 542 2559 ²
561 2538 639 2568 Luc.
658 2546 724 2577 xlx,
746 2537 777 2569 8.
796 2553 836 2559 —
856 2535 869 2559 3
886 2536 1007 2568 Matth.
1029 2546 1074 2574 ιν,
1093 2544 1147 2568 22.
1172 2552 1212 2559 -
1229 2535 1247 2566 4
1268 2537 1345 2569 Luc.
1361 2546 1429 2578 xxr,
1448 2545 1479 2570 2.
1500 2553 1541 2559 —

164 2591 179 2615 5
198 2591 316 2624 Matth.
342 2602 377 2633 x,
403 2591 457 2634 42.
