1898 3178
402 253 484 290 562
838 261 870 289 S.
908 260 1136 290 AUGUSTINI
1172 263 1348 291 EPISCOPI

398 328 474 387 qui
496 336 538 371 et
560 327 671 371 bene
690 326 815 379 vixit,
839 335 882 370 et
898 328 1141 371 secundum
1159 328 1407 386 opinionem
1429 327 1658 371 hominum
1672 328 1782 371 male

401 406 464 441 est
481 406 678 441 mortuus
704 415 712 440 :
738 395 851 439 forte
874 412 895 440 a
921 397 1046 441 ruina
1068 406 1133 441 est
1153 406 1367 451 mortuus,
1394 412 1417 440 a
1433 396 1658 454 naufragio
1675 413 1784 441 mor-

400 476 499 511 tuus
521 477 608 521 est,
632 483 655 510 a
678 467 824 511 bestiis
837 476 1035 511 mortuus
1058 477 1121 512 est
1148 487 1157 512 :
1183 477 1226 512 et
1248 467 1354 511 dicit
1376 467 1675 527 unusquisque
1692 482 1784 511 car-

393 537 499 580 nalis
522 537 567 579 in
588 535 719 580 corde
744 552 822 580 suo
849 552 858 577 z
886 537 1003 590 Quid
1035 546 1099 582 est
1130 538 1244 582 bene
1275 538 1453 582 vivere?
1485 540 1597 581 Ecce
1631 537 1703 581 ille
1725 537 1784 581 sic

396 605 528 660 vixit,
553 614 596 649 et
616 605 676 650 sic
698 614 761 650 est
782 615 996 651 mortuus.
1023 606 1177 651 Redite
1200 621 1301 664 ergo
1318 607 1373 650 ad
1388 622 1462 651 cor
1482 626 1492 651 ι
1518 616 1562 650 θῖ
1583 606 1617 650 si
1634 605 1784 650 fideles
1831 606 1837 609 ’
1858 648 1860 663 ‚
1880 667 1885 679 ι

399 675 523 730 estis,
549 676 773 720 invenietis
802 676 863 720 ibi
894 677 1148 722 Christum:
1182 678 1271 736 ipse
1303 676 1424 720 vobis
1445 675 1655 735 loquitur.
1689 679 1784 734 Ego

397 745 514 788 enim
535 745 675 790 clamo
701 761 710 786 ε
737 744 810 790 ille
831 761 934 791 vero
957 747 1003 791 in
1024 746 1196 791 silentio
1217 745 1315 805 plus
1338 745 1480 790 docet.
1508 749 1600 803 Ego
1626 745 1784 805 loquor

400 830 477 873 per
499 830 655 860 sonum
673 816 879 860 sermonis
905 835 914 860 ι
939 815 1013 860 ille
1033 817 1150 860 intus
1171 816 1367 876 loquitur
1384 831 1460 875 per
1484 817 1686 860 timorem
1707 831 1783 860 co-

400 885 633 944 gitationis.
650 889 766 945 Ergo
779 887 867 946 ipse
884 887 1044 931 inserat
1055 887 1101 930 in
1114 887 1245 931 corde
1263 896 1406 931 vestro
1416 886 1600 931 verbum
1611 902 1781 932 meum:

400 955 607 1014 quoniam
629 955 774 999 dicere
792 971 919 1000 ausus
942 970 1039 999 sum
1063 969 1073 996 t
1100 957 1218 999 Bene
1238 955 1372 1000 vivite
1387 990 1398 1010 ‚
1425 971 1481 1000 ne
1498 955 1608 999 male
1624 956 1785 1000 moria-

400 1026 522 1069 mini.
547 1029 661 1071 Ecce
683 1027 892 1086 quoniam
917 1026 1024 1071 fides
1046 1035 1110 1071 est
1144 1027 1191 1070 in
1219 1027 1422 1072 cordibus
1450 1027 1626 1081 vestris,
1655 1035 1698 1071 et
1724 1027 1786 1071 ibi
1848 1021 1851 1038 '¹

397 1105 460 1139 est
481 1096 706 1151 Christus,
738 1097 892 1156 etipse
920 1097 1053 1142 habet
1083 1097 1239 1142 docere
1269 1096 1390 1157 quod
1418 1112 1499 1156 ego
1523 1097 1652 1157 cupio
1687 1111 1786 1157 per·
1864 1129 1870 1136 .

398 1181 566 1211 sonare.

458 1240 541 1280 III.
566 1236 874 1281 Recordamini
901 1238 947 1281 in
969 1237 1208 1297 Evangelio
1232 1238 1412 1282 divitem
1434 1236 1580 1293 illum⁷
1608 1247 1652 1283 et
1677 1254 1786 1298 pau-
1844 1228 1845 1235 ἵ

398 1321 546 1366 perem
563 1307 715 1351 illum:
743 1307 923 1351 divitem
944 1307 1149 1353 indutum
1170 1323 1364 1367 purpura
1382 1317 1425 1352 et
1441 1307 1593 1365 bysso,
1614 1317 1657 1352 et
1678 1325 1787 1370 quo·
1840 1359 1843 1371 j

399 1376 570 1421 tidianis
591 1377 728 1436 epulis
750 1378 993 1436 saginatum
1014 1399 1024 1435 3
1050 1393 1287 1437 pauperem
1306 1393 1408 1421 vero
1425 1377 1550 1421 illum
1567 1378 1786 1437 jacentem

399 1456 500 1490 ante
516 1448 695 1505 januam
715 1447 881 1501 divitis,
906 1448 1167 1492 esurientem
1182 1482 1193 1502 ,
1218 1456 1262 1490 et
1284 1447 1339 1490 de
1369 1461 1516 1490 mensa
1538 1449 1630 1505 ejus
1655 1447 1786 1491 micas
1838 1490 1840 1496 ,

398 1516 713 1575 requirentem,
737 1515 955 1560 ulceribus
978 1517 1158 1575 plenum
1174 1537 1185 1573 3
1203 1532 1225 1560 a
1249 1516 1432 1560 canibus
1454 1516 1681 1560 linctum1.
1703 1520 1786 1561 Re·
1836 1515 1838 1530 ⁴

398 1586 638 1630 cordamini
673 1601 775 1645 ergo
808 1605 816 1630 :
847 1586 967 1630 unde
1002 1586 1313 1640 recordamini,
1355 1586 1436 1630 nisi
1477 1587 1579 1646 quia
1619 1587 1680 1631 ibi
1721 1596 1786 1632 θεῖ
1835 1591 1837 1596 “
1882 1627 1885 1643 ,

397 1656 594 1700 Christus
608 1655 653 1699 in
675 1654 880 1699 cordibus
897 1656 1077 1700 vestris?
1095 1656 1231 1700 Dicite
1254 1656 1361 1699 mihi
1376 1656 1485 1715 quid
1507 1657 1649 1715 ipsum
1666 1657 1784 1702 intus
1847 1676 1850 1684 ¹
1882 1647 1885 1654 Δ

397 1725 787 1784 interrogaveritis,
818 1735 861 1769 et
883 1725 1155 1786 responderit
1182 1726 1318 1770 vobis.
1348 1726 1554 1785 Sequitur
1582 1727 1714 1782 enim,
1740 1736 1784 1771 et
1830 1733 1833 1775 ἴ
1862 1752 1874 1775 a
1897 1777 1898 1780 Ἴ

395 1794 500 1840 dicit
519 1812 527 1835 ε
554 1796 784 1855 «Contigit
799 1796 910 1840 mori
927 1797 1102 1855 inopem
1119 1795 1261 1850 illum,
1283 1805 1325 1840 et
1348 1795 1508 1840 auferri
1527 1797 1581 1840 ab
1604 1797 1783 1856 Angelis
1828 1846 1830 1852 7
1896 1793 1898 1843 J

398 1883 419 1907 »
445 1866 490 1909 in
512 1867 655 1909 sinum
683 1866 888 1910 Abrahae.
915 1868 1115 1910 Mortuus
1143 1874 1205 1910 est
1232 1874 1378 1909 autem
1406 1874 1449 1909 et
1472 1864 1615 1920 dives,
1650 1875 1695 1910 et
1713 1881 1782 1911 se·
1826 1853 1830 1907 Ῐ
1884 1856 1898 1902 .'

399 1954 419 1976 »
446 1935 596 1994 pultus
618 1944 682 1980 est
703 1935 749 1979 in
765 1934 1002 1980 infernum.
1028 1937 1141 1980 Cum
1164 1944 1310 1979 autem
1332 1936 1376 1978 in
1399 1936 1626 1979 tormentis
1642 1946 1752 1981 esset
1767 1971 1779 1992 ,
1825 1982 1827 1988 ,
1884 1983 1893 2004 p

401 2024 421 2046 »
446 2005 605 2049 levavit
623 2005 772 2050 oculos
793 2021 892 2050 suos
909 2040 920 2060 ‚
946 2014 989 2049 et
1010 2005 1120 2050 vidit
1144 2008 1355 2049 Lazarum
1373 2007 1715 2064 requiescentem
1736 2007 1782 2051 in

401 2093 422 2117 »
447 2076 545 2119 sinu
559 2076 760 2120 Abrahae.
793 2078 915 2120 Tunc
932 2075 1157 2130 clamavit,
1185 2075 1358 2120 dicens:
1391 2079 1517 2120 Pater
1533 2076 1778 2132 Abraham,
1822 2085 1826 2131 Ξ

400 2163 421 2186 »
446 2146 646 2190 miserere
668 2145 782 2199 mei,
814 2154 858 2189 et
877 2145 1002 2189 mitte
1020 2148 1230 2189 Lazarum
1248 2179 1258 2198 ‚
1284 2154 1334 2188 ut
1354 2145 1574 2203 intinguat
1595 2145 1781 2204 digitum
1824 2192 1825 2195 ,

402 2234 422 2257 »
448 2232 574 2261 suum
594 2217 638 2260 in
660 2231 840 2276 aquam,
867 2225 910 2260 et
926 2215 1058 2260 stillet
1079 2216 1124 2259 in
1147 2215 1343 2274 linguam
1364 2231 1527 2272 meam,
1558 2216 1659 2275 quia
1681 2232 1781 2260 cru-
1820 2238 1832 2279 ¹·
1853 2244 1856 2250 ·
1878 2212 1896 2257 f

401 2304 420 2327 »
449 2287 539 2331 cior
568 2287 613 2330 in
639 2287 722 2330 hac
754 2286 944 2330 flamma.
974 2304 994 2327 »
1029 2285 1250 2344 Superbus
1288 2287 1514 2344 temporiS‚
1556 2286 1779 2330 mendicus
1818 2287 1823 2333 ζ
1858 2275 1891 2327 ,ἵ

396 2356 571 2400 inferni.
592 2360 762 2415 Pauper
783 2356 899 2399 enim
917 2354 991 2398 ille
1005 2355 1284 2413 perveniebat
1305 2354 1359 2398 ad
1382 2356 1537 2399 micam
1554 2374 1563 2400 :
1588 2355 1661 2399 ille
1676 2370 1786 2400 vero
1818 2382 1820 2415 J

398 2441 487 2469 non
515 2425 796 2485 perveniebat
819 2424 874 2468 ad
896 2433 1076 2483 guttam.
1115 2428 1177 2468 De
1211 2424 1382 2469 duobus
1410 2440 1512 2483 ergo
1538 2425 1626 2469 istis
1648 2425 1778 2469 dicite

400 2496 503 2539 mihi
519 2530 529 2550 ‚
555 2497 652 2555 quis
673 2505 735 2540 est
760 2495 872 2540 bene
899 2504 1095 2540 mortuus
1110 2530 1120 2550 ,
1148 2504 1191 2541 et
1215 2496 1311 2555 quis
1334 2504 1397 2540 est
1417 2495 1530 2540 male
1552 2497 1778 2541 mortuus?
1835 2504 1858 2520 ¹'
1879 2513 1898 2539 .·

447 2579 456 2595 ¹
476 2581 552 2611 Luc.
573 2590 662 2620 xvm,
684 2591 733 2621 19.
