1898 3178
409 226 548 256 suano
579 227 677 266 Lx1,
712 229 766 255 DE
798 226 945 256 VERBIS
974 226 1139 256 ΜΑΤΤΗ.
1174 229 1252 256 v11.
1436 215 1519 255 235

141 309 248 353 rogo
265 308 356 348 vos,
371 291 548 352 quando
565 291 732 337 fueritis
753 293 881 338 ambo
895 294 1036 339 satiati
1056 313 1065 339 :
1090 293 1303 354 pretiosus
1325 292 1447 337 cibus
1465 293 1520 337 ad

140 374 184 409 te
205 365 365 422 intrat,
390 362 497 424 quid
527 364 604 418 fit,
641 379 744 408 curn
773 365 1028 410 intraverit?
1051 367 1201 411 Nonne
1230 365 1265 409 si
1285 363 1522 424 specularia

140 434 186 479 in
206 442 358 479 ventre
385 433 646 478 haberemus
663 469 675 489 ,
702 433 757 477 de
780 435 984 478 omnibus
1004 435 1110 480 cibis
1127 435 1321 495 pretiosis
1340 434 1519 478 erubes-

140 519 355 559 ceremuS,
388 504 549 564 quibus
571 512 784 549 saturatus
807 506 879 549 e's?
903 505 1048 549 Esurit
1079 520 1243 565 pauper
1258 540 1270 560 ,
1296 505 1429 548 esurit
1449 504 1519 548 di-

140 587 212 618 ves
233 592 242 618 :
266 575 446 618 saturari
470 573 834 633 quaerit‘pauper,
858 575 1039 619 saturari
1062 576 1219 634 quaerit
1235 575 1368 619 dives.
1391 577 1520 619 Satu-

138 652 261 689 ratur
276 660 442 705 pauper
465 644 520 689 de
540 644 701 689 vilibus
723 645 851 700 cibis,
877 653 1095 689 saturatur
1112 645 1230 689 dives
1248 645 1303 689 de
1323 645 1520 705 pretiosis

139 715 262 759 cibis,
291 715 498 760 Saturitas
521 715 698 775 aequalis
721 723 811 760 est:
835 715 1043 774 possessio
1066 731 1153 759 una
1174 725 1253 770 est,
1279 732 1368 776 quo
1390 716 1520 760 ambo

137 784 294 829 volunt
314 786 541 843 pervenire
559 805 570 841 3
591 784 666 829 sed
687 785 760 829 ille
781 800 856 842 per
883 784 1190 845 compendium
1212 822 1222 841 ,
1248 785 1320 830 ille
1342 801 1419 845 per
1433 786 1519 830 cir-

137 856 321 901 cuitum.
350 856 434 901 Sed
463 856 618 900 melius
633 891 643 911 ,
663 856 807 916 inquis
825 891 836 912 ,
868 857 971 900 mihi
993 857 1169 916 sapiunt
1192 865 1395 916 apparata
1417 871 1519 916 pre-

137 925 260 970 tiosa.
287 926 368 970 Vix
384 924 630 971 fastidiosus
651 927 828 971 satiaris.
846 927 993 972 Nescis
1010 927 1233 988 quomodo
1254 928 1379 986 sapit,
1399 926 1520 986 quod

136 994 272 1039 fames
290 995 501 1041 accendit.
526 998 677 1055 Neque
694 997 752 1040 ita
773 997 856 1041 hoc
876 995 978 1052 dixi,
993 1006 1044 1041 ut
1064 997 1216 1041 divites
1238 1012 1387 1056 cogam
1411 1012 1519 1056 epu-

136 1065 187 1110 lis
204 1072 248 1110 et
268 1066 374 1110 cibis
395 1080 638 1125 pauperum
658 1067 788 1112 vesci.
817 1069 1005 1112 Utantur
1027 1067 1180 1112 divites
1202 1067 1518 1113 consuetudine

136 1136 399 1180 infirmitatis
421 1151 510 1180 suae
530 1156 539 1181 :
566 1136 641 1180 sed
664 1135 869 1192 doleant,
891 1136 1016 1181 aliter
1031 1153 1074 1180 se
1094 1153 1184 1181 non
1200 1153 1338 1197 posse.
1363 1136 1518 1181 Melius

134 1207 249 1249 enim
272 1215 460 1264 possent,
477 1206 510 1249 si
533 1206 657 1250 aliter
672 1215 861 1265 possent.
883 1207 924 1251 Si
942 1222 1045 1265 ergo
1062 1223 1151 1251 non
1173 1206 1394 1252 extollitur
1410 1222 1518 1266 pau-

133 1291 213 1335 per
235 1276 291 1320 de
325 1275 636 1334 mendicitate3
673 1285 723 1320 tu
744 1292 879 1336 quare
901 1277 1116 1321 extolleris
1150 1278 1205 1321 de
1232 1278 1518 1322 infirmitate?

133 1348 265 1391 Utere
286 1346 394 1390 cibis
416 1344 583 1401 electis,
609 1347 822 1406 pretiosis,
848 1347 950 1407 quia
968 1347 1026 1391 sic
1047 1348 1280 1402 consuesti,
1305 1348 1406 1408 quia
1428 1363 1517 1392 non

133 1415 258 1461 aliter
272 1424 419 1475 potes3
444 1416 544 1476 quia
565 1416 599 1460 si
617 1416 979 1461 consuetudinem
1000 1427 1141 1461 mutes
1157 1453 1167 1473 ,
1188 1425 1383 1477 aegrotas
1404 1419 1518 1463 Con-

133 1486 304 1531 ceditur
325 1486 403 1530 tibi
424 1505 432 1531 2
455 1496 578 1531 utere
601 1487 854 1546 superfluis,
880 1488 934 1532 da
957 1489 1222 1548 pauperibus
1243 1490 1479 1534 necessaria
1505 1508 1513 1534 :

131 1565 256 1600 utere
272 1557 486 1616 pretiosis,
512 1557 567 1602 da
587 1559 854 1617 pauperibus
871 1559 987 1603 vilia.
1013 1561 1225 1618 Expectat
1242 1575 1265 1603 a
1285 1568 1344 1615 te,
1360 1575 1516 1620 expec-

133 1635 194 1671 tas
227 1643 250 1670 a
286 1630 376 1671 Deo
402 1645 410 1670 ε
435 1636 632 1686 expectat
658 1628 731 1671 ille
762 1644 940 1672 manum
974 1645 1073 1688 quae
1104 1628 1219 1673 facta
1255 1639 1320 1674 est
1339 1645 1512 1685 secum,

130 1705 331 1755 expectas
346 1705 395 1740 tu
416 1701 597 1741 manum
614 1713 715 1757 quae
737 1697 842 1742 fecit
862 1706 919 1742 te.
949 1698 1033 1743 Sed
1050 1712 1140 1743 non
1161 1699 1302 1744 solum
1325 1709 1367 1744 te
1388 1699 1512 1756 fecit,

129 1767 205 1811 sed
227 1775 270 1811 et
291 1782 527 1826 pauperem
549 1777 710 1812 tecum.
733 1768 863 1813 Dedit
878 1768 1000 1814 vobis
1022 1785 1154 1814 unam
1175 1771 1288 1815 viam
1304 1771 1431 1815 istam
1448 1772 1515 1816 vi-

129 1846 219 1881 tam
239 1856 249 1882 :
271 1837 494 1881 invenistis
516 1853 592 1882 vos
611 1828 814 1893 comites,
847 1853 982 1883 unam
1005 1840 1119 1884 viam
1150 1841 1381 1885 ambulatis
1408 1860 1417 1886 ε
1442 1841 1515 1885 ille

129 1906 239 1951 nihil
273 1915 446 1966 portat,
487 1916 537 1951 tu
566 1908 749 1951 nimium
788 1917 991 1953 oneratus
1025 1924 1069 1953 es
1095 1928 1104 1953 :
1128 1909 1201 1953 ille
1222 1910 1334 1954 nihil
1367 1927 1513 1956 secum

129 1985 288 2037 portat,
312 1986 362 2020 tu
380 1986 524 2021 tecum
551 1977 648 2036 plus
669 1986 815 2037 portas
832 1993 965 2038 quam
988 1994 1096 2038 opus
1114 1988 1191 2023 est.
1210 1981 1425 2024 Oneratus
1439 1997 1507 2026 es:

128 2046 183 2091 da
205 2046 268 2090 illi
286 2047 341 2091 de
361 2062 413 2092 eo
435 2047 556 2108 quod
572 2049 735 2106 habes,
760 2058 804 2093 et
823 2049 946 2093 illum
971 2050 1122 2109 pascis,
1143 2058 1186 2095 et
1200 2063 1310 2095 onus
1332 2052 1508 2096 minuis.

185 2119 311 2161 XIII.
336 2120 443 2162 Date
471 2134 574 2177 ergo
595 2119 861 2178 pauperibus
887 2139 896 2164 ε
919 2135 1049 2179 rogo,
1070 2135 1228 2165 moneo
1243 2156 1254 2176 ‚
1275 2122 1480 2182 praecipio
1495 2158 1507 2178 ‚

121 2187 272 2246 jubeo.
304 2187 529 2248 Quidquid
550 2188 680 2234 vultis
695 2189 795 2234 date
816 2191 1095 2250 pauperibuS.
1112 2194 1210 2237 Non
1224 2192 1339 2235 enim
1363 2193 1511 2237 occul-

126 2258 231 2301 tabo
263 2258 476 2303 Charitati
505 2261 696 2313 Vestrae,
733 2275 869 2320 quare
900 2261 1020 2305 hunc
1054 2276 1299 2317 sermo-nem
1336 2277 1509 2308 necesse

125 2322 262 2371 habui
281 2328 404 2372 vohis
420 2342 634 2387 promere.
659 2328 722 2373 Ex
745 2345 834 2390 quo
855 2331 927 2375 hic
949 2345 1097 2375 sumus
1115 2339 1266 2375 euntes
1289 2331 1343 2376 ad
1365 2333 1509 2377 eccle-

126 2396 232 2440 siam
247 2431 258 2451 ,
284 2405 328 2441 et
348 2397 579 2443 redeuntes
595 2433 606 2453 ,
629 2408 839 2458 pauperes
863 2399 1143 2458 interpellant
1164 2415 1242 2445 nos
1258 2436 1269 2457 ,
1291 2411 1335 2446 et
1351 2401 1506 2447 dicunt

125 2474 176 2509 ut
203 2466 396 2510 dicamus
415 2467 537 2512 vobis
554 2502 564 2522 ‚
589 2477 640 2511 ut
668 2468 834 2528 aliquid
859 2470 1073 2528 accipiant
1102 2485 1126 2513 a
1146 2471 1283 2515 vobis.
1303 2470 1390 2517 Nos
1407 2487 1505 2517 mo-

125 2546 315 2581 nuerunt
331 2536 451 2598 loqui
473 2538 594 2583 vobis
617 2558 625 2583 :
646 2548 689 2582 et
707 2555 807 2583 cum
829 2555 872 2583 se
894 2540 1042 2584 vident
1063 2555 1152 2585 non
1170 2542 1364 2601 accipere
1385 2558 1408 2586 a
1429 2558 1502 2588 vo·
