1898 3178
296 228 435 258 SERMO
468 229 667 269 Lxxxv11‚
703 230 756 258 DE
789 230 935 260 valuns
966 228 1130 261 ΜΑΤΤΗ.
1167 232 1234 260 xx.
1382 221 1464 261 429

89 297 244 339 Deum.
271 295 382 348 Quia
414 310 517 340 vero
551 299 664 340 Deus
701 294 805 340 colit
826 296 1044 353 homines,
1083 297 1206 357 quasi
1227 297 1468 356 expavescit

89 363 261 410 auditor
287 365 464 425 quando
494 366 643 411 audit:
671 366 773 426 quia
800 383 890 412 non
917 369 1043 413 estin
1066 384 1148 413 usu
1168 368 1397 413 hominum
1418 377 1469 412 ut

87 434 281 491 dicatur,
308 436 409 496 quia
427 439 540 480 Deus
562 435 666 482 colit
684 436 881 483 homines
898 459 910 497 3
929 439 1005 483 sed
1027 439 1130 499 quia
1153 441 1291 483 Deum
1316 438 1468 483 colunt

86 505 297 550 homines.
321 507 539 551 Debemus
561 521 662 565 ergo
678 507 862 566 probare
885 509 1023 564 vobis,
1040 510 1142 569 quia
1165 518 1208 554 et
1231 512 1344 553 Deus
1366 508 1469 554 colit

85 576 301 635 homines3
321 592 374 622 ne
391 576 505 622 forte
521 586 727 637 putemur
748 579 932 623 verbum
954 580 1328 639 indisciplinatum
1346 580 1469 624 dixis-

86 661 146 702 se,
162 656 206 691 et
228 647 379 708 aliquis
401 649 447 692 in
465 648 596 694 corde
615 664 694 695 suo
717 648 909 709 disputet
928 659 1079 696 contra
1099 665 1194 706 nos,
1212 659 1256 694 et
1275 650 1469 695 nesciens

85 717 193 778 quid
219 718 455 763 dixerimus
488 719 778 779 reprehendat
809 735 902 765 nos.
938 723 1032 766 Hoc
1059 737 1162 781 ergo
1185 722 1469 766 constitutum

85 797 150 832 est
182 788 478 834 demonstrare
506 790 653 846 vobis,
678 792 781 851 quia
809 800 853 835 et
873 794 986 835 Deus
1008 791 1112 837 colit
1134 807 1243 850 nos3
1279 791 1354 836 sed
1379 792 1469 851 jam

88 859 197 915 dixi,
221 859 332 904 sicut
354 876 528 920 agrum,
553 870 603 905 ut
625 861 823 907 meliores
850 877 928 907 nos
955 861 1100 907 faciat.
1127 863 1338 907 Dominus
1366 861 1471 906 dicit

87 928 132 973 in
154 930 391 989 Evangelio
417 951 425 976 :
451 950 471 974 «
496 934 590 991 Ego
605 947 701 976 sum
728 932 842 988 vitis,
866 948 941 978 vos
962 933 1061 978 estis
1083 942 1319 988 sarmenta,
1345 936 1470 976 Pater

89 1017 110 1042 »
143 1016 266 1046 meus
288 1011 352 1046 est
370 1002 559 1061 agricola
574 1005 633 1046 1.»
652 1002 769 1056 Quid
786 1002 889 1048 facit
905 1003 1126 1063 agricola?
1147 1007 1373 1062 Interrogo
1394 1018 1470 1047 vos

85 1071 161 1130 qui
182 1071 383 1130 agricolae
405 1073 526 1127 estis,
552 1072 660 1133 quid
688 1072 793 1118 facit
814 1073 1034 1132 agricola?
1055 1077 1169 1119 Puto
1198 1074 1298 1133 quia
1319 1088 1471 1131 agrum

36 1159 41 1182 κ
86 1140 204 1187 colit.
225 1142 269 1188 Si
287 1157 388 1201 ergo
407 1146 533 1188 Pater
550 1146 664 1188 Deus
678 1143 864 1203 agricola
882 1153 961 1199 est,
978 1144 1112 1189 habet
1128 1159 1298 1203 agrum,
1313 1152 1356 1188 et
1369 1143 1472 1187 colit

36 1228 40 1251 ι
88 1225 242 1269 agrum
265 1227 392 1256 suum
410 1248 421 1267 ‚
446 1223 489 1258 et
511 1223 707 1273 expectat
721 1213 823 1257 inde
845 1214 1054 1258 fructum.

146 1284 227 1325 III.
246 1283 441 1342 Denique
456 1283 668 1341 plantavit
691 1283 878 1339 vineam,
893 1284 952 1328 sic
966 1293 1015 1328 ut
1031 1283 1137 1328 dicit
1153 1284 1244 1342 ipse
1262 1284 1472 1328 Dominus

86 1353 209 1395 Jesus
231 1352 447 1408 Christus,
476 1361 519 1396 et
539 1352 699 1398 locavit
721 1368 814 1397 eam
834 1353 1057 1412 agricolis,
1084 1354 1160 1413 qui
1181 1353 1414 1398 redderent
1434 1354 1473 1397 ei

86 1419 280 1466 fructum
302 1423 570 1483 temporibus
592 1423 792 1483 propriis.
811 1425 868 1468 Et
884 1424 1001 1468 misit
1022 1423 1077 1468 ad
1098 1439 1170 1469 eos
1193 1439 1336 1470 servos
1354 1440 1468 1479 suos,

85 1501 135 1536 ut
155 1501 353 1552 peterent
378 1493 624 1538 mercedem
646 1494 799 1539 vineae.
828 1493 896 1537 Illi
926 1502 1072 1539 autem
1102 1493 1378 1538 contumeliis
1401 1509 1472 1538 eos

13 1546 23 1620 ¹.
88 1563 355 1619 affecerunt,
393 1563 560 1624 aliquos
598 1573 641 1608 et
677 1564 960 1619 occiderunt,
986 1574 1030 1609 et
1063 1564 1257 1609 fructum
1290 1564 1473 1609 reddere

13 1630 19 1639 ¹
87 1643 457 1694 contempserunt.
482 1633 751 1697 Misit-alios,
776 1633 878 1678 talia
901 1634 1088 1693 perpessi
1113 1643 1216 1678 sunt
1230 1637 1262 1678 2.
1288 1637 1345 1678 Et
1366 1635 1474 1678 dixit

39 1754 41 1759 ,
85 1702 158 1748 ille
176 1703 484 1763 paterfamilias
504 1739 514 1759 ‚
537 1704 679 1749 cultor
700 1704 791 1763 agri
817 1703 910 1758 sui,
931 1712 974 1747 et
997 1702 1215 1763 plantator
1244 1713 1288 1748 et
1307 1703 1473 1748 locator

13 1790 17 1800 ·
85 1775 223 1821 vineae
252 1791 376 1820 suae:
412 1775 630 1821 «Mittam
666 1775 847 1819 unicum
882 1773 1022 1818 filium
1050 1789 1222 1830 meum,
1255 1773 1366 1819 forte
1402 1774 1473 1820 vel

11 1844 16 1853 i
38 1838 42 1890 j
89 1863 110 1889 »
129 1846 273 1906 ipsum
294 1847 609 1892 verebuntur.»
623 1848 680 1890 Et
701 1845 832 1901 misit,
847 1845 1006 1905 inquit,
1026 1845 1155 1890 etiam
1170 1844 1309 1890 filium
1326 1861 1468 1890 suum.

5 1914 17 1940 ‘f
29 1923 42 1979 Ἰ
88 1919 296 1963 Dixerunt
309 1918 372 1962 illi
386 1917 504 1978 apud
518 1933 561 1962 se
579 1918 692 1977 ipsos
710 1936 719 1962 ε
741 1936 760 1959 «
773 1918 853 1961 Hic
871 1926 935 1961 est
951 1918 1104 1972 haeres,
1121 1917 1281 1972 venite,
1297 1917 1472 1962 occida-

40 2031 44 2047 ‚
90 2007 111 2031 »
145 2005 241 2035 mus
259 2005 377 2044 eum,
403 1999 446 2034 et
464 1998 610 2034 nostra
633 1990 712 2032 erit
730 1987 973 2032 haereditas.
1000 1991 1057 2032 Et
1079 1987 1334 2032 occiderunt
1352 2003 1468 2043 eum,

40 2049 43 2083 ³
92 2078 113 2102 »
147 2070 190 2104 et
211 2062 489 2120 projecerunt
510 2069 627 2104 extra
643 2060 831 2104 vineam.
852 2061 966 2104 Cum
986 2058 1154 2102 venerit
1172 2058 1382 2102 Dominus
1403 2058 1472 2103 vi-

94 2149 112 2173 »
146 2147 268 2187 neae,
289 2130 397 2190 quid
418 2129 545 2174 faciet
580 2129 663 2175 illis
691 2128 814 2174 malis
845 2128 1043 2174 colonis?
1072 2132 1345 2188 Responsum
1375 2138 1467 2173 est:

40 2226 44 2256 ¹.
91 2218 111 2243 »
146 2201 283 2247 Malos
304 2200 417 2245 male
440 2200 607 2260 perdet,
626 2210 669 2245 et
691 2201 860 2245 vineam
878 2215 996 2244 suam
1016 2198 1180 2244 locabit
1201 2198 1292 2243 aliis
1308 2201 1473 2258 agrico-

7 2328 13 2332 .
43 2287 45 2289 ’
91 2288 112 2313 ))
146 2271 214 2327 lis,
230 2272 307 2332 qui
321 2270 506 2315 reddant
518 2271 556 2314 ei
572 2270 762 2315 fructum
777 2271 824 2314 in
846 2279 1040 2329 tempore
1055 2269 1387 2314 suo.»Plantata
1410 2280 1473 2315 est

88 2341 210 2386 vinea
226 2377 236 2397 ‚
268 2341 364 2400 lege
386 2341 486 2385 data
508 2341 552 2383 in
576 2340 779 2385 cordibus
801 2339 1072 2384 Judaeorum.
1098 2340 1215 2384 Missi
1241 2350 1340 2384 sunt
1362 2344 1471 2385 Pro-

31 2407 35 2415 *
89 2414 233 2473 phetae
249 2448 260 2469 ,
291 2422 532 2473 quaerentes
556 2411 748 2457 fructum
765 2447 776 2467 ‚
802 2413 964 2456 bonam
998 2412 1130 2456 vitam
1152 2426 1302 2457 eorum
1329 2431 1337 2457 :
1362 2416 1471 2457 Pro-

36 2477 40 2486 ’
90 2484 233 2543 phetae
250 2484 304 2528 ab
324 2484 383 2529 eis
405 2483 677 2529 contumeliis
699 2483 843 2527 affecti
857 2518 867 2537 ‚
884 2492 926 2527 et
944 2482 1070 2527 occisi
1093 2492 1209 2527 sunt.
1235 2484 1390 2529 Missus
1409 2494 1472 2530 est

139 2576 146 2593 ¹
165 2573 256 2604 Joan.
278 2581 333 2612 xv,
353 2570 384 2604 5.
406 2587 446 2594 —
468 2577 480 2593 ²
499 2569 619 2603 Matth.
640 2580 706 2611 xxi,
727 2569 839 2602 33-35.
