1898 3178
372 293 510 322 SERMo
542 293 658 331 XCIX,
694 294 748 320 DE
781 294 927 322 vannis
958 295 1051 322 Luc.
1087 297 1164 323 vn.
1364 287 1445 326 545

70 358 172 402 ruit.
185 357 312 411 Quod
332 373 433 402 cum
449 357 624 403 vidisset
642 357 805 413 Simon,
819 367 976 417 putans
993 359 1076 404 hoc
1093 374 1182 404 esse
1199 359 1444 418 hominum,

69 427 208 472 voluit
224 442 313 472 esse
335 437 378 472 et
399 442 540 472 suum.
568 427 697 480 Quod
714 428 940 472 hominum
963 430 1132 488 putavit
1150 464 1160 485 ,
1181 430 1235 474 ab
1258 431 1449 476 homini-

66 497 148 542 bus
169 512 311 542 emere
331 496 484 542 voluit.
514 516 534 539 «
563 501 799 555 Quantam,
832 498 1002 558 inquit,
1029 497 1158 543 vultis
1180 516 1204 544 a
1220 514 1290 544 me
1310 516 1446 560 pecu·-

71 587 92 610 »
127 569 241 612 niam
260 584 453 623 sumere,
487 577 536 612 ut
558 583 634 628 per
655 568 975 627 impositionem
1010 585 1220 615 manuum
1253 587 1448 617 mearum

28 652 29 655 ¹
69 655 90 679 n
125 637 253 681 detur
267 639 448 697 Spiritus
460 640 661 682 sanctus?
676 640 797 681 Tunc
820 653 917 682 eum
940 639 1175 684 detestatus
1197 645 1350 688 Petrus
1364 643 1445 687 ait:

69 724 89 749 »
123 708 220 752 Non
252 715 316 751 est
334 707 414 752 tibi
434 722 530 767 pars
547 722 689 767 neque
711 722 800 752 sors
821 708 867 751 in
898 709 979 752 hac
1009 709 1110 754 fide.
1137 713 1310 755 Donum
1333 713 1447 756 enim

69 794 90 818 »
125 776 202 821 Dei
223 778 382 836 putasti
403 777 588 837 pecunia
609 777 982 836 comparandum?
1000 781 1187 824 Pecunia
1210 791 1285 825 tua
1305 791 1450 826 tecum

68 863 90 887 »
124 846 180 890 sit
203 846 250 889 in
271 846 558 904 perditionem
573 850 586 873 ²
609 865 618 891 ε
652 864 672 889 »
698 855 741 891 et
764 857 920 892 caetera
949 864 1049 908 quae
1077 849 1139 893 ibi
1160 862 1449 909 congruenter

66 915 239 961 locutus
261 925 337 961 est.

124 988 204 1030 XI.
235 988 378 1039 Quare
399 996 545 1031 autem
567 987 650 1031 hoc
671 1001 752 1045 ego
774 1002 1114 1032 commemorare
1136 989 1255 1033 volui
1274 1025 1284 1045 ‚
1304 990 1450 1035 inten-

67 1055 142 1100 dat
164 1056 361 1101 Charitas
396 1059 562 1100 Vestra.
589 1056 831 1115 Oportebat
853 1065 902 1100 ut
932 1060 1045 1101 Deus
1067 1058 1185 1116 prius
1207 1060 1454 1105 ostenderet

67 1140 112 1170 se
131 1140 207 1184 per
228 1125 425 1169 homines
453 1125 622 1184 operari
647 1144 656 1170 ι
679 1125 755 1170 sed
787 1141 864 1185 per
895 1141 939 1169 se
960 1127 1118 1171 deinde
1133 1163 1143 1182 ,
1171 1144 1225 1172 ne
1248 1139 1452 1188 putarent

69 1196 264 1240 homines
285 1230 296 1250 ,
322 1194 441 1254 quod
459 1195 629 1254 putavit
651 1196 799 1239 Simon
820 1230 829 1248 ‚
855 1196 1083 1239 hominum
1101 1196 1209 1241 illud
1234 1213 1338 1254 esse,
1362 1216 1452 1244 non

67 1266 160 1310 Dei.
187 1268 450 1324 Quanquam
473 1274 515 1310 et
536 1265 617 1324 ipsi
639 1265 846 1323 Discipuli
865 1267 955 1324 jam
978 1266 1061 1310 hoc
1090 1278 1316 1312 noverant.
1343 1273 1450 1315 Nam

66 1334 426 1393 centum-viginti
448 1334 645 1379 homines
668 1334 839 1378 collecti
853 1343 992 1389 erant,
1011 1336 1188 1393 quando
1211 1337 1255 1381 in
1283 1353 1354 1384 eos
1377 1355 1453 1398 per

67 1404 231 1449 nullius
252 1419 407 1448 manus
424 1404 746 1462 impositionem
764 1404 884 1448 venit
901 1405 1084 1462 Spiritus
1105 1415 1277 1451 sanctus
1293 1411 1326 1451 ².
1349 1411 1452 1461 Quis

67 1474 183 1518 enim
205 1483 311 1518 tunc
329 1473 388 1517 eis
410 1488 562 1517 manus
583 1474 876 1532 imposuerat?
897 1476 954 1516 Et
974 1482 1120 1517 tamen
1141 1477 1275 1531 venit,
1302 1487 1344 1520 et
1363 1480 1453 1536 pri—

69 1559 161 1589 mos
181 1543 391 1603 implevit.
435 1547 538 1586 Post
570 1542 682 1586 illud
712 1542 966 1586 scandalum
992 1543 1202 1598 Simonis,
1238 1546 1345 1604 quid
1367 1549 1454 1605 egit

68 1616 211 1659 Deus?
228 1612 382 1657 Videte
404 1612 644 1666 doctorem,
660 1627 749 1656 non
769 1612 1055 1665 sermonibus,
1073 1614 1149 1656 sed
1168 1614 1311 1659 rebus.
1330 1617 1450 1661 Idem

55 1683 160 1743 *ipse
178 1684 403 1743 Philippus
424 1717 434 1736 ,
461 1682 538 1741 qui
569 1681 863 1740 baptizaverat
882 1680 1079 1725 homines
1097 1715 1107 1735 ,
1135 1691 1179 1726 et
1196 1698 1286 1727 non
1307 1685 1352 1729 in
1380 1702 1451 1731 eos

66 1762 247 1798 venerat
275 1752 457 1811 Spiritus
487 1759 684 1805 sanctus,
716 1750 798 1793 nisi
832 1751 1134 1794 convenissent
1162 1755 1384 1811 Apostoli,
1409 1766 1452 1800 et

69 1824 128 1868 eis
156 1838 310 1868 manus
342 1821 669 1880 imposuissent,
704 1820 939 1878 baptizavit
970 1821 1222 1866 eunuchum
1240 1858 1250 1877 ,
1285 1825 1330 1868 id
1358 1835 1447 1881 est,

70 1893 304 1952 spadonem
326 1889 560 1951 quemdam
587 1888 798 1935 Candaeis
821 1888 982 1946 reginae
999 1923 1010 1943 ‚
1036 1890 1111 1948 qui
1133 1891 1385 1939 adoraverat
1406 1896 1450 1939 in

70 1962 309 2008 Jerusalem
325 1997 336 2016 ,
374 1970 416 2005 et
438 1961 606 2004 rediens
626 1958 727 2003 inde
755 1958 930 2017 legebat
956 1960 1001 2002 in
1035 1975 1166 2004 curru
1194 1977 1272 2007 suo
1295 1967 1447 2010 Isai'am

71 2034 345 2093 prophetam,
373 2039 416 2074 et
437 2045 526 2074 non
540 2028 826 2086 intelligebat.
853 2029 1112 2073 Admonitus
1130 2031 1355 2092 Philippus
1377 2051 1424 2079 ac

72 2103 196 2147 cessit
217 2100 273 2145 ad
303 2114 481 2145 currum
499 2133 510 2154 ,
548 2098 743 2157 exposuit
771 2096 1028 2152 lectionem,
1057 2098 1260 2144 instruxit
1288 2103 1416 2148 fidem
1435 2141 1445 2161 ,

98 2170 380 2230 vangelizavit
402 2169 639 2214 Christum.
664 2165 860 2211 Credidit
882 2167 1106 2211 eunuchus
1127 2168 1171 2211 in
1194 2171 1412 2218 Christum
1435 2211 1445 2230 ,

98 2252 118 2288 t
133 2243 193 2287 ait
213 2257 314 2286 cum
337 2241 553 2285 venissent
575 2238 631 2283 ad
649 2237 882 2297 quamdam
905 2253 1062 2297 aquam
1089 2257 1097 2282 :
1127 2258 1146 2280 «
1170 2242 1282 2284 Ecce
1305 2259 1415 2303 aqua
1435 2281 1445 2300 ,

87 2332 98 2356 ›
131 2313 228 2373 quis
249 2311 453 2371 prohibet
474 2324 543 2353 me
564 2309 805 2368 baptizari?
830 2309 901 2352 Ait
918 2307 980 2350 illi
1007 2308 1230 2368 Philippus
1256 2331 1264 2356 :
1292 2314 1335 2357 Si
1357 2331 1449 2360 cre-

133 2384 198 2428 dis
228 2383 273 2426 in
289 2385 437 2426 Jesum
454 2380 707 2426 Christum?
734 2377 973 2436 Respondit
997 2376 1069 2421 ille
1096 2397 1104 2422 :
1127 2381 1268 2426 Credo
1290 2384 1449 2431 Filium

132 2453 211 2498 Dei
229 2466 318 2496 esse
336 2454 483 2495 Jesum
505 2449 741 2495 Christum.
767 2448 986 2493 Continuo
1002 2447 1225 2495 descendit
1245 2467 1344 2497 cum
1375 2456 1450 2502 illo

136 2523 181 2566 in
212 2522 409 2581 aquam3.
434 2537 454 2560 »
481 2517 666 2577 Impleto
696 2517 962 2575 baptismatis
992 2519 1195 2573 mysterio
1231 2529 1274 2564 et
1306 2538 1450 2571 sacra-

127 2613 135 2629 ¹
158 2609 231 2639 Act.
251 2616 317 2646 vui,
340 2611 455 2646 19-21.
474 2619 515 2626 —
536 2609 547 2625 ²
563 2603 608 2634 Id.
633 2613 658 2641 1,
687 2600 739 2642 15,
758 2605 790 2632 et
808 2611 843 2639 11,
867 2611 896 2633 1.
921 2617 962 2623 —
983 2597 1058 2633 31d.
1077 2601 1272 2644 v111‚36-38.

239 2668 376 2699 cxxv.
1242 2658 1292 2696 35
