1898 3178
302 207 441 235 SERMO
473 206 626 243 Lxxxi,
662 207 714 232 DE
748 205 892 233 vmims
924 205 1087 233 MATTH.
1127 206 1252 231 xv111.
1390 193 1473 232 383

94 270 281 314 animam
304 285 458 314 meam.
486 273 625 313 Iratus
658 277 811 327 potens
835 269 996 314 occidit
1017 283 1174 328 corpus
1200 286 1208 312 z
1239 287 1259 310 «
1279 270 1336 312 Os
1355 267 1476 328 quod

95 357 115 380 »
151 340 386 395 mentitur,
417 337 576 384 occidit
605 337 810 383 animam.
843 357 862 381 n
895 342 1063 399 Corpus
1085 338 1269 396 oceidit3
1294 338 1477 382 moritu-

93 425 190 453 rum
213 419 305 454 erat
321 444 332 464 ‚
358 409 437 453 etsi
455 424 545 454 non
567 407 839 453 occideretur
860 428 870 454 2
893 410 1081 454 animam
1112 425 1216 454 vero
1232 424 1364 469 quam
1387 424 1477 453 non

93 480 251 524 occidit
272 480 478 541 iniquitas
494 515 505 535 ‚
536 480 583 523 in
605 489 819 524 aeternum
841 481 998 540 excipit
1026 482 1197 525 veritas.
1223 483 1353 526 Serva
1374 496 1477 539 ergo

91 550 212 611 quod
235 566 404 596 servare
440 559 562 611 potes
590 570 599 596 ε
621 559 768 610 pereat
801 552 921 610 quod
940 551 1208 612 quandoque
1235 552 1477 611 periturum

89 629 168 665 est·
192 620 497 681 Respondisti3
522 630 565 665 et
582 630 730 666 tamen
755 639 771 660 «
800 622 950 665 Omnis
972 623 1105 667 homo
1122 622 1324 677 mendax,
1345 640 1364 663 »
1388 637 1476 666 non

89 691 266 736 solvisti.
292 692 524 752 Responde
544 691 607 736 illi
627 702 670 737 et
692 690 748 736 ad
775 692 860 736 hoc
880 727 890 747 ‚
911 708 966 736 ne
983 693 1183 738 videatur
1210 693 1292 737 sibi
1312 693 1479 753 aliquid

88 761 242 806 dixisse
272 763 328 807 ad
350 762 625 807 suadendum
648 761 926 806 mendacium
941 797 952 818 ,
977 764 1272 808 testimonium
1292 763 1347 807 de
1364 767 1477 821 Lege

88 832 329 892 proferens,
343 848 502 891 urgens
523 842 565 877 te
583 833 638 877 de
660 836 775 892 Lege
798 843 950 878 contra
968 837 1144 893 Legem.
1161 838 1212 879 In
1231 838 1344 893 Lege
1361 834 1477 878 enim

88 903 296 962 scriptum
325 911 419 947 est:
450 921 470 944 «
503 903 679 948 Falsum
705 903 1004 949 testimonium
1033 921 1088 949 ne
1117 905 1263 949 dieas1
1292 924 1341 949 ι»
1367 914 1411 948 et
1431 905 1477 948 in

88 977 202 1033 Lege
224 974 431 1033 scriptum
457 983 521 1019 est
542 994 551 1019 :
576 993 596 1017 «
616 975 767 1019 Omnis
788 975 921 1020 homo
942 975 1146 1020 mendax.
1176 994 1196 1018 »
1223 976 1404 1035 Respice
1422 975 1476 1019 ad

87 1044 197 1089 illud
217 1044 338 1105 quod
372 1045 504 1104 paulo
526 1055 627 1090 ante
649 1048 930 1102 commonui,
956 1049 1136 1108 quando
1159 1048 1310 1091 mitem
1333 1048 1476 1092 homi-

87 1130 187 1159 nem
210 1115 354 1160 verbis
375 1116 538 1175 quibus
559 1117 701 1176 potui,
723 1116 968 1162 terminavi.
985 1118 1103 1162 Mitis
1126 1126 1205 1173 est,
1226 1118 1297 1162 cui
1314 1117 1360 1161 in
1381 1133 1476 1161 om·-

85 1185 216 1230 nibus
237 1202 336 1246 quae
358 1186 470 1230 bene
491 1185 595 1231 facit
610 1221 621 1242 ‚
647 1202 737 1231 non
769 1186 912 1246 placet
933 1187 1013 1231 nisi
1035 1190 1149 1232 Deus
1167 1208 1178 1245 3
1205 1187 1250 1231 in
1271 1187 1475 1232 omnibus

84 1271 185 1315 quae
208 1255 321 1300 male
358 1256 544 1315 patitur,
585 1272 675 1300 non
704 1256 905 1315 displicet
931 1260 1061 1301 Deus.
1084 1260 1178 1302 Hoc
1201 1272 1304 1317 ergo
1325 1258 1365 1301 ei
1386 1273 1476 1301 res-

85 1325 230 1385 ponde
247 1361 258 1380 ‚
295 1326 372 1386 qui
394 1327 500 1371 dicit
521 1345 529 1371 :
557 1327 744 1370 Mentire
761 1362 772 1381 ‚
795 1327 898 1386 quia
919 1328 1130 1386 seriptum
1153 1337 1217 1372 est
1243 1348 1251 1373 :
1277 1348 1296 1370 «
1322 1328 1475 1372 Omnis

87 1414 107 1438 »
143 1396 277 1440 homo
298 1395 500 1439 mendax.
526 1414 545 1436 »
566 1399 663 1440 Non
685 1397 873 1441 mentior
888 1432 899 1451 ‚
920 1398 1021 1457 quia
1043 1398 1254 1457 scriptum
1268 1408 1354 1443 est:
1374 1418 1394 1441 «
1416 1400 1474 1442 Os

88 1484 108 1507 »
143 1465 263 1524 quod
286 1464 522 1520 mentitur,
554 1464 714 1509 occidit
734 1466 938 1509 animam.
969 1483 989 1507 »
1015 1469 1114 1512 Non
1134 1468 1346 1523 mentior,
1372 1469 1474 1528 quia

84 1536 294 1595 scriptum
327 1545 392 1579 est
417 1555 426 1580 2
467 1554 487 1577 «
526 1534 684 1579 Perdes
720 1550 869 1580 omnes
905 1536 982 1595 qui
1016 1535 1260 1596 loquuntur
1293 1538 1475 1582 menda—

87 1625 106 1648 »
142 1606 259 1651 cium
277 1610 309 1650 ².
334 1624 354 1647 »
378 1608 477 1651 Non
514 1606 729 1661 mentior,
754 1605 856 1665 quia
886 1607 1090 1663 scriptum
1124 1615 1188 1650 est
1214 1626 1222 1651 :
1251 1626 1270 1648 «
1297 1607 1472 1652 Falsum

86 1696 106 1719 »
140 1678 438 1722 testimonium
457 1674 556 1721 non'
568 1675 699 1720 dices.
727 1694 747 1716 »
774 1678 930 1734 Urgeat
945 1675 1046 1720 licet
1069 1677 1277 1735 pressuris
1298 1693 1472 1722 carnem

82 1763 223 1792 meam
246 1747 317 1792 cui
339 1746 547 1806 displiceo
569 1746 614 1789 in
636 1746 817 1791 veritate
843 1765 851 1789 ε
879 1746 1011 1791 audio
1035 1747 1270 1791 Dominum
1293 1763 1439 1793 meum
1459 1770 1469 1806 3

87 1835 108 1858 «
140 1817 283 1860 Nolite
305 1817 454 1875 timere
472 1832 543 1855 eos
560 1850 571 1866 ⁷
591 1817 667 1870 qui
691 1831 848 1869 corpus
871 1816 1126 1861 occidunt³.
1155 1834 1175 1856 n

143 1888 220 1930 VI.
256 1883 486 1938 Quomodo
507 1897 609 1940 ergo
631 1882 771 1926 omnis
793 1881 926 1925 homo
944 1881 1130 1924 mendax
1142 1881 1160 1923 P
1172 1882 1240 1924 An
1255 1881 1366 1925 forte
1382 1896 1472 1926 non

84 1974 128 2003 es
148 1958 309 2003 homo?
331 1954 563 2015 Responde
586 1954 695 2009 cito,
722 1962 766 1997 et
786 1967 940 1996 verum
963 1970 971 1996 :
1000 1954 1057 1995 Et
1086 1952 1218 1996 homo
1243 1967 1335 1996 non
1362 1953 1440 1996 sim
1458 1989 1468 2008 ‚

85 2044 141 2073 ne
161 2026 349 2072 mendax
377 2026 472 2070 sim.
503 2025 660 2069 Videte
684 2024 801 2068 enim
827 2042 836 2067 ι
863 2025 1016 2066 «Deus
1043 2021 1097 2066 de
1118 2021 1232 2066 coelo
1255 2024 1474 2082 prospexit

88 2117 108 2141 »
143 2114 272 2158 super
293 2097 404 2142 filios
425 2097 678 2150 hominum,
693 2103 744 2139 ut
759 2093 926 2139 videret
947 2094 982 2138 si
1004 2102 1067 2138 est
1087 2092 1334 2152 intelligens
1347 2103 1391 2138 et
1408 2110 1471 2139 re-

88 2187 108 2210 »
143 2170 320 2228 quirens
330 2172 485 2213 Deum.
500 2168 661 2211 Omnes
675 2164 1022 2219 declinaverunt,
1035 2163 1167 2207 simul
1183 2163 1358 2207 inutiles
1369 2163 1472 2209 facti

23 2289 28 2293 ,
87 2248 213 2285 sunt:
237 2240 360 2283 «Non
374 2238 519 2296 estqui
529 2237 661 2283 faciat
673 2237 857 2291 bonum,
876 2251 965 2280 non
974 2244 1038 2279 est
1054 2234 1468 2295 usqueadunum4.»

89 2310 259 2364 Quare?
281 2308 393 2361 Quia
415 2306 493 2350 filii
508 2306 738 2351 hominum
759 2322 848 2351 esse
873 2305 1124 2351 voluerunt.
1153 2307 1209 2349 Ut
1232 2314 1377 2349 autem
1399 2321 1471 2351 eos

89 2382 145 2426 ab
159 2381 225 2425 his
240 2377 546 2439 iniquitatibus
566 2375 763 2431 tolleret,
784 2378 1035 2430 redimeret,
1061 2384 1253 2431 curaret,
1273 2386 1469 2433 sanaret,

90 2460 278 2498 mutaret
308 2449 421 2495 filios
458 2447 708 2503 hominum,
738 2446 861 2492 dedit
894 2446 953 2490 eis
984 2454 1242 2506 potestatem
1262 2447 1373 2492 filios
1394 2449 1471 2493 Dei

138 2544 147 2562 ¹
166 2541 262 2571 Deut.
280 2547 312 2579 v,
329 2544 381 2570 20.
401 2551 443 2558 -
463 2540 476 2558 ²
491 2532 571 2567 Psal.
592 2543 624 2574 v,
645 2543 676 2575 7.
694 2549 737 2556 —
752 2530 766 2556 3
780 2531 903 2565 Matth.
919 2541 954 2573 x,
968 2530 1023 2564 28.
1039 2547 1080 2557 --
1099 2531 1115 2560 4
1138 2531 1220 2566 Psal.
1239 2542 1307 2575 xm,
1325 2541 1360 2575 2,
1380 2533 1410 2566 3.
