1898 3178
298 325 437 352 sEnMo
468 323 576 360 xcv,
612 323 664 349 DE
698 321 843 350 vssnms
874 322 1002 350 MAnc.
1038 324 1133 350 vm.
1317 313 1399 351 515

28 388 236 434 Dominus
266 390 341 449 qui
377 390 490 432 hauc
523 386 773 447 parabolam
805 388 1055 447 proposuit,
1092 390 1279 448 Sponsus
1310 389 1400 448 ipse

26 457 209 504 convivii
230 465 491 502 convocator
508 463 552 500 et
573 456 854 501 convivarum
872 457 1131 513 vivificator,
1164 458 1255 518 ipse
1276 459 1401 504 nobis

27 527 239 587 exposuit,
257 528 357 587 quia
377 527 511 571 homo
530 525 603 570 ille
624 541 714 570 non
737 539 876 570 unum
896 527 1118 572 hominem
1139 526 1351 588 significat
1365 531 1398 585 ¹,

26 597 100 642 sed
127 596 311 652 multos,
342 598 403 641 ibi
421 633 432 652 ,
462 598 508 641 in
527 597 622 657 ipso
644 596 770 650 loco,
803 598 849 640 in
881 596 1031 641 cadem
1060 599 1280 657 parabola.
1304 602 1402 645 Nou

34 681 77 711 -ο
97 666 253 725 longe,
283 667 345 710 ibi
364 682 558 726 expono,
587 666 645 710 ibi
676 665 833 724 frango
858 675 901 710 et
933 666 1289 713 manducandum
1322 684 1401 729 ap-

27 750 154 781 Ιιοῐιο.
179 737 252 780 Ait
272 737 410 792 enim,
447 747 547 780 curn
580 735 683 779 inde
711 735 866 780 missus
891 746 1000 781 esset
1021 737 1094 781 ille
1120 753 1209 783 non
1237 739 1402 784 habens

50 884 150 921 utus
182 873 378 936 adjunxit
411 895 419 920 :
451 894 471 917 «
496 876 625 921 Multi
661 875 778 919 enim
809 886 911 921 sunt
938 879 1106 933 vocati,
1142 880 1269 937 pauci
1300 895 1403 924 vero

37 965 48 990 ›
81 945 248 991 electi2.
275 964 294 987 n
321 949 466 991 Unum
484 946 587 990 hinc
609 946 844 1006 projecisti,
862 956 905 991 et
924 946 1028 992 dicis
1056 966 1065 992 :
1094 965 1114 990 «
1138 946 1267 993 Multi
1288 949 1403 993 enim

37 1035 48 1059 ›
80 1025 181 1060 sunt
200 1016 368 1071 vocati,
394 1016 521 1075 pauci
536 1015 675 1059 electi.
705 1034 725 1056 »
754 1015 854 1060 Sine
886 1015 1025 1061 dubio
1046 1017 1170 1061 electi
1190 1033 1280 1063 non
1302 1028 1404 1063 sunt

0 1084 2 1094 '
35 1106 45 1126 ι
75 1086 229 1146 ejecti:
253 1095 297 1130 et
315 1086 396 1145 ipsi
419 1093 541 1129 erant
572 1085 699 1143 pauci
719 1084 795 1144 qui
827 1084 1149 1131 discumbentes
1186 1103 1402 1133 remanse-

45 1164 119 1200 ant
135 1175 146 1214 3
161 1164 205 1200 et
221 1155 349 1199 multi
371 1164 493 1198 erant
510 1156 554 1198 in
571 1153 649 1198 illo
669 1169 776 1209 uno,
795 1155 898 1214 quia
920 1155 993 1198 ille
1014 1169 1126 1200 unus
1148 1173 1287 1202 unum
1306 1174 1404 1204 cor-

39 1247 45 1265 ·
85 1241 104 1269 s
121 1225 334 1270 malorum
356 1233 441 1279 est,
465 1225 644 1284 quinon
667 1223 797 1267 habet
814 1232 977 1268 vestem
995 1227 1252 1285 nuptialem.

62 1298 162 1340 VH.
176 1295 293 1348 Quid
305 1305 368 1338 est
383 1295 511 1339 vestis
527 1293 733 1352 nuptialis
747 1295 790 1337 3?
805 1294 1062 1345 Quaeramus
1083 1296 1201 1342 illam
1216 1299 1261 1342 in
1270 1300 1406 1344 Litte-

47 1367 56 1375 “
100 1366 272 1410 sanctis.
289 1365 401 1418 Quid
421 1373 485 1408 est
501 1364 628 1409 vestis
643 1363 878 1423 nuptialis?
901 1365 1001 1409 Sine
1015 1365 1150 1412 dubio
1166 1368 1331 1429 aliquid
1344 1380 1407 1416 est

54 1446 55 1450 ’
93 1454 133 1478 a·
159 1436 261 1481 mali
294 1443 337 1479 et
368 1436 473 1480 boni
494 1449 728 1479 commune
747 1448 837 1478 non
865 1436 1030 1480 habent
1057 1456 1066 1482 :
1094 1438 1177 1482 hoc
1205 1440 1403 1485 invenia-

53 1522 122 1553 us
139 1543 150 1563 ,
175 1517 217 1551 et
239 1507 481 1550 invenimus
503 1514 666 1549 vestem
701 1504 957 1564 nuptialem.
984 1509 1036 1551 In
1055 1506 1179 1552 donis
1202 1511 1278 1554 Dei
1297 1512 1405 1571 quid

49 1663 58 1688 ἰ
116 1663 160 1692 es
192 1662 339 1692 sumus
362 1655 405 1690 et
432 1657 700 1707 pecora-non
721 1658 892 1698 sumus,
913 1646 991 1688 Dei
1021 1648 1187 1691 donum
1210 1660 1273 1694 est
1295 1671 1303 1696 :
1330 1653 1406 1697 sed

59 1738 79 1758 ω
102 1731 258 1761 'mune'
271 1717 354 1760 hoc
371 1730 472 1760 cum
486 1714 610 1759 bonis
625 1722 668 1757 et
681 1712 803 1757 malis
813 1714 845 1757 4.
862 1713 990 1766 Quod
1005 1716 1130 1760 nobis
1143 1717 1218 1762 lux
1226 1719 1281 1763 de
1294 1723 1407 1767 coelo

54 1808 57 1828 ι
75 1788 86 1796 '
110 1804 183 1843 ur,
215 1788 270 1831 de
286 1786 407 1830 nube
422 1785 582 1845 pluviae·
601 1783 871 1828 descendunt
888 1818 899 1839 ‚
920 1782 1063 1829 fontes
1091 1799 1291 1845 manant,
1317 1794 1408 1851 agri

78 1859 311 1913 ctificarrt,
337 1857 452 1902 dona
475 1865 601 1910 sunt,
631 1854 707 1899 sed
737 1854 861 1899 bonis
893 1855 1104 1916 malisque
1140 1863 1403 1908 communia,

92 1944 243 1974 remus
269 1929 324 1973 ad
351 1928 546 1988 nuptias,
584 1924 687 1969 foris
721 1924 824 1969 alios
857 1924 1181 1985 relinquamus,
1211 1932 1287 1990 qui
1316 1948 1407 1979 non

64 2018 71 2026 ⁴
90 2009 240 2044 erunt
261 1999 417 2043 vocati.
445 2000 565 2056 Ipsos
583 1995 809 2050 convivas,
834 1994 881 2038 id
898 2004 960 2039 est
977 1997 1240 2044 Christianos
1262 2006 1408 2049 consi-

111 2082 239 2113 ·m-us-.
263 2066 574 2168 Baptismum
554 2065 719 2108 donum
733 2030 820 2149 Dei
847 2074 942 2162 est,
954 2065 1120 2110 habent
1149 2067 1274 2115 illum
1301 2072 1408 2120 boni

31 2361 37 2370 ⁴
69 2370 73 2387 ι
86 2359 188 2394 ntur
202 2326 377 2393 credere
392 2346 470 2391 soli
486 2346 621 2390 boni?
635 2348 722 2389 «Et
737 2344 955 2390 daemones
968 2347 1168 2405 credunt,
1184 2362 1227 2396 et
1239 2366 1364 2401 conti
1366 2374 1407 2403 e-

73 2421 296 2465 miscunt⁵.
311 2437 331 2461 »
358 2417 471 2471 Quid
484 2415 618 2460 facio?
631 2417 807 2460 Excussi
819 2416 980 2474 omnia,
991 2428 1033 2461 et
1044 2420 1099 2462 ad
1110 2431 1271 2468 vestem
1287 2426 1405 2476 illam

74 2491 224 2536 ndum
241 2488 432 2549 perveni.
456 2485 737 2532 involucrum
748 2502 895 2531 meum
920 2487 1143 2547 explicavi,
1170 2497 1314 2542 omnia
1335 2502 1404 2546 vel

0 2647 35 2673 1th
65 2630 70 2668 3
91 2641 109 2675 4
134 2643 209 2676 Vide
225 2651 320 2684 supra
336 2642 438 2674 Serm.
460 2649 515 2680 xc,
533 2649 564 2671 n.
589 2638 608 2670 5
627 2643 658 2670 et
674 2647 742 2680 seq.
761 2654 803 2661 —
820 2636 835 2661 5
850 2638 965 2672 Jacob.
990 2650 1024 2682 n,
1047 2652 1096 2684 19.

65 2669 73 2744 ἒ

1176 2699 1241 2740 33.
