<?xml version="1.0" encoding="UTF-8"?>
<!DOCTYPE html PUBLIC "-//W3C//DTD XHTML 1.0 Transitional//EN"
    "http://www.w3.org/TR/xhtml1/DTD/xhtml1-transitional.dtd">
<html xmlns="http://www.w3.org/1999/xhtml" xml:lang="en" lang="en">
 <head>
  <title>
</title>
<meta http-equiv="Content-Type" content="text/html;charset=utf-8" />
  <meta name='ocr-system' content='tesseract 3.04.00' />
  <meta name='ocr-capabilities' content='ocr_page ocr_carea ocr_par ocr_line ocrx_word'/>
</head>
<body>
  <div class='ocr_page' id='page_1' title='image "./operaomniaaccura18auguuoft_0449.png"; bbox 0 0 1898 3178; ppageno 0'>
   <div class='ocr_carea' id='block_1_1' title="bbox 331 265 1468 315">
    <p class='ocr_par' dir='ltr' id='par_1_1' title="bbox 331 265 1468 315">
     <span class='ocr_line' id='line_1_1' title="bbox 331 265 1468 315; baseline -0.001 -10"><span class='ocrx_word' id='word_1_1' title='bbox 331 277 468 305; x_wconf 66' lang='lat' dir='ltr'>semro</span> <span class='ocrx_word' id='word_1_2' title='bbox 501 277 696 315; x_wconf 67' lang='lat' dir='ltr'>LXXXVII,</span> <span class='ocrx_word' id='word_1_3' title='bbox 733 280 785 305; x_wconf 65' lang='lat' dir='ltr'>ni:</span> <span class='ocrx_word' id='word_1_4' title='bbox 818 279 962 307; x_wconf 70' lang='lat' dir='ltr'>VERBIS</span> <span class='ocrx_word' id='word_1_5' title='bbox 994 277 1156 305; x_wconf 67' lang='grc' dir='ltr'><strong>ΜΑΤΤΠ.</strong></span> <span class='ocrx_word' id='word_1_6' title='bbox 1192 276 1259 303; x_wconf 75' lang='lat' dir='ltr'>xx.</span> <span class='ocrx_word' id='word_1_7' title='bbox 1385 265 1468 304; x_wconf 72' lang='lat'>437</span> 
     </span>
    </p>
   </div>
   <div class='ocr_carea' id='block_1_2' title="bbox 0 343 1479 2516">
    <p class='ocr_par' dir='ltr' id='par_1_2' title="bbox 0 343 1477 975">
     <span class='ocr_line' id='line_1_2' title="bbox 99 343 1468 398; baseline -0.001 -10"><span class='ocrx_word' id='word_1_8' title='bbox 99 343 228 388; x_wconf 89' lang='lat' dir='ltr'>hodie</span> <span class='ocrx_word' id='word_1_9' title='bbox 251 378 261 398; x_wconf 91' lang='lat'>,</span> <span class='ocrx_word' id='word_1_10' title='bbox 288 353 330 387; x_wconf 86' lang='lat' dir='ltr'>et</span> <span class='ocrx_word' id='word_1_11' title='bbox 360 359 447 387; x_wconf 86' lang='lat' dir='ltr'>non</span> <span class='ocrx_word' id='word_1_12' title='bbox 476 345 600 387; x_wconf 83' lang='lat' dir='ltr'>cras?</span> <span class='ocrx_word' id='word_1_13' title='bbox 620 345 699 386; x_wconf 89' lang='lat' dir='ltr'>Eat</span> <span class='ocrx_word' id='word_1_14' title='bbox 722 344 956 389; x_wconf 76' lang='lat' dir='ltr'>hodiernus</span> <span class='ocrx_word' id='word_1_15' title='bbox 978 344 1067 388; x_wconf 88' lang='lat' dir='ltr'>dies</span> <span class='ocrx_word' id='word_1_16' title='bbox 1089 344 1197 387; x_wconf 87' lang='lat' dir='ltr'>sicut</span> <span class='ocrx_word' id='word_1_17' title='bbox 1216 343 1442 387; x_wconf 78' lang='lat' dir='ltr'>hesternus</span> <span class='ocrx_word' id='word_1_18' title='bbox 1458 377 1468 397; x_wconf 90' lang='lat'>,</span> 
     </span>
     <span class='ocr_line' id='line_1_3' title="bbox 93 412 1469 474; baseline -0.001 -16"><span class='ocrx_word' id='word_1_19' title='bbox 93 415 147 458; x_wconf 90' lang='lat' dir='ltr'>sit</span> <span class='ocrx_word' id='word_1_20' title='bbox 179 414 224 457; x_wconf 91' lang='lat' dir='ltr'>in</span> <span class='ocrx_word' id='word_1_21' title='bbox 257 414 515 474; x_wconf 87' lang='lat' dir='ltr'>nequissima</span> <span class='ocrx_word' id='word_1_22' title='bbox 552 412 801 472; x_wconf 87' lang='lat' dir='ltr'>voluptate,</span> <span class='ocrx_word' id='word_1_23' title='bbox 832 415 885 459; x_wconf 89' lang='lat' dir='ltr'>sit</span> <span class='ocrx_word' id='word_1_24' title='bbox 906 416 950 458; x_wconf 91' lang='lat' dir='ltr'>in</span> <span class='ocrx_word' id='word_1_25' title='bbox 972 414 1237 472; x_wconf 85' lang='lat' dir='ltr'>flagitiorum</span> <span class='ocrx_word' id='word_1_26' title='bbox 1274 413 1469 472; x_wconf 77' lang='lat' dir='ltr'>gurgite,</span> 
     </span>
     <span class='ocr_line' id='line_1_4' title="bbox 0 483 1473 547; baseline 0 -19"><span class='ocrx_word' id='word_1_27' title='bbox 0 503 20 547; x_wconf 40' lang='grc' dir='ltr'>ᾗ,</span> <span class='ocrx_word' id='word_1_28' title='bbox 92 484 313 530; x_wconf 89' lang='lat' dir='ltr'>volutetur</span> <span class='ocrx_word' id='word_1_29' title='bbox 348 485 394 528; x_wconf 83' lang='lat' dir='ltr'>in</span> <span class='ocrx_word' id='word_1_30' title='bbox 425 483 645 529; x_wconf 84' lang='lat' dir='ltr'>mortifera</span> <span class='ocrx_word' id='word_1_31' title='bbox 675 485 962 530; x_wconf 79' lang='lat' dir='ltr'>delectatione</span> <span class='ocrx_word' id='word_1_32' title='bbox 989 505 997 530; x_wconf 93' lang='lat'>:</span> <span class='ocrx_word' id='word_1_33' title='bbox 1036 501 1127 529; x_wconf 86' lang='lat' dir='ltr'>cras</span> <span class='ocrx_word' id='word_1_34' title='bbox 1150 493 1403 539; x_wconf 85' lang='lat' dir='ltr'>convertar,</span> <span class='ocrx_word' id='word_1_35' title='bbox 1429 493 1473 529; x_wconf 89' lang='lat' dir='ltr'>et</span> 
     </span>
     <span class='ocr_line' id='line_1_5' title="bbox 92 555 1473 616; baseline -0.001 -15"><span class='ocrx_word' id='word_1_36' title='bbox 92 557 189 601; x_wconf 88' lang='lat' dir='ltr'>finis</span> <span class='ocrx_word' id='word_1_37' title='bbox 209 564 286 600; x_wconf 91' lang='lat' dir='ltr'>est.</span> <span class='ocrx_word' id='word_1_38' title='bbox 313 555 618 616; x_wconf 86' lang='lat' dir='ltr'>Respondetur</span> <span class='ocrx_word' id='word_1_39' title='bbox 645 556 724 600; x_wconf 82' lang='lat' dir='ltr'>tibi</span> <span class='ocrx_word' id='word_1_40' title='bbox 755 575 764 600; x_wconf 91' lang='lat'><strong>:</strong></span> <span class='ocrx_word' id='word_1_41' title='bbox 791 558 925 616; x_wconf 84' lang='lat' dir='ltr'>Cujus</span> <span class='ocrx_word' id='word_1_42' title='bbox 962 557 1021 600; x_wconf 90' lang='lat' dir='ltr'>rei</span> <span class='ocrx_word' id='word_1_43' title='bbox 1052 557 1180 600; x_wconf 81' lang='lat' dir='ltr'>finis?</span> <span class='ocrx_word' id='word_1_44' title='bbox 1203 556 1316 601; x_wconf 85' lang='lat' dir='ltr'>Dicis</span> <span class='ocrx_word' id='word_1_45' title='bbox 1343 575 1352 600; x_wconf 78' lang='lat' dir='ltr'>z</span> <span class='ocrx_word' id='word_1_46' title='bbox 1379 556 1473 600; x_wconf 92' lang='lat' dir='ltr'>Ini—</span> 
     </span>
     <span class='ocr_line' id='line_1_6' title="bbox 93 626 1473 688; baseline 0.001 -18"><span class='ocrx_word' id='word_1_47' title='bbox 93 626 309 687; x_wconf 89' lang='lat' dir='ltr'>quitatum</span> <span class='ocrx_word' id='word_1_48' title='bbox 338 643 546 672; x_wconf 84' lang='lat' dir='ltr'>mearum.</span> <span class='ocrx_word' id='word_1_49' title='bbox 575 630 714 683; x_wconf 88' lang='lat' dir='ltr'>Bene,</span> <span class='ocrx_word' id='word_1_50' title='bbox 741 628 905 687; x_wconf 83' lang='lat' dir='ltr'>gaude,</span> <span class='ocrx_word' id='word_1_51' title='bbox 932 628 1033 688; x_wconf 86' lang='lat' dir='ltr'>quia</span> <span class='ocrx_word' id='word_1_52' title='bbox 1055 627 1241 671; x_wconf 87' lang='lat' dir='ltr'>crastino</span> <span class='ocrx_word' id='word_1_53' title='bbox 1264 627 1473 687; x_wconf 89' lang='lat' dir='ltr'>iniquita-</span> 
     </span>
     <span class='ocr_line' id='line_1_7' title="bbox 92 697 1476 751; baseline -0.001 -9"><span class='ocrx_word' id='word_1_54' title='bbox 92 706 187 742; x_wconf 85' lang='lat' dir='ltr'>tum</span> <span class='ocrx_word' id='word_1_55' title='bbox 219 707 393 742; x_wconf 89' lang='lat' dir='ltr'>tuarum</span> <span class='ocrx_word' id='word_1_56' title='bbox 428 698 507 742; x_wconf 87' lang='lat' dir='ltr'>erit</span> <span class='ocrx_word' id='word_1_57' title='bbox 540 698 650 742; x_wconf 88' lang='lat' dir='ltr'>finis.</span> <span class='ocrx_word' id='word_1_58' title='bbox 682 697 800 751; x_wconf 89' lang='lat' dir='ltr'>Quid</span> <span class='ocrx_word' id='word_1_59' title='bbox 835 698 869 742; x_wconf 92' lang='lat' dir='ltr'>si</span> <span class='ocrx_word' id='word_1_60' title='bbox 890 707 989 742; x_wconf 92' lang='lat' dir='ltr'>ante</span> <span class='ocrx_word' id='word_1_61' title='bbox 1012 699 1247 742; x_wconf 89' lang='lat' dir='ltr'>crastinum</span> <span class='ocrx_word' id='word_1_62' title='bbox 1268 706 1369 742; x_wconf 90' lang='lat' dir='ltr'>tuus</span> <span class='ocrx_word' id='word_1_63' title='bbox 1393 697 1476 741; x_wconf 89' lang='lat' dir='ltr'>erit</span> 
     </span>
     <span class='ocr_line' id='line_1_8' title="bbox 92 769 1477 829; baseline 0 -17"><span class='ocrx_word' id='word_1_64' title='bbox 92 769 188 812; x_wconf 91' lang='lat' dir='ltr'>finis</span> <span class='ocrx_word' id='word_1_65' title='bbox 205 770 223 812; x_wconf 73' lang='grc' dir='ltr'><strong><em>Ρ</em></strong></span> <span class='ocrx_word' id='word_1_66' title='bbox 239 771 355 828; x_wconf 85' lang='lat' dir='ltr'>Ergo</span> <span class='ocrx_word' id='word_1_67' title='bbox 377 769 487 812; x_wconf 90' lang='lat' dir='ltr'>bene</span> <span class='ocrx_word' id='word_1_68' title='bbox 505 769 683 829; x_wconf 90' lang='lat' dir='ltr'>quidem</span> <span class='ocrx_word' id='word_1_69' title='bbox 707 769 883 828; x_wconf 84' lang='lat' dir='ltr'>gaudes,</span> <span class='ocrx_word' id='word_1_70' title='bbox 909 769 1010 829; x_wconf 89' lang='lat' dir='ltr'>quia</span> <span class='ocrx_word' id='word_1_71' title='bbox 1028 778 1206 828; x_wconf 90' lang='lat' dir='ltr'>propter</span> <span class='ocrx_word' id='word_1_72' title='bbox 1226 769 1477 829; x_wconf 86' lang='lat' dir='ltr'>iniquitates</span> 
     </span>
     <span class='ocr_line' id='line_1_9' title="bbox 93 839 1477 900; baseline 0 -18"><span class='ocrx_word' id='word_1_73' title='bbox 93 848 186 883; x_wconf 88' lang='lat' dir='ltr'>tuas</span> <span class='ocrx_word' id='word_1_74' title='bbox 203 854 410 884; x_wconf 89' lang='lat' dir='ltr'>converso</span> <span class='ocrx_word' id='word_1_75' title='bbox 433 839 513 883; x_wconf 91' lang='lat' dir='ltr'>tibi</span> <span class='ocrx_word' id='word_1_76' title='bbox 529 839 847 899; x_wconf 85' lang='lat' dir='ltr'>indulgentiam</span> <span class='ocrx_word' id='word_1_77' title='bbox 878 842 994 884; x_wconf 87' lang='lat' dir='ltr'>Deus</span> <span class='ocrx_word' id='word_1_78' title='bbox 1011 839 1208 900; x_wconf 86' lang='lat' dir='ltr'>promisit</span> <span class='ocrx_word' id='word_1_79' title='bbox 1228 859 1237 884; x_wconf 91' lang='lat'>·.</span> <span class='ocrx_word' id='word_1_80' title='bbox 1262 839 1337 883; x_wconf 88' lang='lat' dir='ltr'>sed</span> <span class='ocrx_word' id='word_1_81' title='bbox 1360 854 1477 883; x_wconf 88' lang='lat' dir='ltr'>cras-</span> 
     </span>
     <span class='ocr_line' id='line_1_10' title="bbox 0 909 1477 975; baseline -0.001 -21"><span class='ocrx_word' id='word_1_82' title='bbox 0 942 18 975; x_wconf 51' lang='grc' dir='ltr'><strong>η</strong></span> <span class='ocrx_word' id='word_1_83' title='bbox 92 910 232 954; x_wconf 91' lang='lat' dir='ltr'>tinum</span> <span class='ocrx_word' id='word_1_84' title='bbox 259 909 374 954; x_wconf 90' lang='lat' dir='ltr'>diem</span> <span class='ocrx_word' id='word_1_85' title='bbox 393 910 472 954; x_wconf 87' lang='lat' dir='ltr'>tibi</span> <span class='ocrx_word' id='word_1_86' title='bbox 488 926 616 955; x_wconf 90' lang='lat' dir='ltr'>nemo</span> <span class='ocrx_word' id='word_1_87' title='bbox 638 911 850 971; x_wconf 86' lang='lat' dir='ltr'>promisit.</span> <span class='ocrx_word' id='word_1_88' title='bbox 874 914 963 955; x_wconf 87' lang='lat' dir='ltr'>Aut</span> <span class='ocrx_word' id='word_1_89' title='bbox 978 912 1012 955; x_wconf 90' lang='lat' dir='ltr'>si</span> <span class='ocrx_word' id='word_1_90' title='bbox 1034 909 1146 955; x_wconf 89' lang='lat' dir='ltr'>forte</span> <span class='ocrx_word' id='word_1_91' title='bbox 1168 910 1362 969; x_wconf 85' lang='lat' dir='ltr'>promisit</span> <span class='ocrx_word' id='word_1_92' title='bbox 1380 925 1477 953; x_wconf 90' lang='lat' dir='ltr'>ma-</span> 
     </span>
    </p>

    <p class='ocr_par' dir='ltr' id='par_1_3' title="bbox 69 979 1477 1112">
     <span class='ocr_line' id='line_1_11' title="bbox 92 979 1477 1041; baseline -0.001 -18"><span class='ocrx_word' id='word_1_93' title='bbox 92 980 366 1035; x_wconf 84' lang='lat' dir='ltr'>thematicus,</span> <span class='ocrx_word' id='word_1_94' title='bbox 387 979 515 1040; x_wconf 87' lang='lat' dir='ltr'>longe</span> <span class='ocrx_word' id='word_1_95' title='bbox 539 980 658 1025; x_wconf 88' lang='lat' dir='ltr'>aliud</span> <span class='ocrx_word' id='word_1_96' title='bbox 681 990 744 1025; x_wconf 89' lang='lat' dir='ltr'>est</span> <span class='ocrx_word' id='word_1_97' title='bbox 758 996 889 1041; x_wconf 90' lang='lat' dir='ltr'>quam</span> <span class='ocrx_word' id='word_1_98' title='bbox 904 984 1034 1025; x_wconf 90' lang='lat' dir='ltr'>Deus.</span> <span class='ocrx_word' id='word_1_99' title='bbox 1055 980 1217 1025; x_wconf 89' lang='lat' dir='ltr'>Multos</span> <span class='ocrx_word' id='word_1_100' title='bbox 1234 980 1477 1024; x_wconf 85' lang='lat' dir='ltr'>mathema-</span> 
     </span>
     <span class='ocr_line' id='line_1_12' title="bbox 69 1048 1475 1112; baseline 0 -19"><span class='ocrx_word' id='word_1_101' title='bbox 69 1083 71 1086; x_wconf 48' lang='lat'>&lt;</span> <span class='ocrx_word' id='word_1_102' title='bbox 94 1050 164 1094; x_wconf 87' lang='lat' dir='ltr'>tici</span> <span class='ocrx_word' id='word_1_103' title='bbox 178 1048 445 1105; x_wconf 80' lang='lat' dir='ltr'>fefellerunt,</span> <span class='ocrx_word' id='word_1_104' title='bbox 462 1051 564 1111; x_wconf 85' lang='lat' dir='ltr'>quia</span> <span class='ocrx_word' id='word_1_105' title='bbox 586 1059 627 1096; x_wconf 85' lang='lat' dir='ltr'>et</span> <span class='ocrx_word' id='word_1_106' title='bbox 650 1052 730 1096; x_wconf 86' lang='lat' dir='ltr'>sibi</span> <span class='ocrx_word' id='word_1_107' title='bbox 751 1051 1011 1112; x_wconf 88' lang='lat' dir='ltr'>plerumque</span> <span class='ocrx_word' id='word_1_108' title='bbox 1028 1052 1148 1096; x_wconf 87' lang='lat' dir='ltr'>lucra</span> <span class='ocrx_word' id='word_1_109' title='bbox 1166 1051 1475 1111; x_wconf 89' lang='lat' dir='ltr'>promiserunt,</span> 
     </span>
    </p>

    <p class='ocr_par' dir='ltr' id='par_1_4' title="bbox 0 1121 1479 2516">
     <span class='ocr_line' id='line_1_13' title="bbox 91 1121 1477 1182; baseline 0.001 -19"><span class='ocrx_word' id='word_1_110' title='bbox 91 1129 133 1164; x_wconf 89' lang='lat' dir='ltr'>et</span> <span class='ocrx_word' id='word_1_111' title='bbox 156 1121 312 1164; x_wconf 86' lang='lat' dir='ltr'>damna</span> <span class='ocrx_word' id='word_1_112' title='bbox 336 1121 613 1166; x_wconf 90' lang='lat' dir='ltr'>invenerunt.</span> <span class='ocrx_word' id='word_1_113' title='bbox 639 1124 756 1181; x_wconf 88' lang='lat' dir='ltr'>Ergo</span> <span class='ocrx_word' id='word_1_114' title='bbox 780 1123 910 1167; x_wconf 88' lang='lat' dir='ltr'>etiam</span> <span class='ocrx_word' id='word_1_115' title='bbox 928 1132 1106 1182; x_wconf 87' lang='lat' dir='ltr'>propter</span> <span class='ocrx_word' id='word_1_116' title='bbox 1119 1123 1221 1166; x_wconf 89' lang='lat' dir='ltr'>istos</span> <span class='ocrx_word' id='word_1_117' title='bbox 1243 1121 1356 1165; x_wconf 89' lang='lat' dir='ltr'>male</span> <span class='ocrx_word' id='word_1_118' title='bbox 1378 1136 1477 1180; x_wconf 88' lang='lat' dir='ltr'>spe-</span> 
     </span>
     <span class='ocr_line' id='line_1_14' title="bbox 51 1191 1479 1251; baseline 0.001 -18"><span class='ocrx_word' id='word_1_119' title='bbox 51 1221 61 1236; x_wconf 78' lang='grc'>,.</span> <span class='ocrx_word' id='word_1_120' title='bbox 90 1199 258 1245; x_wconf 85' lang='lat' dir='ltr'>rantes,</span> <span class='ocrx_word' id='word_1_121' title='bbox 285 1191 482 1250; x_wconf 84' lang='lat' dir='ltr'>procedit</span> <span class='ocrx_word' id='word_1_122' title='bbox 504 1191 825 1251; x_wconf 83' lang='lat' dir='ltr'>paterfamilias.</span> <span class='ocrx_word' id='word_1_123' title='bbox 860 1191 1247 1245; x_wconf 82' lang='lat' dir='ltr'>Quemadmodum</span> <span class='ocrx_word' id='word_1_124' title='bbox 1270 1191 1479 1250; x_wconf 89' lang='lat' dir='ltr'>processit</span> 
     </span>
     <span class='ocr_line' id='line_1_15' title="bbox 51 1260 1474 1321; baseline 0.001 -18"><span class='ocrx_word' id='word_1_125' title='bbox 51 1290 53 1301; x_wconf 63' lang='lat'>2</span> <span class='ocrx_word' id='word_1_126' title='bbox 90 1260 144 1305; x_wconf 87' lang='lat' dir='ltr'>ad</span> <span class='ocrx_word' id='word_1_127' title='bbox 166 1260 276 1315; x_wconf 75' lang='lat' dir='ltr'>illos,</span> <span class='ocrx_word' id='word_1_128' title='bbox 294 1262 369 1321; x_wconf 87' lang='lat' dir='ltr'>qui</span> <span class='ocrx_word' id='word_1_129' title='bbox 388 1262 500 1305; x_wconf 92' lang='lat' dir='ltr'>male</span> <span class='ocrx_word' id='word_1_130' title='bbox 525 1261 875 1321; x_wconf 83' lang='lat' dir='ltr'>desperaverant,</span> <span class='ocrx_word' id='word_1_131' title='bbox 892 1271 935 1306; x_wconf 88' lang='lat' dir='ltr'>et</span> <span class='ocrx_word' id='word_1_132' title='bbox 951 1262 1169 1321; x_wconf 87' lang='lat' dir='ltr'>perierant</span> <span class='ocrx_word' id='word_1_133' title='bbox 1186 1260 1474 1320; x_wconf 86' lang='lat' dir='ltr'>desperando,</span> 
     </span>
     <span class='ocr_line' id='line_1_16' title="bbox 89 1331 1478 1392; baseline 0 -17"><span class='ocrx_word' id='word_1_134' title='bbox 89 1341 131 1376; x_wconf 85' lang='lat' dir='ltr'>et</span> <span class='ocrx_word' id='word_1_135' title='bbox 154 1333 370 1376; x_wconf 85' lang='lat' dir='ltr'>revocavit</span> <span class='ocrx_word' id='word_1_136' title='bbox 392 1347 463 1376; x_wconf 92' lang='lat' dir='ltr'>eos</span> <span class='ocrx_word' id='word_1_137' title='bbox 484 1333 528 1376; x_wconf 88' lang='lat' dir='ltr'>in</span> <span class='ocrx_word' id='word_1_138' title='bbox 553 1348 671 1391; x_wconf 90' lang='lat' dir='ltr'>spem</span> <span class='ocrx_word' id='word_1_139' title='bbox 690 1351 698 1376; x_wconf 91' lang='grc'>;</span> <span class='ocrx_word' id='word_1_140' title='bbox 721 1333 780 1376; x_wconf 89' lang='lat' dir='ltr'>sic</span> <span class='ocrx_word' id='word_1_141' title='bbox 797 1331 996 1392; x_wconf 88' lang='lat' dir='ltr'>procedit</span> <span class='ocrx_word' id='word_1_142' title='bbox 1017 1333 1148 1376; x_wconf 84' lang='lat' dir='ltr'>etiam</span> <span class='ocrx_word' id='word_1_143' title='bbox 1166 1332 1220 1376; x_wconf 87' lang='lat' dir='ltr'>ad</span> <span class='ocrx_word' id='word_1_144' title='bbox 1243 1332 1344 1376; x_wconf 91' lang='lat' dir='ltr'>istos</span> <span class='ocrx_word' id='word_1_145' title='bbox 1358 1366 1370 1386; x_wconf 89' lang='lat'>,</span> <span class='ocrx_word' id='word_1_146' title='bbox 1401 1331 1478 1391; x_wconf 89' lang='lat' dir='ltr'>qui</span> 
     </span>
     <span class='ocr_line' id='line_1_17' title="bbox 0 1400 1473 1471; baseline 0.001 -26"><span class='ocrx_word' id='word_1_147' title='bbox 0 1421 55 1471; x_wconf 72' lang='lat' dir='ltr'>&gt;nd0¹</span> <span class='ocrx_word' id='word_1_148' title='bbox 89 1401 200 1445; x_wconf 86' lang='lat' dir='ltr'>male</span> <span class='ocrx_word' id='word_1_149' title='bbox 217 1401 430 1461; x_wconf 87' lang='lat' dir='ltr'>sperando</span> <span class='ocrx_word' id='word_1_150' title='bbox 444 1400 599 1445; x_wconf 89' lang='lat' dir='ltr'>volunt</span> <span class='ocrx_word' id='word_1_151' title='bbox 616 1402 778 1461; x_wconf 84' lang='lat' dir='ltr'>perire:</span> <span class='ocrx_word' id='word_1_152' title='bbox 798 1411 841 1446; x_wconf 91' lang='lat' dir='ltr'>et</span> <span class='ocrx_word' id='word_1_153' title='bbox 855 1402 962 1446; x_wconf 89' lang='lat' dir='ltr'>dicit</span> <span class='ocrx_word' id='word_1_154' title='bbox 976 1403 1034 1446; x_wconf 91' lang='lat' dir='ltr'>eis</span> <span class='ocrx_word' id='word_1_155' title='bbox 1051 1417 1129 1460; x_wconf 90' lang='lat' dir='ltr'>per</span> <span class='ocrx_word' id='word_1_156' title='bbox 1141 1400 1272 1445; x_wconf 90' lang='lat' dir='ltr'>alium</span> <span class='ocrx_word' id='word_1_157' title='bbox 1290 1401 1473 1446; x_wconf 88' lang='lat' dir='ltr'>librum:</span> 
     </span>
     <span class='ocr_line' id='line_1_18' title="bbox 10 1471 1479 1542; baseline 0.001 -28"><span class='ocrx_word' id='word_1_158' title='bbox 10 1476 55 1542; x_wconf 41' lang='grc' dir='ltr'><strong>Μ</strong></span> <span class='ocrx_word' id='word_1_159' title='bbox 93 1490 113 1514; x_wconf 75' lang='grc' dir='ltr'>(ι</span> <span class='ocrx_word' id='word_1_160' title='bbox 147 1474 210 1517; x_wconf 89' lang='lat' dir='ltr'>Ne</span> <span class='ocrx_word' id='word_1_161' title='bbox 232 1472 373 1516; x_wconf 88' lang='lat' dir='ltr'>tardes</span> <span class='ocrx_word' id='word_1_162' title='bbox 401 1473 596 1518; x_wconf 82' lang='lat' dir='ltr'>converti</span> <span class='ocrx_word' id='word_1_163' title='bbox 619 1473 673 1517; x_wconf 91' lang='lat' dir='ltr'>ad</span> <span class='ocrx_word' id='word_1_164' title='bbox 691 1473 943 1518; x_wconf 89' lang='lat' dir='ltr'>Dominum.</span> <span class='ocrx_word' id='word_1_165' title='bbox 963 1472 1230 1527; x_wconf 88' lang='lat' dir='ltr'>»Quomodo</span> <span class='ocrx_word' id='word_1_166' title='bbox 1252 1471 1335 1515; x_wconf 89' lang='lat' dir='ltr'>illis</span> <span class='ocrx_word' id='word_1_167' title='bbox 1358 1472 1479 1516; x_wconf 82' lang='lat' dir='ltr'>dixe-</span> 
     </span>
     <span class='ocr_line' id='line_1_19' title="bbox 1 1541 1477 1613; baseline -0.002 -26"><span class='ocrx_word' id='word_1_168' title='bbox 1 1549 59 1613; x_wconf 51' lang='grc' dir='ltr'>[Ἧι</span> <span class='ocrx_word' id='word_1_169' title='bbox 89 1551 183 1587; x_wconf 85' lang='lat' dir='ltr'>rat:</span> <span class='ocrx_word' id='word_1_170' title='bbox 210 1560 228 1583; x_wconf 91' lang='lat'>«</span> <span class='ocrx_word' id='word_1_171' title='bbox 255 1545 306 1585; x_wconf 90' lang='lat' dir='ltr'>In</span> <span class='ocrx_word' id='word_1_172' title='bbox 328 1557 606 1602; x_wconf 89' lang='lat' dir='ltr'>quacumque</span> <span class='ocrx_word' id='word_1_173' title='bbox 631 1542 701 1586; x_wconf 92' lang='lat' dir='ltr'>die</span> <span class='ocrx_word' id='word_1_174' title='bbox 729 1543 906 1602; x_wconf 88' lang='lat' dir='ltr'>iniquus</span> <span class='ocrx_word' id='word_1_175' title='bbox 939 1557 1172 1587; x_wconf 89' lang='lat' dir='ltr'>conversus</span> <span class='ocrx_word' id='word_1_176' title='bbox 1195 1541 1329 1586; x_wconf 89' lang='lat' dir='ltr'>fuerit</span> <span class='ocrx_word' id='word_1_177' title='bbox 1351 1557 1373 1585; x_wconf 92' lang='lat' dir='ltr'>a</span> <span class='ocrx_word' id='word_1_178' title='bbox 1407 1542 1477 1585; x_wconf 88' lang='lat' dir='ltr'>via</span> 
     </span>
     <span class='ocr_line' id='line_1_20' title="bbox 2 1594 1476 1686; baseline 0.001 -32"><span class='ocrx_word' id='word_1_179' title='bbox 2 1594 58 1686; x_wconf 29' lang='grc' dir='ltr'>ἐωξὶ</span> <span class='ocrx_word' id='word_1_180' title='bbox 91 1631 112 1655; x_wconf 85' lang='grc'>»</span> <span class='ocrx_word' id='word_1_181' title='bbox 146 1628 221 1657; x_wconf 86' lang='lat' dir='ltr'>sua</span> <span class='ocrx_word' id='word_1_182' title='bbox 238 1612 435 1673; x_wconf 86' lang='lat' dir='ltr'>pessima,</span> <span class='ocrx_word' id='word_1_183' title='bbox 453 1628 602 1658; x_wconf 89' lang='lat' dir='ltr'>omnes</span> <span class='ocrx_word' id='word_1_184' title='bbox 619 1613 869 1672; x_wconf 88' lang='lat' dir='ltr'>iniquitates</span> <span class='ocrx_word' id='word_1_185' title='bbox 893 1614 985 1672; x_wconf 88' lang='lat' dir='ltr'>ejus</span> <span class='ocrx_word' id='word_1_186' title='bbox 1003 1612 1260 1669; x_wconf 67' lang='lat' dir='ltr'>obliviscar,</span> <span class='ocrx_word' id='word_1_187' title='bbox 1281 1620 1358 1655; x_wconf 85' lang='lat' dir='ltr'>»et</span> <span class='ocrx_word' id='word_1_188' title='bbox 1374 1611 1476 1656; x_wconf 90' lang='lat' dir='ltr'>tulit</span> 
     </span>
     <span class='ocr_line' id='line_1_21' title="bbox 0 1675 1475 1755; baseline -0.003 -27"><span class='ocrx_word' id='word_1_189' title='bbox 0 1675 65 1755; x_wconf 30' lang='lat' dir='ltr'>Mjffil-</span> <span class='ocrx_word' id='word_1_190' title='bbox 89 1685 146 1728; x_wconf 89' lang='lat' dir='ltr'>eis</span> <span class='ocrx_word' id='word_1_191' title='bbox 183 1684 527 1743; x_wconf 88' lang='lat' dir='ltr'>desperationem</span> <span class='ocrx_word' id='word_1_192' title='bbox 549 1718 559 1739; x_wconf 92' lang='lat'>,</span> <span class='ocrx_word' id='word_1_193' title='bbox 612 1697 697 1742; x_wconf 85' lang='lat' dir='ltr'>qua</span> <span class='ocrx_word' id='word_1_194' title='bbox 733 1684 822 1741; x_wconf 86' lang='lat' dir='ltr'>jam</span> <span class='ocrx_word' id='word_1_195' title='bbox 867 1681 1080 1726; x_wconf 90' lang='lat' dir='ltr'>dederant</span> <span class='ocrx_word' id='word_1_196' title='bbox 1121 1682 1311 1725; x_wconf 85' lang='lat' dir='ltr'>animam</span> <span class='ocrx_word' id='word_1_197' title='bbox 1353 1696 1475 1725; x_wconf 88' lang='lat' dir='ltr'>suam</span> 
     </span>
     <span class='ocr_line' id='line_1_22' title="bbox 0 1746 1474 1829; baseline -0.003 -31"><span class='ocrx_word' id='word_1_198' title='bbox 0 1746 62 1829; x_wconf 47' lang='lat' dir='ltr'>&#39;u&#39;gfflg</span> <span class='ocrx_word' id='word_1_199' title='bbox 88 1754 342 1813; x_wconf 87' lang='lat' dir='ltr'>perditioni,</span> <span class='ocrx_word' id='word_1_200' title='bbox 381 1754 500 1798; x_wconf 90' lang='lat' dir='ltr'>omni</span> <span class='ocrx_word' id='word_1_201' title='bbox 542 1752 673 1797; x_wconf 90' lang='lat' dir='ltr'>modo</span> <span class='ocrx_word' id='word_1_202' title='bbox 701 1751 1023 1810; x_wconf 83' lang='lat' dir='ltr'>indulgentiam</span> <span class='ocrx_word' id='word_1_203' title='bbox 1061 1752 1338 1811; x_wconf 87' lang='lat' dir='ltr'>desperantes</span> <span class='ocrx_word' id='word_1_204' title='bbox 1368 1771 1377 1796; x_wconf 90' lang='lat'>:</span> <span class='ocrx_word' id='word_1_205' title='bbox 1416 1752 1474 1795; x_wconf 88' lang='lat' dir='ltr'>sic</span> 
     </span>
     <span class='ocr_line' id='line_1_23' title="bbox 0 1811 1475 1899; baseline -0.001 -31"><span class='ocrx_word' id='word_1_206' title='bbox 0 1811 62 1899; x_wconf 34' lang='grc' dir='ltr'>ἓ-Πὲξ</span> <span class='ocrx_word' id='word_1_207' title='bbox 88 1825 281 1885; x_wconf 89' lang='lat' dir='ltr'>procedit</span> <span class='ocrx_word' id='word_1_208' title='bbox 316 1825 444 1869; x_wconf 89' lang='lat' dir='ltr'>etiam</span> <span class='ocrx_word' id='word_1_209' title='bbox 480 1825 535 1868; x_wconf 92' lang='lat' dir='ltr'>ad</span> <span class='ocrx_word' id='word_1_210' title='bbox 571 1825 694 1878; x_wconf 85' lang='lat' dir='ltr'>istos,</span> <span class='ocrx_word' id='word_1_211' title='bbox 721 1823 795 1883; x_wconf 89' lang='lat' dir='ltr'>qui</span> <span class='ocrx_word' id='word_1_212' title='bbox 817 1821 1031 1883; x_wconf 90' lang='lat' dir='ltr'>sperando</span> <span class='ocrx_word' id='word_1_213' title='bbox 1053 1831 1096 1866; x_wconf 91' lang='lat' dir='ltr'>et</span> <span class='ocrx_word' id='word_1_214' title='bbox 1129 1822 1375 1867; x_wconf 85' lang='lat' dir='ltr'>differendo</span> <span class='ocrx_word' id='word_1_215' title='bbox 1396 1838 1475 1867; x_wconf 91' lang='lat' dir='ltr'>vo-</span> 
     </span>
     <span class='ocr_line' id='line_1_24' title="bbox 2 1873 1476 1955; baseline -0.004 -12"><span class='ocrx_word' id='word_1_216' title='bbox 2 1873 19 1916; x_wconf 50' lang='lat' dir='ltr'>,i</span> <span class='ocrx_word' id='word_1_217' title='bbox 50 1887 64 1944; x_wconf 64' lang='lat' dir='ltr'>&#39;l</span> <span class='ocrx_word' id='word_1_218' title='bbox 88 1895 185 1940; x_wconf 87' lang='lat' dir='ltr'>lunt</span> <span class='ocrx_word' id='word_1_219' title='bbox 207 1896 346 1955; x_wconf 89' lang='lat' dir='ltr'>perire</span> <span class='ocrx_word' id='word_1_220' title='bbox 366 1905 410 1940; x_wconf 91' lang='lat' dir='ltr'>et</span> <span class='ocrx_word' id='word_1_221' title='bbox 432 1895 629 1955; x_wconf 85' lang='lat' dir='ltr'>loquitur</span> <span class='ocrx_word' id='word_1_222' title='bbox 651 1895 706 1938; x_wconf 89' lang='lat' dir='ltr'>ad</span> <span class='ocrx_word' id='word_1_223' title='bbox 733 1909 805 1938; x_wconf 92' lang='lat' dir='ltr'>eos</span> <span class='ocrx_word' id='word_1_224' title='bbox 822 1928 833 1948; x_wconf 93' lang='lat'>,</span> <span class='ocrx_word' id='word_1_225' title='bbox 854 1902 896 1938; x_wconf 89' lang='lat' dir='ltr'>et</span> <span class='ocrx_word' id='word_1_226' title='bbox 913 1893 1106 1952; x_wconf 85' lang='lat' dir='ltr'>increpat</span> <span class='ocrx_word' id='word_1_227' title='bbox 1121 1908 1193 1938; x_wconf 89' lang='lat' dir='ltr'>eos</span> <span class='ocrx_word' id='word_1_228' title='bbox 1213 1910 1222 1935; x_wconf 72' lang='grc' dir='ltr'><strong><em>ε</em></strong></span> <span class='ocrx_word' id='word_1_229' title='bbox 1262 1912 1281 1935; x_wconf 90' lang='grc'>«</span> <span class='ocrx_word' id='word_1_230' title='bbox 1304 1895 1368 1938; x_wconf 90' lang='lat' dir='ltr'>Ne</span> <span class='ocrx_word' id='word_1_231' title='bbox 1387 1902 1476 1938; x_wconf 90' lang='lat' dir='ltr'>tar·</span> 
     </span>
     <span class='ocr_line' id='line_1_25' title="bbox 32 1963 1474 2029; baseline 0 -22"><span class='ocrx_word' id='word_1_232' title='bbox 32 1968 62 2029; x_wconf 42' lang='grc' dir='ltr'>..ζ</span> <span class='ocrx_word' id='word_1_233' title='bbox 91 1983 112 2008; x_wconf 82' lang='grc'>»</span> <span class='ocrx_word' id='word_1_234' title='bbox 144 1966 218 2010; x_wconf 87' lang='lat' dir='ltr'>des</span> <span class='ocrx_word' id='word_1_235' title='bbox 256 1967 451 2011; x_wconf 88' lang='lat' dir='ltr'>converti</span> <span class='ocrx_word' id='word_1_236' title='bbox 488 1965 543 2010; x_wconf 87' lang='lat' dir='ltr'>ad</span> <span class='ocrx_word' id='word_1_237' title='bbox 572 1966 832 2020; x_wconf 90' lang='lat' dir='ltr'>Dominum,</span> <span class='ocrx_word' id='word_1_238' title='bbox 868 1979 1011 2024; x_wconf 83' lang='lat' dir='ltr'>neque</span> <span class='ocrx_word' id='word_1_239' title='bbox 1043 1963 1219 2008; x_wconf 83' lang='lat' dir='ltr'>differas</span> <span class='ocrx_word' id='word_1_240' title='bbox 1251 1963 1307 2007; x_wconf 91' lang='lat' dir='ltr'>de</span> <span class='ocrx_word' id='word_1_241' title='bbox 1338 1965 1407 2007; x_wconf 92' lang='lat' dir='ltr'>die</span> <span class='ocrx_word' id='word_1_242' title='bbox 1430 1966 1474 2008; x_wconf 84' lang='lat' dir='ltr'>in</span> 
     </span>
     <span class='ocr_line' id='line_1_26' title="bbox 0 2012 1473 2112; baseline -0.001 -33"><span class='ocrx_word' id='word_1_243' title='bbox 0 2012 65 2112; x_wconf 25' lang='lat' dir='ltr'>mig}</span> <span class='ocrx_word' id='word_1_244' title='bbox 93 2055 110 2078; x_wconf 83' lang='grc'><strong>»</strong></span> <span class='ocrx_word' id='word_1_245' title='bbox 145 2035 274 2080; x_wconf 90' lang='lat' dir='ltr'>diem.</span> <span class='ocrx_word' id='word_1_246' title='bbox 309 2037 461 2081; x_wconf 88' lang='lat' dir='ltr'>Subito</span> <span class='ocrx_word' id='word_1_247' title='bbox 483 2035 599 2079; x_wconf 90' lang='lat' dir='ltr'>enim</span> <span class='ocrx_word' id='word_1_248' title='bbox 621 2035 766 2080; x_wconf 91' lang='lat' dir='ltr'>veniet</span> <span class='ocrx_word' id='word_1_249' title='bbox 788 2035 850 2078; x_wconf 87' lang='lat' dir='ltr'>ira</span> <span class='ocrx_word' id='word_1_250' title='bbox 874 2035 964 2094; x_wconf 87' lang='lat' dir='ltr'>ejus</span> <span class='ocrx_word' id='word_1_251' title='bbox 981 2069 991 2089; x_wconf 88' lang='lat'>,</span> <span class='ocrx_word' id='word_1_252' title='bbox 1017 2042 1060 2078; x_wconf 91' lang='lat' dir='ltr'>et</span> <span class='ocrx_word' id='word_1_253' title='bbox 1082 2034 1128 2077; x_wconf 89' lang='lat' dir='ltr'>in</span> <span class='ocrx_word' id='word_1_254' title='bbox 1152 2042 1348 2093; x_wconf 90' lang='lat' dir='ltr'>tempore</span> <span class='ocrx_word' id='word_1_255' title='bbox 1376 2034 1473 2077; x_wconf 90' lang='lat' dir='ltr'>vin-</span> 
     </span>
     <span class='ocr_line' id='line_1_27' title="bbox 0 2082 1475 2166; baseline -0.002 -16"><span class='ocrx_word' id='word_1_256' title='bbox 0 2082 66 2165; x_wconf 45' lang='lat' dir='ltr'>&#39;mi&#39;</span> <span class='ocrx_word' id='word_1_257' title='bbox 92 2124 113 2148; x_wconf 85' lang='lat'>»</span> <span class='ocrx_word' id='word_1_258' title='bbox 145 2107 272 2150; x_wconf 87' lang='lat' dir='ltr'>dictae</span> <span class='ocrx_word' id='word_1_259' title='bbox 294 2105 513 2166; x_wconf 90' lang='lat' dir='ltr'>disperdet</span> <span class='ocrx_word' id='word_1_260' title='bbox 534 2114 577 2149; x_wconf 94' lang='lat' dir='ltr'>te</span> <span class='ocrx_word' id='word_1_261' title='bbox 596 2108 627 2149; x_wconf 81' lang='lat'>¹.</span> <span class='ocrx_word' id='word_1_262' title='bbox 648 2107 802 2163; x_wconf 88' lang='lat' dir='ltr'>»Ergo</span> <span class='ocrx_word' id='word_1_263' title='bbox 819 2104 909 2149; x_wconf 90' lang='lat' dir='ltr'>noli</span> <span class='ocrx_word' id='word_1_264' title='bbox 931 2104 1123 2158; x_wconf 86' lang='lat' dir='ltr'>differre,</span> <span class='ocrx_word' id='word_1_265' title='bbox 1144 2103 1232 2148; x_wconf 89' lang='lat' dir='ltr'>noli</span> <span class='ocrx_word' id='word_1_266' title='bbox 1254 2103 1374 2164; x_wconf 91' lang='lat' dir='ltr'>quod</span> <span class='ocrx_word' id='word_1_267' title='bbox 1398 2119 1475 2162; x_wconf 89' lang='lat' dir='ltr'>pa-</span> 
     </span>
     <span class='ocr_line' id='line_1_28' title="bbox 0 2156 1472 2233; baseline -0.001 -13"><span class='ocrx_word' id='word_1_268' title='bbox 0 2156 60 2201; x_wconf 39' lang='grc' dir='ltr'>’ΨΜ</span> <span class='ocrx_word' id='word_1_269' title='bbox 89 2184 150 2221; x_wconf 88' lang='lat' dir='ltr'>tet</span> <span class='ocrx_word' id='word_1_270' title='bbox 181 2187 331 2222; x_wconf 88' lang='lat' dir='ltr'>contra</span> <span class='ocrx_word' id='word_1_271' title='bbox 370 2186 410 2221; x_wconf 91' lang='lat' dir='ltr'>te</span> <span class='ocrx_word' id='word_1_272' title='bbox 443 2175 662 2220; x_wconf 88' lang='lat' dir='ltr'>claudere.</span> <span class='ocrx_word' id='word_1_273' title='bbox 699 2178 813 2220; x_wconf 87' lang='lat' dir='ltr'>Ecce</span> <span class='ocrx_word' id='word_1_274' title='bbox 844 2174 1128 2233; x_wconf 84' lang='lat' dir='ltr'>indulgentiae</span> <span class='ocrx_word' id='word_1_275' title='bbox 1164 2175 1289 2219; x_wconf 87' lang='lat' dir='ltr'>dator</span> <span class='ocrx_word' id='word_1_276' title='bbox 1334 2176 1472 2233; x_wconf 86' lang='lat' dir='ltr'>aperit</span> 
     </span>
     <span class='ocr_line' id='line_1_29' title="bbox 0 2229 1472 2310; baseline -0.001 -21"><span class='ocrx_word' id='word_1_277' title='bbox 0 2229 69 2310; x_wconf 33' lang='lat' dir='ltr'>*limi</span> <span class='ocrx_word' id='word_1_278' title='bbox 90 2246 166 2290; x_wconf 92' lang='lat' dir='ltr'>tibi</span> <span class='ocrx_word' id='word_1_279' title='bbox 188 2247 347 2291; x_wconf 90' lang='lat' dir='ltr'>ostium</span> <span class='ocrx_word' id='word_1_280' title='bbox 367 2266 375 2291; x_wconf 91' lang='lat'>:</span> <span class='ocrx_word' id='word_1_281' title='bbox 401 2245 509 2306; x_wconf 85' lang='lat' dir='ltr'>quid</span> <span class='ocrx_word' id='word_1_282' title='bbox 531 2245 744 2290; x_wconf 81' lang='lat' dir='ltr'>moraris?</span> <span class='ocrx_word' id='word_1_283' title='bbox 766 2245 965 2289; x_wconf 87' lang='lat' dir='ltr'>Gaudere</span> <span class='ocrx_word' id='word_1_284' title='bbox 993 2244 1173 2288; x_wconf 87' lang='lat' dir='ltr'>deberes</span> <span class='ocrx_word' id='word_1_285' title='bbox 1192 2279 1202 2299; x_wconf 88' lang='lat'>,</span> <span class='ocrx_word' id='word_1_286' title='bbox 1231 2244 1265 2288; x_wconf 91' lang='lat' dir='ltr'>si</span> <span class='ocrx_word' id='word_1_287' title='bbox 1287 2245 1472 2303; x_wconf 90' lang='lat' dir='ltr'>aperiret</span> 
     </span>
     <span class='ocr_line' id='line_1_30' title="bbox 0 2297 1469 2379; baseline -0.003 -18"><span class='ocrx_word' id='word_1_288' title='bbox 0 2314 7 2320; x_wconf 63' lang='grc'>”</span> <span class='ocrx_word' id='word_1_289' title='bbox 22 2297 68 2379; x_wconf 36' lang='lat' dir='ltr'>mn,</span> <span class='ocrx_word' id='word_1_290' title='bbox 90 2314 322 2376; x_wconf 87' lang='lat' dir='ltr'>aliquando</span> <span class='ocrx_word' id='word_1_291' title='bbox 351 2315 541 2376; x_wconf 90' lang='lat' dir='ltr'>pulsanti</span> <span class='ocrx_word' id='word_1_292' title='bbox 564 2334 573 2360; x_wconf 87' lang='lat'><strong>:</strong></span> <span class='ocrx_word' id='word_1_293' title='bbox 597 2330 687 2360; x_wconf 90' lang='lat' dir='ltr'>non</span> <span class='ocrx_word' id='word_1_294' title='bbox 713 2314 916 2374; x_wconf 88' lang='lat' dir='ltr'>pulsasti,</span> <span class='ocrx_word' id='word_1_295' title='bbox 943 2323 986 2358; x_wconf 88' lang='lat' dir='ltr'>et</span> <span class='ocrx_word' id='word_1_296' title='bbox 1010 2314 1177 2374; x_wconf 86' lang='lat' dir='ltr'>aperit,</span> <span class='ocrx_word' id='word_1_297' title='bbox 1202 2322 1246 2358; x_wconf 91' lang='lat' dir='ltr'>et</span> <span class='ocrx_word' id='word_1_298' title='bbox 1267 2312 1368 2358; x_wconf 90' lang='lat' dir='ltr'>foris</span> <span class='ocrx_word' id='word_1_299' title='bbox 1398 2330 1469 2358; x_wconf 88' lang='lat' dir='ltr'>re-</span> 
     </span>
     <span class='ocr_line' id='line_1_31' title="bbox 3 2373 1469 2446; baseline -0.001 -15"><span class='ocrx_word' id='word_1_300' title='bbox 3 2373 65 2414; x_wconf 32' lang='grc' dir='ltr'>’ἔπ’-</span> <span class='ocrx_word' id='word_1_301' title='bbox 135 2389 265 2431; x_wconf 80' lang='lat' dir='ltr'>anes?</span> <span class='ocrx_word' id='word_1_302' title='bbox 286 2390 350 2433; x_wconf 88' lang='lat' dir='ltr'>Ne</span> <span class='ocrx_word' id='word_1_303' title='bbox 372 2402 475 2446; x_wconf 85' lang='lat' dir='ltr'>ergo</span> <span class='ocrx_word' id='word_1_304' title='bbox 497 2386 686 2430; x_wconf 79' lang='lat' dir='ltr'>differas.</span> <span class='ocrx_word' id='word_1_305' title='bbox 712 2389 775 2430; x_wconf 92' lang='lat' dir='ltr'>De</span> <span class='ocrx_word' id='word_1_306' title='bbox 802 2384 1109 2430; x_wconf 87' lang='lat' dir='ltr'>misericordiae</span> <span class='ocrx_word' id='word_1_307' title='bbox 1131 2384 1334 2444; x_wconf 89' lang='lat' dir='ltr'>operibus</span> <span class='ocrx_word' id='word_1_308' title='bbox 1355 2400 1469 2444; x_wconf 93' lang='lat' dir='ltr'>quo-</span> 
     </span>
     <span class='ocr_line' id='line_1_32' title="bbox 54 2454 1466 2516; baseline 0.001 -18"><span class='ocrx_word' id='word_1_309' title='bbox 54 2460 71 2498; x_wconf 64' lang='grc' dir='ltr'>’τ</span> <span class='ocrx_word' id='word_1_310' title='bbox 120 2471 187 2500; x_wconf 85' lang='lat' dir='ltr'>am</span> <span class='ocrx_word' id='word_1_311' title='bbox 208 2456 305 2502; x_wconf 90' lang='lat' dir='ltr'>loco</span> <span class='ocrx_word' id='word_1_312' title='bbox 329 2457 550 2516; x_wconf 86' lang='lat' dir='ltr'>Scriptura</span> <span class='ocrx_word' id='word_1_313' title='bbox 572 2455 697 2500; x_wconf 90' lang='lat' dir='ltr'>dicit:</span> <span class='ocrx_word' id='word_1_314' title='bbox 716 2474 737 2498; x_wconf 67' lang='lat' dir='ltr'>a</span> <span class='ocrx_word' id='word_1_315' title='bbox 751 2458 815 2502; x_wconf 89' lang='lat' dir='ltr'>Ne</span> <span class='ocrx_word' id='word_1_316' title='bbox 830 2456 986 2500; x_wconf 85' lang='lat' dir='ltr'>dixeris</span> <span class='ocrx_word' id='word_1_317' title='bbox 1004 2474 1013 2500; x_wconf 88' lang='lat'>:</span> <span class='ocrx_word' id='word_1_318' title='bbox 1035 2454 1156 2499; x_wconf 91' lang='lat' dir='ltr'>Vade</span> <span class='ocrx_word' id='word_1_319' title='bbox 1173 2464 1216 2499; x_wconf 91' lang='lat' dir='ltr'>et</span> <span class='ocrx_word' id='word_1_320' title='bbox 1236 2465 1466 2510; x_wconf 86' lang='lat' dir='ltr'>revertere,</span> 
     </span>
    </p>
   </div>
   <div class='ocr_carea' id='block_1_3' title="bbox 45 2523 1465 2652">
    <p class='ocr_par' dir='ltr' id='par_1_5' title="bbox 45 2523 1465 2652">
     <span class='ocr_line' id='line_1_33' title="bbox 45 2523 1465 2586; baseline -0.001 -16"><span class='ocrx_word' id='word_1_321' title='bbox 45 2523 57 2539; x_wconf 71' lang='lat'>&#39;²</span> <span class='ocrx_word' id='word_1_322' title='bbox 105 2541 115 2565; x_wconf 90' lang='lat'><strong>›</strong></span> <span class='ocrx_word' id='word_1_323' title='bbox 147 2541 238 2570; x_wconf 86' lang='lat' dir='ltr'>cras</span> <span class='ocrx_word' id='word_1_324' title='bbox 260 2541 340 2586; x_wconf 87' lang='lat' dir='ltr'>ego</span> <span class='ocrx_word' id='word_1_325' title='bbox 362 2526 477 2571; x_wconf 87' lang='lat' dir='ltr'>dabo</span> <span class='ocrx_word' id='word_1_326' title='bbox 496 2546 507 2582; x_wconf 62' lang='grc' dir='ltr'><strong>ς</strong></span> <span class='ocrx_word' id='word_1_327' title='bbox 531 2540 632 2571; x_wconf 90' lang='lat' dir='ltr'>cum</span> <span class='ocrx_word' id='word_1_328' title='bbox 664 2526 798 2585; x_wconf 90' lang='lat' dir='ltr'>possis</span> <span class='ocrx_word' id='word_1_329' title='bbox 819 2526 1030 2570; x_wconf 89' lang='lat' dir='ltr'>continuo</span> <span class='ocrx_word' id='word_1_330' title='bbox 1049 2525 1160 2569; x_wconf 88' lang='lat' dir='ltr'>bene</span> <span class='ocrx_word' id='word_1_331' title='bbox 1184 2524 1325 2570; x_wconf 71' lang='lat' dir='ltr'>lacere</span> <span class='ocrx_word' id='word_1_332' title='bbox 1344 2543 1353 2569; x_wconf 90' lang='lat'>:</span> <span class='ocrx_word' id='word_1_333' title='bbox 1375 2540 1465 2569; x_wconf 89' lang='lat' dir='ltr'>non</span> 
     </span>
     <span class='ocr_line' id='line_1_34' title="bbox 136 2610 423 2652; baseline 0 -9"><span class='ocrx_word' id='word_1_334' title='bbox 136 2616 147 2633; x_wconf 89' lang='lat'>¹</span> <span class='ocrx_word' id='word_1_335' title='bbox 168 2610 264 2644; x_wconf 88' lang='lat' dir='ltr'>Eccli.</span> <span class='ocrx_word' id='word_1_336' title='bbox 285 2622 318 2650; x_wconf 75' lang='lat' dir='ltr'>v,</span> <span class='ocrx_word' id='word_1_337' title='bbox 339 2611 372 2652; x_wconf 90' lang='lat'>8,</span> <span class='ocrx_word' id='word_1_338' title='bbox 390 2622 423 2652; x_wconf 86' lang='lat'>9.</span> 
     </span>
    </p>
   </div>
   <div class='ocr_carea' id='block_1_4' title="bbox 57 1237 64 1382">
    <p class='ocr_par' dir='ltr' id='par_1_6' title="bbox 57 1237 64 1382">
     <span class='ocr_line' id='line_1_35' title="bbox 57 1237 64 1382; baseline 0 1796"><span class='ocrx_word' id='word_1_339' title='bbox 57 1237 64 1382; x_wconf 95' lang='lat' dir='ltr'> </span> 
     </span>
    </p>
   </div>
   <div class='ocr_carea' id='block_1_5' title="bbox 4 1358 64 1400">
    <p class='ocr_par' dir='ltr' id='par_1_7' title="bbox 4 1358 64 1400">
     <span class='ocr_line' id='line_1_36' title="bbox 4 1358 64 1400; baseline -0.067 0"><span class='ocrx_word' id='word_1_340' title='bbox 4 1358 64 1400; x_wconf 71' lang='lat' dir='ltr'>sive&#39;.v</span> 
     </span>
    </p>
   </div>
   <div class='ocr_carea' id='block_1_6' title="bbox 62 1513 134 2764">
    <p class='ocr_par' dir='ltr' id='par_1_8' title="bbox 62 1513 134 2764">
     <span class='ocr_line' id='line_1_37' title="bbox 62 1513 68 1555; baseline 0 1623"><span class='ocrx_word' id='word_1_341' title='bbox 62 1513 68 1555; x_wconf 95' lang='lat' dir='ltr'> </span> 
     </span>
     <span class='ocr_line' id='line_1_38' title="bbox 81 2337 134 2423; baseline 0 0"><span class='ocrx_word' id='word_1_342' title='bbox 81 2337 134 2423; x_wconf 95' lang='lat' dir='ltr'>  </span> 
     </span>
     <span class='ocr_line' id='line_1_39' title="bbox 81 2423 120 2764; baseline 0 -271"><span class='ocrx_word' id='word_1_343' title='bbox 81 2423 120 2764; x_wconf 95' lang='lat' dir='ltr'>    </span> 
     </span>
    </p>
   </div>
  </div>
 </body>
</html>
