1898 3178
1852 180 1856 242 ἒ

478 280 560 319 534
911 289 946 317 s.
980 289 1210 319 Aucus-nm
1242 292 1423 321 EPISCOPI
1849 255 1862 327 l'

470 723 571 752 nem
608 708 650 751 in
689 707 856 752 factum
891 655 1177 768 proceditur:
1214 706 1380 752 factum
1409 708 1455 751 in
1491 708 1801 752 consuetudin·
1822 731 1840 749 η

471 778 658 823 vertitur
683 797 691 822 z
717 787 761 822 et
788 778 838 822 fit
857 777 1059 838 quaedam
1081 777 1340 836 desperatio,
1357 786 1406 821 ut
1429 777 1599 822 dicatur
1618 794 1626 820 :
1647 797 1666 820 «
1683 779 1849 832 Quatri'

474 866 495 889 n
522 847 692 892 duanus
712 857 791 903 est,
803 850 890 909 jam
908 857 1048 908 putet.
1073 866 1093 889 »
1110 848 1240 891 Venit
1254 863 1356 906 ergo
1374 849 1601 903 Dominus,
1620 848 1692 893 cui
1704 850 1829 909 utiqu

472 918 615 963 facilia
640 928 764 962 erant
795 919 965 976 omnia3
992 927 1035 962 et
1063 917 1366 962 difficultatem
1395 918 1629 979 quamdam
1668 919 1832 963 osten·'

472 989 550 1032 ibi.
578 989 812 1033 Infremuit
839 989 991 1047 spiritu
1009 1022 1019 1042 ,
1052 988 1241 1032 ostendit
1270 987 1409 1033 multo
1439 989 1626 1033 clamore
1652 989 1830 1048 objurga

472 1059 600 1102 tionis
613 1074 722 1117 opus
740 1073 830 1103 esse
849 1058 903 1102 ad
918 1074 989 1103 eos
1003 1059 1078 1117 qui
1092 1057 1408 1102 consuetudine
1420 1058 1679 1103 duruerunt.
1698 1062 1801 1102 Tam
1822 1104 1824 1106 ,

471 1128 526 1172 ad
547 1144 699 1173 vocem
724 1128 950 1172 clamantis
980 1128 1175 1182 Domini,
1206 1137 1334 1187 rupta
1359 1138 1460 1172 suut
1481 1128 1655 1173 vincula
1675 1128 1829 1174 necess'
1897 1146 1898 1150 ¹

474 1199 587 1244 tatis.
624 1200 817 1244 Tremuit
848 1198 1009 1243 inferni
1043 1198 1310 1254 dominatio,
1350 1198 1546 1244 redditus
1577 1209 1640 1244 est
1674 1203 1806 1247 Lam,

472 1272 611 1316 vivus.
654 1272 831 1315 Liberat
858 1271 975 1315 enim
1003 1279 1045 1314 et
1078 1271 1132 1313 de
1165 1270 1279 1315 mala
1309 1271 1629 1314 consuetudine
1650 1271 1821 1321 Βοῐηίη,

473 1341 789 1400 quatriduanos
811 1350 1006 1385 mortuos
1027 1356 1035 1381 :
1062 1355 1162 1383 nam
1184 1350 1227 1384 et
1249 1340 1338 1398 ipse
1355 1341 1672 1399 quatriduanus
1686 1341 1825 1386 Chri
1857 1355 1861 1363 ·

474 1411 638 1456 volenti
660 1411 910 1454 resuscitare
932 1410 1189 1454 dormiebat.
1213 1409 1298 1454 Sed
1320 1411 1427 1469 quid
1447 1411 1532 1455 ait?
1548 1410 1702 1456 Videte
1725 1426 1777 1470 ge
1830 1440 1831 1454 i

473 1481 823 1525 resuscitationis.
851 1480 1059 1524 Processit
1080 1480 1135 1523 de
1158 1489 1446 1524 monumento
1465 1480 1587 1524 vivus
1602 1515 1613 1535 ,
1639 1489 1682 1525 et
1703 1496 1768 1525 am
1783 1479 1815 1530 ’γ

474 1551 561 1594 lare
596 1566 685 1595 non
715 1559 900 1609 poterat.
933 1553 990 1594 Et
1024 1550 1234 1593 Dominus
1257 1548 1312 1592 ad
1335 1549 1576 1609 Discipulos
1601 1565 1610 1591 z
1650 1569 1670 1592 «
1698 1550 1810 1596 Sol'

477 1640 497 1662 »
524 1636 649 1675 eum,
682 1630 725 1665 et
756 1621 881 1664 sinite
911 1620 1071 1663 abire1.
1100 1638 1120 1660 »
1154 1619 1233 1663 Ille
1261 1621 1480 1665 suscitavit
1511 1630 1762 1677 mortuum,
1796 1621 1827 1636 “

473 1691 697 1736 solverunt
717 1690 913 1749 ligatum.
945 1689 1125 1750 Aliquid
1152 1691 1369 1749 pertinere
1392 1690 1535 1736 videte
1561 1691 1617 1735 ad
1638 1693 1805 1752 ρΓοΡΓί,

473 1764 738 1822 majestatem
771 1762 848 1806 Dei
883 1761 1140 1806 suscitantis.
1180 1764 1435 1821 Increpatur
1471 1761 1626 1822 aliquis
1664 1763 1710 1807 in
1756 1783 1801 1803 n>

475 1974 628 2018 audit?
652 1973 756 2027 Quis
775 1973 909 2017 vitam
938 1972 1116 2031 inspirat
1143 1972 1432 2015 intrinsecus?
1454 1972 1556 2024 Quis
1589 1980 1652 2016 est
1684 1973 1760 2032 qui

473 2053 635 2089 cretam
668 2042 792 2102 pellit
822 2051 1033 2097 mortem,
1064 2050 1270 2086 secretam
1291 2040 1367 2085 dat
1388 2042 1550 2085 vitam?
1584 2045 1737 2087 Nonne
1770 2063 1778 2080 ο

473 2115 823 2173 objurgationes,
863 2122 961 2171 post
994 2111 1310 2170 increpationes
1345 2110 1630 2156 dimittuntur
1659 2113 1808 2174 homip·

473 2328 569 2370 tur?
601 2324 763 2369 Deinde
796 2323 1069 2382 displicentes
1099 2323 1201 2376 sibi,
1237 2331 1405 2367 mutare
1439 2324 1571 2367 vitam
1600 2315 1796 2370 institut]

471 2398 814 2439 Resurrexerunt
835 2393 933 2451 isti3
957 2393 1203 2436 revixerunt
1225 2394 1385 2452 quibus
1407 2392 1606 2452 displicet
1623 2393 1743 2453 quod
1756 2385 1808 2460 ᾖ

471 2475 573 2509 runt
593 2486 601 2510 ;
627 2466 700 2510 sed
724 2466 1022 2510 reviviscentes
1044 2463 1268 2508 ambulare
1290 2480 1379 2509 uon
1398 2474 1594 2524 possunt.
1624 2467 1728 2510 Haec
1756 2463 1807 2496 -,’·π’

522 2628 529 2642 ¹
546 2623 637 2651 Joan.
664 2632 706 2661 51,
723 2621 776 2662 [Η.
