<?xml version="1.0" encoding="UTF-8"?>
<!DOCTYPE html PUBLIC "-//W3C//DTD XHTML 1.0 Transitional//EN"
    "http://www.w3.org/TR/xhtml1/DTD/xhtml1-transitional.dtd">
<html xmlns="http://www.w3.org/1999/xhtml" xml:lang="en" lang="en">
 <head>
  <title>
</title>
<meta http-equiv="Content-Type" content="text/html;charset=utf-8" />
  <meta name='ocr-system' content='tesseract 3.04.00' />
  <meta name='ocr-capabilities' content='ocr_page ocr_carea ocr_par ocr_line ocrx_word'/>
</head>
<body>
  <div class='ocr_page' id='page_1' title='image "./operaomniaaccura18auguuoft_0042.png"; bbox 0 0 1898 3178; ppageno 0'>
   <div class='ocr_carea' id='block_1_1' title="bbox 357 206 1299 244">
    <p class='ocr_par' dir='ltr' id='par_1_1' title="bbox 357 206 1299 244">
     <span class='ocr_line' id='line_1_1' title="bbox 357 206 1299 244; baseline -0.008 -1"><span class='ocrx_word' id='word_1_1' title='bbox 357 206 411 244; x_wconf 82' lang='lat'>32</span> <span class='ocrx_word' id='word_1_2' title='bbox 787 213 820 238; x_wconf 88' lang='lat' dir='ltr'>s.</span> <span class='ocrx_word' id='word_1_3' title='bbox 856 208 1087 237; x_wconf 76' lang='lat' dir='ltr'><strong>AUGUSTIM</strong></span> <span class='ocrx_word' id='word_1_4' title='bbox 1118 208 1299 236; x_wconf 75' lang='lat' dir='ltr'>Emscom</span> 
     </span>
    </p>
   </div>
   <div class='ocr_carea' id='block_1_2' title="bbox 354 271 1752 2483">
    <p class='ocr_par' dir='ltr' id='par_1_2' title="bbox 354 271 1743 966">
     <span class='ocr_line' id='line_1_2' title="bbox 355 271 1735 336; baseline -0.007 -13"><span class='ocrx_word' id='word_1_5' title='bbox 355 278 544 324; x_wconf 87' lang='lat' dir='ltr'>irrideat.</span> <span class='ocrx_word' id='word_1_6' title='bbox 557 273 807 336; x_wconf 74' lang='lat' dir='ltr'>Aliquando</span> <span class='ocrx_word' id='word_1_7' title='bbox 820 274 971 333; x_wconf 82' lang='lat' dir='ltr'>sapiet,</span> <span class='ocrx_word' id='word_1_8' title='bbox 986 272 1219 333; x_wconf 87' lang='lat' dir='ltr'>aliquando</span> <span class='ocrx_word' id='word_1_9' title='bbox 1237 280 1468 331; x_wconf 84' lang='lat' dir='ltr'>cognoscet</span> <span class='ocrx_word' id='word_1_10' title='bbox 1480 290 1489 316; x_wconf 73' lang='grc' dir='ltr'>ε</span> <span class='ocrx_word' id='word_1_11' title='bbox 1501 271 1735 330; x_wconf 88' lang='lat' dir='ltr'>aliquando</span> 
     </span>
     <span class='ocr_line' id='line_1_3' title="bbox 354 342 1737 408; baseline -0.007 -16"><span class='ocrx_word' id='word_1_12' title='bbox 354 348 615 408; x_wconf 84' lang='lat' dir='ltr'>relinquitur</span> <span class='ocrx_word' id='word_1_13' title='bbox 636 363 658 390; x_wconf 93' lang='lat' dir='ltr'>a</span> <span class='ocrx_word' id='word_1_14' title='bbox 676 344 841 405; x_wconf 91' lang='lat' dir='ltr'>populo</span> <span class='ocrx_word' id='word_1_15' title='bbox 863 359 965 389; x_wconf 88' lang='lat' dir='ltr'>suo:</span> <span class='ocrx_word' id='word_1_16' title='bbox 984 352 1177 388; x_wconf 83' lang='lat' dir='ltr'>remanet</span> <span class='ocrx_word' id='word_1_17' title='bbox 1194 358 1293 387; x_wconf 91' lang='lat' dir='ltr'>cum</span> <span class='ocrx_word' id='word_1_18' title='bbox 1314 342 1446 387; x_wconf 92' lang='lat' dir='ltr'>corde</span> <span class='ocrx_word' id='word_1_19' title='bbox 1467 357 1562 396; x_wconf 93' lang='lat' dir='ltr'>suo,</span> <span class='ocrx_word' id='word_1_20' title='bbox 1580 355 1737 384; x_wconf 90' lang='lat' dir='ltr'>renun-</span> 
     </span>
     <span class='ocr_line' id='line_1_4' title="bbox 355 410 1739 473; baseline -0.007 -11"><span class='ocrx_word' id='word_1_21' title='bbox 355 419 433 462; x_wconf 89' lang='lat' dir='ltr'>tiat</span> <span class='ocrx_word' id='word_1_22' title='bbox 455 417 589 461; x_wconf 89' lang='lat' dir='ltr'>errori</span> <span class='ocrx_word' id='word_1_23' title='bbox 606 431 684 460; x_wconf 84' lang='lat' dir='ltr'>suo</span> <span class='ocrx_word' id='word_1_24' title='bbox 699 449 710 470; x_wconf 94' lang='lat'>,</span> <span class='ocrx_word' id='word_1_25' title='bbox 737 415 892 473; x_wconf 83' lang='lat' dir='ltr'>gratias</span> <span class='ocrx_word' id='word_1_26' title='bbox 915 414 1003 473; x_wconf 84' lang='lat' dir='ltr'>agit</span> <span class='ocrx_word' id='word_1_27' title='bbox 1024 417 1114 458; x_wconf 93' lang='lat' dir='ltr'>Deo</span> <span class='ocrx_word' id='word_1_28' title='bbox 1136 429 1229 458; x_wconf 92' lang='lat' dir='ltr'>suo.</span> <span class='ocrx_word' id='word_1_29' title='bbox 1250 413 1318 457; x_wconf 88' lang='grc'><strong>1111</strong></span> <span class='ocrx_word' id='word_1_30' title='bbox 1340 421 1486 456; x_wconf 85' lang='lat' dir='ltr'>autem</span> <span class='ocrx_word' id='word_1_31' title='bbox 1504 410 1739 471; x_wconf 81' lang='lat' dir='ltr'>quid?Qui</span> 
     </span>
     <span class='ocr_line' id='line_1_5' title="bbox 355 479 1735 541; baseline -0.007 -9"><span class='ocrx_word' id='word_1_32' title='bbox 355 489 485 532; x_wconf 80' lang='lat' dir='ltr'>estis?</span> <span class='ocrx_word' id='word_1_33' title='bbox 509 484 742 532; x_wconf 87' lang='lat' dir='ltr'>Christiani</span> <span class='ocrx_word' id='word_1_34' title='bbox 774 499 937 528; x_wconf 90' lang='lat' dir='ltr'>sumus.</span> <span class='ocrx_word' id='word_1_35' title='bbox 974 486 1071 529; x_wconf 91' lang='lat' dir='ltr'>Non</span> <span class='ocrx_word' id='word_1_36' title='bbox 1088 518 1099 538; x_wconf 93' lang='lat'>,</span> <span class='ocrx_word' id='word_1_37' title='bbox 1132 484 1209 527; x_wconf 90' lang='lat' dir='ltr'>sed</span> <span class='ocrx_word' id='word_1_38' title='bbox 1229 482 1535 541; x_wconf 82' lang='lat' dir='ltr'>exploratores.</span> <span class='ocrx_word' id='word_1_39' title='bbox 1566 483 1624 524; x_wconf 91' lang='lat' dir='ltr'>Et</span> <span class='ocrx_word' id='word_1_40' title='bbox 1644 479 1708 523; x_wconf 89' lang='grc'><strong>1111</strong></span> <span class='ocrx_word' id='word_1_41' title='bbox 1724 514 1735 534; x_wconf 87' lang='grc'>,</span> 
     </span>
     <span class='ocr_line' id='line_1_6' title="bbox 355 549 1740 612; baseline -0.007 -9"><span class='ocrx_word' id='word_1_42' title='bbox 355 556 569 604; x_wconf 81' lang='lat' dir='ltr'>Catholici</span> <span class='ocrx_word' id='word_1_43' title='bbox 597 570 759 600; x_wconf 91' lang='lat' dir='ltr'>sumus.</span> <span class='ocrx_word' id='word_1_44' title='bbox 782 553 940 599; x_wconf 87' lang='lat' dir='ltr'>Conati</span> <span class='ocrx_word' id='word_1_45' title='bbox 967 561 1070 597; x_wconf 91' lang='lat' dir='ltr'>sunt</span> <span class='ocrx_word' id='word_1_46' title='bbox 1090 553 1295 612; x_wconf 86' lang='lat' dir='ltr'>injuriare</span> <span class='ocrx_word' id='word_1_47' title='bbox 1317 571 1326 596; x_wconf 74' lang='grc' dir='ltr'>ε</span> <span class='ocrx_word' id='word_1_48' title='bbox 1352 551 1529 596; x_wconf 85' lang='lat' dir='ltr'>meliore</span> <span class='ocrx_word' id='word_1_49' title='bbox 1561 549 1740 594; x_wconf 91' lang='lat' dir='ltr'>consilio</span> 
     </span>
     <span class='ocr_line' id='line_1_7' title="bbox 355 622 1737 687; baseline -0.007 -16"><span class='ocrx_word' id='word_1_50' title='bbox 355 627 561 687; x_wconf 89' lang='lat' dir='ltr'>poenituit</span> <span class='ocrx_word' id='word_1_51' title='bbox 583 640 670 670; x_wconf 89' lang='lat' dir='ltr'>eos.</span> <span class='ocrx_word' id='word_1_52' title='bbox 683 627 827 685; x_wconf 88' lang='lat' dir='ltr'>Atque</span> <span class='ocrx_word' id='word_1_53' title='bbox 849 623 1018 668; x_wconf 90' lang='lat' dir='ltr'>utinam</span> <span class='ocrx_word' id='word_1_54' title='bbox 1042 623 1101 667; x_wconf 91' lang='lat' dir='ltr'>sic</span> <span class='ocrx_word' id='word_1_55' title='bbox 1120 624 1332 683; x_wconf 87' lang='lat' dir='ltr'>poeniteat</span> <span class='ocrx_word' id='word_1_56' title='bbox 1349 632 1393 667; x_wconf 92' lang='lat' dir='ltr'>et</span> <span class='ocrx_word' id='word_1_57' title='bbox 1414 622 1476 669; x_wconf 87' lang='lat' dir='ltr'>ibi</span> <span class='ocrx_word' id='word_1_58' title='bbox 1498 635 1737 675; x_wconf 87' lang='lat' dir='ltr'>remanere,</span> 
     </span>
     <span class='ocr_line' id='line_1_8' title="bbox 355 692 1741 757; baseline -0.006 -16"><span class='ocrx_word' id='word_1_59' title='bbox 355 697 576 757; x_wconf 89' lang='lat' dir='ltr'>quomodo</span> <span class='ocrx_word' id='word_1_60' title='bbox 598 695 806 755; x_wconf 88' lang='lat' dir='ltr'>poenituit</span> <span class='ocrx_word' id='word_1_61' title='bbox 828 709 899 739; x_wconf 89' lang='lat' dir='ltr'>eos</span> <span class='ocrx_word' id='word_1_62' title='bbox 917 695 993 754; x_wconf 90' lang='lat' dir='ltr'>qui</span> <span class='ocrx_word' id='word_1_63' title='bbox 1005 694 1185 753; x_wconf 88' lang='lat' dir='ltr'>ingressi</span> <span class='ocrx_word' id='word_1_64' title='bbox 1207 692 1308 738; x_wconf 82' lang='lat' dir='ltr'>sunt</span> <span class='ocrx_word' id='word_1_65' title='bbox 1334 692 1553 752; x_wconf 87' lang='lat' dir='ltr'>injuriare.</span> <span class='ocrx_word' id='word_1_66' title='bbox 1578 694 1741 735; x_wconf 86' lang='lat' dir='ltr'>Tamen</span> 
     </span>
     <span class='ocr_line' id='line_1_9' title="bbox 355 761 1741 826; baseline -0.005 -15"><span class='ocrx_word' id='word_1_67' title='bbox 355 782 465 826; x_wconf 83' lang='lat' dir='ltr'>quos</span> <span class='ocrx_word' id='word_1_68' title='bbox 486 766 799 826; x_wconf 81' lang='lat' dir='ltr'>projecerunt?</span> <span class='ocrx_word' id='word_1_69' title='bbox 825 764 1120 818; x_wconf 86' lang='lat' dir='ltr'>Christianos,</span> <span class='ocrx_word' id='word_1_70' title='bbox 1143 763 1316 818; x_wconf 86' lang='lat' dir='ltr'>fideles,</span> <span class='ocrx_word' id='word_1_71' title='bbox 1341 761 1594 807; x_wconf 90' lang='lat' dir='ltr'>catholicos.</span> <span class='ocrx_word' id='word_1_72' title='bbox 1622 763 1741 814; x_wconf 87' lang='lat' dir='ltr'>Quos</span> 
     </span>
     <span class='ocr_line' id='line_1_10' title="bbox 358 831 1743 893; baseline -0.004 -14"><span class='ocrx_word' id='word_1_73' title='bbox 358 837 604 893; x_wconf 87' lang='lat' dir='ltr'>tenuerint,</span> <span class='ocrx_word' id='word_1_74' title='bbox 631 835 734 880; x_wconf 90' lang='lat' dir='ltr'>nolo</span> <span class='ocrx_word' id='word_1_75' title='bbox 756 835 914 879; x_wconf 87' lang='lat' dir='ltr'>dicere.</span> <span class='ocrx_word' id='word_1_76' title='bbox 940 838 1054 887; x_wconf 86' lang='lat' dir='ltr'>Quos</span> <span class='ocrx_word' id='word_1_77' title='bbox 1076 833 1350 893; x_wconf 88' lang='lat' dir='ltr'>projecerint,</span> <span class='ocrx_word' id='word_1_78' title='bbox 1376 831 1528 877; x_wconf 89' lang='lat' dir='ltr'>video:</span> <span class='ocrx_word' id='word_1_79' title='bbox 1546 845 1655 890; x_wconf 91' lang='lat' dir='ltr'>quos</span> <span class='ocrx_word' id='word_1_80' title='bbox 1676 838 1743 873; x_wconf 85' lang='lat' dir='ltr'>te-</span> 
     </span>
     <span class='ocr_line' id='line_1_11' title="bbox 357 905 846 966; baseline -0.002 -16"><span class='ocrx_word' id='word_1_81' title='bbox 357 907 533 950; x_wconf 90' lang='lat' dir='ltr'>nuerint</span> <span class='ocrx_word' id='word_1_82' title='bbox 549 942 560 961; x_wconf 93' lang='lat'>,</span> <span class='ocrx_word' id='word_1_83' title='bbox 585 906 667 966; x_wconf 89' lang='lat' dir='ltr'>ipsi</span> <span class='ocrx_word' id='word_1_84' title='bbox 684 905 846 950; x_wconf 89' lang='lat' dir='ltr'>dicant.</span> 
     </span>
    </p>

    <p class='ocr_par' dir='ltr' id='par_1_3' title="bbox 357 971 1751 1942">
     <span class='ocr_line' id='line_1_12' title="bbox 415 971 1746 1035; baseline -0.006 -14"><span class='ocrx_word' id='word_1_85' title='bbox 415 979 605 1021; x_wconf 84' lang='lat' dir='ltr'><strong>XXXII.</strong></span> <span class='ocrx_word' id='word_1_86' title='bbox 631 977 785 1021; x_wconf 86' lang='lat' dir='ltr'>Dicant</span> <span class='ocrx_word' id='word_1_87' title='bbox 805 990 908 1035; x_wconf 87' lang='lat' dir='ltr'>ergo</span> <span class='ocrx_word' id='word_1_88' title='bbox 927 989 1078 1020; x_wconf 88' lang='lat' dir='ltr'>vocem</span> <span class='ocrx_word' id='word_1_89' title='bbox 1100 989 1223 1019; x_wconf 90' lang='lat' dir='ltr'>suam</span> <span class='ocrx_word' id='word_1_90' title='bbox 1242 992 1251 1018; x_wconf 72' lang='grc' dir='ltr'>ε</span> <span class='ocrx_word' id='word_1_91' title='bbox 1267 973 1490 1018; x_wconf 88' lang='lat' dir='ltr'>videamus</span> <span class='ocrx_word' id='word_1_92' title='bbox 1508 987 1563 1016; x_wconf 89' lang='lat' dir='ltr'>an</span> <span class='ocrx_word' id='word_1_93' title='bbox 1584 971 1746 1016; x_wconf 90' lang='lat' dir='ltr'>Christi</span> 
     </span>
     <span class='ocr_line' id='line_1_13' title="bbox 360 1040 1745 1106; baseline -0.004 -17"><span class='ocrx_word' id='word_1_94' title='bbox 360 1047 415 1090; x_wconf 90' lang='lat' dir='ltr'>sit</span> <span class='ocrx_word' id='word_1_95' title='bbox 441 1062 551 1101; x_wconf 81' lang='lat' dir='ltr'>vox,</span> <span class='ocrx_word' id='word_1_96' title='bbox 577 1063 633 1091; x_wconf 88' lang='lat' dir='ltr'>an</span> <span class='ocrx_word' id='word_1_97' title='bbox 661 1047 842 1106; x_wconf 90' lang='lat' dir='ltr'>pastoris</span> <span class='ocrx_word' id='word_1_98' title='bbox 865 1046 918 1091; x_wconf 89' lang='lat' dir='ltr'>sit</span> <span class='ocrx_word' id='word_1_99' title='bbox 945 1061 1053 1101; x_wconf 86' lang='lat' dir='ltr'>vox,</span> <span class='ocrx_word' id='word_1_100' title='bbox 1078 1060 1211 1105; x_wconf 88' lang='lat' dir='ltr'>quam</span> <span class='ocrx_word' id='word_1_101' title='bbox 1233 1052 1470 1103; x_wconf 89' lang='lat' dir='ltr'>sequantur</span> <span class='ocrx_word' id='word_1_102' title='bbox 1501 1057 1616 1087; x_wconf 88' lang='lat' dir='ltr'>oves.</span> <span class='ocrx_word' id='word_1_103' title='bbox 1649 1040 1745 1085; x_wconf 88' lang='lat' dir='ltr'>Sive</span> 
     </span>
     <span class='ocr_line' id='line_1_14' title="bbox 358 1114 1746 1175; baseline -0.004 -16"><span class='ocrx_word' id='word_1_104' title='bbox 358 1131 436 1175; x_wconf 90' lang='lat' dir='ltr'>per</span> <span class='ocrx_word' id='word_1_105' title='bbox 454 1117 621 1160; x_wconf 85' lang='lat' dir='ltr'>bonum</span> <span class='ocrx_word' id='word_1_106' title='bbox 643 1118 697 1159; x_wconf 89' lang='lat' dir='ltr'>sit</span> <span class='ocrx_word' id='word_1_107' title='bbox 717 1131 799 1160; x_wconf 78' lang='lat' dir='ltr'>vox</span> <span class='ocrx_word' id='word_1_108' title='bbox 820 1118 922 1169; x_wconf 87' lang='lat' dir='ltr'>ista,</span> <span class='ocrx_word' id='word_1_109' title='bbox 947 1117 1034 1159; x_wconf 90' lang='lat' dir='ltr'>sive</span> <span class='ocrx_word' id='word_1_110' title='bbox 1049 1131 1127 1174; x_wconf 91' lang='lat' dir='ltr'>per</span> <span class='ocrx_word' id='word_1_111' title='bbox 1147 1114 1313 1158; x_wconf 86' lang='lat' dir='ltr'>malum</span> <span class='ocrx_word' id='word_1_112' title='bbox 1333 1114 1571 1167; x_wconf 90' lang='lat' dir='ltr'>hominem,</span> <span class='ocrx_word' id='word_1_113' title='bbox 1596 1120 1746 1155; x_wconf 89' lang='lat' dir='ltr'>utrum</span> 
     </span>
     <span class='ocr_line' id='line_1_15' title="bbox 357 1181 1743 1244; baseline -0.004 -15"><span class='ocrx_word' id='word_1_114' title='bbox 357 1185 538 1244; x_wconf 86' lang='lat' dir='ltr'>pastoris</span> <span class='ocrx_word' id='word_1_115' title='bbox 559 1185 613 1228; x_wconf 89' lang='lat' dir='ltr'>sit</span> <span class='ocrx_word' id='word_1_116' title='bbox 634 1199 738 1239; x_wconf 85' lang='lat' dir='ltr'>vox,</span> <span class='ocrx_word' id='word_1_117' title='bbox 764 1183 1055 1228; x_wconf 89' lang='lat' dir='ltr'>attendamus.</span> <span class='ocrx_word' id='word_1_118' title='bbox 1081 1183 1250 1236; x_wconf 85' lang='lat' dir='ltr'>Quaerit</span> <span class='ocrx_word' id='word_1_119' title='bbox 1270 1184 1468 1227; x_wconf 83' lang='lat' dir='ltr'>infirmus</span> <span class='ocrx_word' id='word_1_120' title='bbox 1490 1181 1743 1234; x_wconf 84' lang='lat' dir='ltr'>Ecclesiam,</span> 
     </span>
     <span class='ocr_line' id='line_1_16' title="bbox 359 1250 1747 1314; baseline -0.004 -17"><span class='ocrx_word' id='word_1_121' title='bbox 359 1255 516 1314; x_wconf 86' lang='lat' dir='ltr'>quaerit</span> <span class='ocrx_word' id='word_1_122' title='bbox 537 1269 683 1296; x_wconf 88' lang='lat' dir='ltr'>errans</span> <span class='ocrx_word' id='word_1_123' title='bbox 705 1252 953 1299; x_wconf 88' lang='lat' dir='ltr'>Ecclesiam.</span> <span class='ocrx_word' id='word_1_124' title='bbox 979 1256 1044 1296; x_wconf 90' lang='lat' dir='ltr'>Tu</span> <span class='ocrx_word' id='word_1_125' title='bbox 1061 1252 1169 1312; x_wconf 87' lang='lat' dir='ltr'>quid</span> <span class='ocrx_word' id='word_1_126' title='bbox 1191 1251 1329 1296; x_wconf 76' lang='lat' dir='ltr'>dicis?</span> <span class='ocrx_word' id='word_1_127' title='bbox 1353 1253 1490 1296; x_wconf 89' lang='lat' dir='ltr'>Partis</span> <span class='ocrx_word' id='word_1_128' title='bbox 1509 1250 1668 1296; x_wconf 88' lang='lat' dir='ltr'>Donati</span> <span class='ocrx_word' id='word_1_129' title='bbox 1684 1257 1747 1293; x_wconf 90' lang='lat' dir='ltr'>est</span> 
     </span>
     <span class='ocr_line' id='line_1_17' title="bbox 359 1317 1746 1379; baseline -0.006 -10"><span class='ocrx_word' id='word_1_130' title='bbox 359 1323 568 1369; x_wconf 89' lang='lat' dir='ltr'>Ecclesia.</span> <span class='ocrx_word' id='word_1_131' title='bbox 594 1325 688 1379; x_wconf 88' lang='lat' dir='ltr'>Ego</span> <span class='ocrx_word' id='word_1_132' title='bbox 709 1336 861 1365; x_wconf 88' lang='lat' dir='ltr'>vocem</span> <span class='ocrx_word' id='word_1_133' title='bbox 884 1320 1063 1379; x_wconf 88' lang='lat' dir='ltr'>pastoris</span> <span class='ocrx_word' id='word_1_134' title='bbox 1085 1321 1275 1378; x_wconf 88' lang='lat' dir='ltr'>inquiro.</span> <span class='ocrx_word' id='word_1_135' title='bbox 1304 1326 1419 1378; x_wconf 85' lang='lat' dir='ltr'>Lege</span> <span class='ocrx_word' id='word_1_136' title='bbox 1442 1323 1525 1364; x_wconf 91' lang='lat' dir='ltr'>hoc</span> <span class='ocrx_word' id='word_1_137' title='bbox 1562 1319 1669 1362; x_wconf 89' lang='lat' dir='ltr'>mihi</span> <span class='ocrx_word' id='word_1_138' title='bbox 1691 1317 1746 1362; x_wconf 90' lang='lat' dir='ltr'>de</span> 
     </span>
     <span class='ocr_line' id='line_1_18' title="bbox 360 1389 1747 1452; baseline -0.004 -14"><span class='ocrx_word' id='word_1_139' title='bbox 360 1394 578 1452; x_wconf 86' lang='lat' dir='ltr'>Propheta</span> <span class='ocrx_word' id='word_1_140' title='bbox 593 1427 603 1447; x_wconf 95' lang='lat'>,</span> <span class='ocrx_word' id='word_1_141' title='bbox 628 1391 723 1449; x_wconf 87' lang='lat' dir='ltr'>lege</span> <span class='ocrx_word' id='word_1_142' title='bbox 739 1391 846 1434; x_wconf 89' lang='lat' dir='ltr'>mihi</span> <span class='ocrx_word' id='word_1_143' title='bbox 868 1390 922 1433; x_wconf 90' lang='lat' dir='ltr'>de</span> <span class='ocrx_word' id='word_1_144' title='bbox 946 1390 1133 1445; x_wconf 85' lang='lat' dir='ltr'>Psalmo,</span> <span class='ocrx_word' id='word_1_145' title='bbox 1159 1390 1291 1434; x_wconf 88' lang='lat' dir='ltr'>recita</span> <span class='ocrx_word' id='word_1_146' title='bbox 1313 1389 1420 1433; x_wconf 89' lang='lat' dir='ltr'>mihi</span> <span class='ocrx_word' id='word_1_147' title='bbox 1442 1390 1496 1434; x_wconf 91' lang='lat' dir='ltr'>de</span> <span class='ocrx_word' id='word_1_148' title='bbox 1515 1393 1653 1448; x_wconf 92' lang='lat' dir='ltr'>Lege,</span> <span class='ocrx_word' id='word_1_149' title='bbox 1679 1404 1747 1433; x_wconf 92' lang='lat' dir='ltr'>re-</span> 
     </span>
     <span class='ocr_line' id='line_1_19' title="bbox 360 1459 1747 1519; baseline -0.002 -12"><span class='ocrx_word' id='word_1_150' title='bbox 360 1463 444 1508; x_wconf 88' lang='lat' dir='ltr'>cita</span> <span class='ocrx_word' id='word_1_151' title='bbox 466 1463 520 1506; x_wconf 92' lang='lat' dir='ltr'>de</span> <span class='ocrx_word' id='word_1_152' title='bbox 554 1460 809 1519; x_wconf 77' lang='lat' dir='ltr'>Evangelio,</span> <span class='ocrx_word' id='word_1_153' title='bbox 844 1460 977 1504; x_wconf 88' lang='lat' dir='ltr'>recita</span> <span class='ocrx_word' id='word_1_154' title='bbox 1011 1459 1065 1503; x_wconf 93' lang='lat' dir='ltr'>de</span> <span class='ocrx_word' id='word_1_155' title='bbox 1093 1460 1319 1519; x_wconf 88' lang='lat' dir='ltr'>Apostolo.</span> <span class='ocrx_word' id='word_1_156' title='bbox 1358 1460 1467 1504; x_wconf 90' lang='lat' dir='ltr'>Inde</span> <span class='ocrx_word' id='word_1_157' title='bbox 1498 1475 1579 1519; x_wconf 90' lang='lat' dir='ltr'>ego</span> <span class='ocrx_word' id='word_1_158' title='bbox 1613 1460 1747 1504; x_wconf 89' lang='lat' dir='ltr'>recito</span> 
     </span>
     <span class='ocr_line' id='line_1_20' title="bbox 359 1529 1744 1586; baseline -0.002 -9"><span class='ocrx_word' id='word_1_159' title='bbox 359 1533 596 1577; x_wconf 89' lang='lat' dir='ltr'>Ecclesiam</span> <span class='ocrx_word' id='word_1_160' title='bbox 626 1541 719 1576; x_wconf 88' lang='lat' dir='ltr'>toto</span> <span class='ocrx_word' id='word_1_161' title='bbox 749 1531 853 1576; x_wconf 87' lang='lat' dir='ltr'>orbe</span> <span class='ocrx_word' id='word_1_162' title='bbox 888 1530 1115 1586; x_wconf 83' lang='lat' dir='ltr'>diffusam,</span> <span class='ocrx_word' id='word_1_163' title='bbox 1149 1540 1192 1575; x_wconf 92' lang='lat' dir='ltr'>et</span> <span class='ocrx_word' id='word_1_164' title='bbox 1213 1531 1450 1575; x_wconf 86' lang='lat' dir='ltr'>Dominum</span> <span class='ocrx_word' id='word_1_165' title='bbox 1479 1529 1699 1575; x_wconf 84' lang='lat' dir='ltr'>dicentem</span> <span class='ocrx_word' id='word_1_166' title='bbox 1735 1549 1744 1574; x_wconf 91' lang='lat'>:</span> 
     </span>
     <span class='ocr_line' id='line_1_21' title="bbox 362 1601 1747 1660; baseline 0 -15"><span class='ocrx_word' id='word_1_167' title='bbox 362 1621 383 1645; x_wconf 83' lang='grc'>))</span> <span class='ocrx_word' id='word_1_168' title='bbox 419 1608 524 1656; x_wconf 83' lang='lat' dir='ltr'>Quae</span> <span class='ocrx_word' id='word_1_169' title='bbox 547 1612 649 1646; x_wconf 90' lang='lat' dir='ltr'>sunt</span> <span class='ocrx_word' id='word_1_170' title='bbox 670 1617 770 1647; x_wconf 90' lang='lat' dir='ltr'>oves</span> <span class='ocrx_word' id='word_1_171' title='bbox 792 1617 916 1656; x_wconf 85' lang='lat' dir='ltr'>meae,</span> <span class='ocrx_word' id='word_1_172' title='bbox 940 1616 1092 1646; x_wconf 87' lang='lat' dir='ltr'>vocem</span> <span class='ocrx_word' id='word_1_173' title='bbox 1110 1617 1252 1645; x_wconf 89' lang='lat' dir='ltr'>meam</span> <span class='ocrx_word' id='word_1_174' title='bbox 1267 1601 1468 1655; x_wconf 90' lang='lat' dir='ltr'>audiunt,</span> <span class='ocrx_word' id='word_1_175' title='bbox 1486 1610 1528 1645; x_wconf 91' lang='lat' dir='ltr'>et</span> <span class='ocrx_word' id='word_1_176' title='bbox 1551 1616 1747 1660; x_wconf 91' lang='lat' dir='ltr'>sequun-</span> 
     </span>
     <span class='ocr_line' id='line_1_22' title="bbox 363 1672 1750 1731; baseline 0 -16"><span class='ocrx_word' id='word_1_177' title='bbox 363 1692 384 1715; x_wconf 90' lang='lat'>»</span> <span class='ocrx_word' id='word_1_178' title='bbox 420 1683 491 1718; x_wconf 84' lang='lat' dir='ltr'>tur</span> <span class='ocrx_word' id='word_1_179' title='bbox 513 1676 623 1717; x_wconf 84' lang='lat' dir='ltr'>me¹.</span> <span class='ocrx_word' id='word_1_180' title='bbox 646 1691 666 1715; x_wconf 87' lang='lat'>»</span> <span class='ocrx_word' id='word_1_181' title='bbox 693 1677 797 1725; x_wconf 83' lang='lat' dir='ltr'>Quae</span> <span class='ocrx_word' id='word_1_182' title='bbox 815 1681 880 1716; x_wconf 89' lang='lat' dir='ltr'>est</span> <span class='ocrx_word' id='word_1_183' title='bbox 899 1687 983 1716; x_wconf 79' lang='lat' dir='ltr'>vox</span> <span class='ocrx_word' id='word_1_184' title='bbox 1003 1673 1217 1731; x_wconf 81' lang='lat' dir='ltr'>pastoris?</span> <span class='ocrx_word' id='word_1_185' title='bbox 1238 1691 1258 1714; x_wconf 92' lang='lat'>«</span> <span class='ocrx_word' id='word_1_186' title='bbox 1280 1676 1337 1716; x_wconf 91' lang='lat' dir='ltr'>Et</span> <span class='ocrx_word' id='word_1_187' title='bbox 1354 1672 1581 1731; x_wconf 85' lang='lat' dir='ltr'>praedicari</span> <span class='ocrx_word' id='word_1_188' title='bbox 1596 1672 1642 1715; x_wconf 90' lang='lat' dir='ltr'>in</span> <span class='ocrx_word' id='word_1_189' title='bbox 1665 1687 1750 1716; x_wconf 91' lang='lat' dir='ltr'>no-</span> 
     </span>
     <span class='ocr_line' id='line_1_23' title="bbox 363 1743 1749 1802; baseline -0.001 -16"><span class='ocrx_word' id='word_1_190' title='bbox 363 1762 384 1786; x_wconf 89' lang='lat'>»</span> <span class='ocrx_word' id='word_1_191' title='bbox 421 1745 536 1788; x_wconf 90' lang='lat' dir='ltr'>mine</span> <span class='ocrx_word' id='word_1_192' title='bbox 560 1745 649 1802; x_wconf 87' lang='lat' dir='ltr'>ejus</span> <span class='ocrx_word' id='word_1_193' title='bbox 671 1743 975 1802; x_wconf 85' lang='lat' dir='ltr'>poenitentiam</span> <span class='ocrx_word' id='word_1_194' title='bbox 998 1752 1041 1787; x_wconf 91' lang='lat' dir='ltr'>et</span> <span class='ocrx_word' id='word_1_195' title='bbox 1058 1743 1356 1789; x_wconf 89' lang='lat' dir='ltr'>remissionem</span> <span class='ocrx_word' id='word_1_196' title='bbox 1374 1752 1653 1802; x_wconf 89' lang='lat' dir='ltr'>peccatorum</span> <span class='ocrx_word' id='word_1_197' title='bbox 1672 1757 1749 1801; x_wconf 87' lang='lat' dir='ltr'>per</span> 
     </span>
     <span class='ocr_line' id='line_1_24' title="bbox 364 1812 1751 1872; baseline 0 -17"><span class='ocrx_word' id='word_1_198' title='bbox 364 1832 386 1855; x_wconf 88' lang='lat'>»</span> <span class='ocrx_word' id='word_1_199' title='bbox 422 1829 570 1858; x_wconf 86' lang='lat' dir='ltr'>omnes</span> <span class='ocrx_word' id='word_1_200' title='bbox 589 1821 758 1872; x_wconf 79' lang='lat' dir='ltr'>gentes,</span> <span class='ocrx_word' id='word_1_201' title='bbox 781 1813 1090 1872; x_wconf 89' lang='lat' dir='ltr'>incipientibus</span> <span class='ocrx_word' id='word_1_202' title='bbox 1113 1814 1167 1857; x_wconf 87' lang='lat' dir='ltr'>ab</span> <span class='ocrx_word' id='word_1_203' title='bbox 1191 1812 1470 1857; x_wconf 79' lang='lat' dir='ltr'>Jerusalem2.</span> <span class='ocrx_word' id='word_1_204' title='bbox 1492 1831 1511 1854; x_wconf 88' lang='lat'>»</span> <span class='ocrx_word' id='word_1_205' title='bbox 1533 1815 1646 1857; x_wconf 88' lang='lat' dir='ltr'>Ecce</span> <span class='ocrx_word' id='word_1_206' title='bbox 1667 1827 1751 1856; x_wconf 85' lang='lat' dir='ltr'>vox</span> 
     </span>
     <span class='ocr_line' id='line_1_25' title="bbox 365 1883 1290 1942; baseline -0.002 -15"><span class='ocrx_word' id='word_1_207' title='bbox 365 1884 565 1942; x_wconf 86' lang='lat' dir='ltr'>pastoris,</span> <span class='ocrx_word' id='word_1_208' title='bbox 581 1898 763 1941; x_wconf 85' lang='lat' dir='ltr'>agnosce</span> <span class='ocrx_word' id='word_1_209' title='bbox 783 1893 826 1927; x_wconf 89' lang='lat' dir='ltr'>et</span> <span class='ocrx_word' id='word_1_210' title='bbox 847 1897 1048 1942; x_wconf 82' lang='lat' dir='ltr'>sequere,</span> <span class='ocrx_word' id='word_1_211' title='bbox 1074 1883 1107 1925; x_wconf 91' lang='lat' dir='ltr'>si</span> <span class='ocrx_word' id='word_1_212' title='bbox 1121 1883 1211 1927; x_wconf 86' lang='lat' dir='ltr'>ovis</span> <span class='ocrx_word' id='word_1_213' title='bbox 1233 1898 1290 1926; x_wconf 90' lang='lat' dir='ltr'>es.</span> 
     </span>
    </p>

    <p class='ocr_par' dir='ltr' id='par_1_4' title="bbox 367 1951 1752 2483">
     <span class='ocr_line' id='line_1_26' title="bbox 423 1951 1749 2006; baseline 0 -10"><span class='ocrx_word' id='word_1_214' title='bbox 423 1955 632 1997; x_wconf 86' lang='lat' dir='ltr'><strong>XXXIII.</strong></span> <span class='ocrx_word' id='word_1_215' title='bbox 663 1952 747 1997; x_wconf 87' lang='lat' dir='ltr'>Sed</span> <span class='ocrx_word' id='word_1_216' title='bbox 765 1952 827 1996; x_wconf 89' lang='lat' dir='ltr'>illi</span> <span class='ocrx_word' id='word_1_217' title='bbox 847 1952 1017 1996; x_wconf 90' lang='lat' dir='ltr'>codices</span> <span class='ocrx_word' id='word_1_218' title='bbox 1040 1951 1338 2006; x_wconf 90' lang='lat' dir='ltr'>tradiderunt,</span> <span class='ocrx_word' id='word_1_219' title='bbox 1355 1960 1398 1995; x_wconf 91' lang='lat' dir='ltr'>et</span> <span class='ocrx_word' id='word_1_220' title='bbox 1419 1951 1482 1995; x_wconf 89' lang='lat' dir='ltr'>illi</span> <span class='ocrx_word' id='word_1_221' title='bbox 1504 1953 1604 1996; x_wconf 93' lang='lat' dir='ltr'>thus</span> <span class='ocrx_word' id='word_1_222' title='bbox 1624 1951 1749 1997; x_wconf 91' lang='lat' dir='ltr'>idolis</span> 
     </span>
     <span class='ocr_line' id='line_1_27' title="bbox 367 2021 1751 2081; baseline -0.001 -15"><span class='ocrx_word' id='word_1_223' title='bbox 367 2031 630 2081; x_wconf 84' lang='lat' dir='ltr'>posuerunt,</span> <span class='ocrx_word' id='word_1_224' title='bbox 650 2022 722 2066; x_wconf 78' lang='lat' dir='ltr'>ille</span> <span class='ocrx_word' id='word_1_225' title='bbox 744 2031 787 2065; x_wconf 91' lang='lat' dir='ltr'>et</span> <span class='ocrx_word' id='word_1_226' title='bbox 818 2022 905 2065; x_wconf 89' lang='lat' dir='ltr'>ille.</span> <span class='ocrx_word' id='word_1_227' title='bbox 933 2021 1046 2074; x_wconf 88' lang='lat' dir='ltr'>Quid</span> <span class='ocrx_word' id='word_1_228' title='bbox 1068 2021 1123 2065; x_wconf 90' lang='lat' dir='ltr'>ad</span> <span class='ocrx_word' id='word_1_229' title='bbox 1151 2037 1221 2065; x_wconf 93' lang='lat' dir='ltr'>me</span> <span class='ocrx_word' id='word_1_230' title='bbox 1246 2022 1300 2065; x_wconf 89' lang='lat' dir='ltr'>de</span> <span class='ocrx_word' id='word_1_231' title='bbox 1327 2021 1402 2065; x_wconf 86' lang='lat' dir='ltr'>illo</span> <span class='ocrx_word' id='word_1_232' title='bbox 1431 2030 1474 2065; x_wconf 88' lang='lat' dir='ltr'>et</span> <span class='ocrx_word' id='word_1_233' title='bbox 1495 2021 1603 2066; x_wconf 74' lang='lat' dir='ltr'>illo?</span> <span class='ocrx_word' id='word_1_234' title='bbox 1627 2023 1669 2067; x_wconf 86' lang='lat' dir='ltr'>Si</span> <span class='ocrx_word' id='word_1_235' title='bbox 1685 2023 1751 2066; x_wconf 85' lang='lat' dir='ltr'>fe-</span> 
     </span>
     <span class='ocr_line' id='line_1_28' title="bbox 367 2091 1749 2151; baseline -0.002 -15"><span class='ocrx_word' id='word_1_236' title='bbox 367 2101 545 2148; x_wconf 89' lang='lat' dir='ltr'>cerunt,</span> <span class='ocrx_word' id='word_1_237' title='bbox 574 2107 664 2137; x_wconf 92' lang='lat' dir='ltr'>non</span> <span class='ocrx_word' id='word_1_238' title='bbox 701 2100 802 2136; x_wconf 84' lang='lat' dir='ltr'>sunt</span> <span class='ocrx_word' id='word_1_239' title='bbox 824 2100 1015 2151; x_wconf 87' lang='lat' dir='ltr'>pastores</span> <span class='ocrx_word' id='word_1_240' title='bbox 1050 2111 1058 2135; x_wconf 79' lang='lat'>2</span> <span class='ocrx_word' id='word_1_241' title='bbox 1089 2100 1138 2135; x_wconf 88' lang='lat' dir='ltr'>tu</span> <span class='ocrx_word' id='word_1_242' title='bbox 1172 2107 1322 2137; x_wconf 89' lang='lat' dir='ltr'>vocem</span> <span class='ocrx_word' id='word_1_243' title='bbox 1354 2092 1535 2146; x_wconf 82' lang='lat' dir='ltr'>pastoris</span> <span class='ocrx_word' id='word_1_244' title='bbox 1562 2091 1749 2145; x_wconf 71' lang='lat' dir='ltr'>edicito,</span> 
     </span>
     <span class='ocr_line' id='line_1_29' title="bbox 370 2156 1747 2217; baseline -0.002 -12"><span class='ocrx_word' id='word_1_245' title='bbox 370 2162 475 2217; x_wconf 87' lang='lat' dir='ltr'>quia</span> <span class='ocrx_word' id='word_1_246' title='bbox 498 2177 578 2204; x_wconf 66' lang='lat' dir='ltr'>new.</span> <span class='ocrx_word' id='word_1_247' title='bbox 609 2161 663 2199; x_wconf 80' lang='lat' dir='ltr'>de</span> <span class='ocrx_word' id='word_1_248' title='bbox 698 2160 781 2199; x_wconf 72' lang='lat' dir='ltr'>illio</span> <span class='ocrx_word' id='word_1_249' title='bbox 802 2176 953 2200; x_wconf 79' lang='lat' dir='ltr'>vocem</span> <span class='ocrx_word' id='word_1_250' title='bbox 976 2156 1154 2214; x_wconf 86' lang='lat' dir='ltr'>pastoris</span> <span class='ocrx_word' id='word_1_251' title='bbox 1189 2157 1434 2202; x_wconf 84' lang='lat' dir='ltr'>annuntias.</span> <span class='ocrx_word' id='word_1_252' title='bbox 1463 2161 1526 2202; x_wconf 92' lang='lat' dir='ltr'>Tu</span> <span class='ocrx_word' id='word_1_253' title='bbox 1555 2173 1747 2213; x_wconf 86' lang='lat' dir='ltr'>accusas,</span> 
     </span>
     <span class='ocr_line' id='line_1_30' title="bbox 367 2225 1752 2287; baseline -0.001 -14"><span class='ocrx_word' id='word_1_254' title='bbox 367 2244 456 2273; x_wconf 92' lang='lat' dir='ltr'>non</span> <span class='ocrx_word' id='word_1_255' title='bbox 474 2225 790 2285; x_wconf 78' lang='lat' dir='ltr'>Evangelium3</span> <span class='ocrx_word' id='word_1_256' title='bbox 826 2234 875 2269; x_wconf 85' lang='lat' dir='ltr'>tu</span> <span class='ocrx_word' id='word_1_257' title='bbox 897 2241 1091 2281; x_wconf 85' lang='lat' dir='ltr'>accusas,</span> <span class='ocrx_word' id='word_1_258' title='bbox 1116 2241 1207 2270; x_wconf 88' lang='lat' dir='ltr'>non</span> <span class='ocrx_word' id='word_1_259' title='bbox 1235 2228 1472 2285; x_wconf 87' lang='lat' dir='ltr'>Propheta,</span> <span class='ocrx_word' id='word_1_260' title='bbox 1505 2243 1595 2272; x_wconf 91' lang='lat' dir='ltr'>non</span> <span class='ocrx_word' id='word_1_261' title='bbox 1616 2231 1752 2287; x_wconf 90' lang='lat' dir='ltr'>Apos-</span> 
     </span>
     <span class='ocr_line' id='line_1_31' title="bbox 367 2295 1751 2356; baseline -0.002 -13"><span class='ocrx_word' id='word_1_262' title='bbox 367 2298 482 2343; x_wconf 85' lang='lat' dir='ltr'>tolus</span> <span class='ocrx_word' id='word_1_263' title='bbox 504 2316 512 2341; x_wconf 93' lang='lat'>:</span> <span class='ocrx_word' id='word_1_264' title='bbox 539 2297 593 2341; x_wconf 90' lang='lat' dir='ltr'>de</span> <span class='ocrx_word' id='word_1_265' title='bbox 610 2312 698 2356; x_wconf 90' lang='lat' dir='ltr'>quo</span> <span class='ocrx_word' id='word_1_266' title='bbox 719 2295 827 2340; x_wconf 87' lang='lat' dir='ltr'>mihi</span> <span class='ocrx_word' id='word_1_267' title='bbox 847 2310 931 2340; x_wconf 80' lang='lat' dir='ltr'>vox</span> <span class='ocrx_word' id='word_1_268' title='bbox 947 2297 1026 2339; x_wconf 89' lang='lat' dir='ltr'>ista</span> <span class='ocrx_word' id='word_1_269' title='bbox 1049 2296 1245 2355; x_wconf 91' lang='lat' dir='ltr'>loquitur</span> <span class='ocrx_word' id='word_1_270' title='bbox 1262 2330 1273 2351; x_wconf 97' lang='lat'>,</span> <span class='ocrx_word' id='word_1_271' title='bbox 1299 2295 1353 2340; x_wconf 90' lang='lat' dir='ltr'>de</span> <span class='ocrx_word' id='word_1_272' title='bbox 1375 2295 1449 2341; x_wconf 86' lang='lat' dir='ltr'>illo</span> <span class='ocrx_word' id='word_1_273' title='bbox 1480 2297 1634 2354; x_wconf 71' lang='lat' dir='ltr'>credo,</span> <span class='ocrx_word' id='word_1_274' title='bbox 1660 2298 1751 2341; x_wconf 92' lang='lat' dir='ltr'>aliis</span> 
     </span>
     <span class='ocr_line' id='line_1_32' title="bbox 370 2364 1747 2425; baseline -0.001 -13"><span class='ocrx_word' id='word_1_275' title='bbox 370 2382 461 2412; x_wconf 89' lang='lat' dir='ltr'>non</span> <span class='ocrx_word' id='word_1_276' title='bbox 483 2366 630 2409; x_wconf 89' lang='lat' dir='ltr'>credo.</span> <span class='ocrx_word' id='word_1_277' title='bbox 653 2364 738 2410; x_wconf 88' lang='lat' dir='ltr'>Sed</span> <span class='ocrx_word' id='word_1_278' title='bbox 758 2368 866 2410; x_wconf 86' lang='lat' dir='ltr'>Acta</span> <span class='ocrx_word' id='word_1_279' title='bbox 883 2365 1048 2424; x_wconf 87' lang='lat' dir='ltr'>profers</span> <span class='ocrx_word' id='word_1_280' title='bbox 1067 2384 1076 2410; x_wconf 78' lang='lat'><em>2</em></span> <span class='ocrx_word' id='word_1_281' title='bbox 1096 2369 1203 2410; x_wconf 86' lang='lat' dir='ltr'>Acta</span> <span class='ocrx_word' id='word_1_282' title='bbox 1223 2365 1411 2425; x_wconf 86' lang='lat' dir='ltr'>profero.</span> <span class='ocrx_word' id='word_1_283' title='bbox 1433 2366 1617 2413; x_wconf 87' lang='lat' dir='ltr'>Credam</span> <span class='ocrx_word' id='word_1_284' title='bbox 1636 2367 1720 2411; x_wconf 92' lang='lat' dir='ltr'>tuis</span> <span class='ocrx_word' id='word_1_285' title='bbox 1738 2386 1747 2411; x_wconf 89' lang='lat'>:</span> 
     </span>
     <span class='ocr_line' id='line_1_33' title="bbox 371 2435 1752 2483; baseline 0.001 -2"><span class='ocrx_word' id='word_1_286' title='bbox 371 2435 501 2481; x_wconf 87' lang='lat' dir='ltr'>crede</span> <span class='ocrx_word' id='word_1_287' title='bbox 520 2444 563 2478; x_wconf 91' lang='lat' dir='ltr'>et</span> <span class='ocrx_word' id='word_1_288' title='bbox 584 2443 634 2478; x_wconf 92' lang='lat' dir='ltr'>tu</span> <span class='ocrx_word' id='word_1_289' title='bbox 654 2435 773 2479; x_wconf 88' lang='lat' dir='ltr'>meis.</span> <span class='ocrx_word' id='word_1_290' title='bbox 802 2437 903 2481; x_wconf 90' lang='lat' dir='ltr'>Non</span> <span class='ocrx_word' id='word_1_291' title='bbox 928 2436 1058 2480; x_wconf 88' lang='lat' dir='ltr'>credo</span> <span class='ocrx_word' id='word_1_292' title='bbox 1074 2436 1158 2482; x_wconf 90' lang='lat' dir='ltr'>tuis</span> <span class='ocrx_word' id='word_1_293' title='bbox 1181 2455 1189 2481; x_wconf 90' lang='lat'>:</span> <span class='ocrx_word' id='word_1_294' title='bbox 1210 2436 1301 2482; x_wconf 90' lang='lat' dir='ltr'>noli</span> <span class='ocrx_word' id='word_1_295' title='bbox 1318 2438 1493 2483; x_wconf 87' lang='lat' dir='ltr'>credere</span> <span class='ocrx_word' id='word_1_296' title='bbox 1514 2438 1636 2483; x_wconf 88' lang='lat' dir='ltr'>meis.</span> <span class='ocrx_word' id='word_1_297' title='bbox 1659 2440 1752 2483; x_wconf 87' lang='lat' dir='ltr'>Au-</span> 
     </span>
    </p>
   </div>
   <div class='ocr_carea' id='block_1_3' title="bbox 421 2521 1042 2564">
    <p class='ocr_par' dir='ltr' id='par_1_5' title="bbox 421 2521 1042 2564">
     <span class='ocr_line' id='line_1_34' title="bbox 421 2521 1042 2564; baseline 0.005 -12"><span class='ocrx_word' id='word_1_298' title='bbox 421 2526 432 2544; x_wconf 86' lang='lat'><em>¹</em></span> <span class='ocrx_word' id='word_1_299' title='bbox 452 2521 546 2552; x_wconf 87' lang='lat' dir='ltr'>Joan.</span> <span class='ocrx_word' id='word_1_300' title='bbox 566 2529 601 2561; x_wconf 88' lang='lat' dir='ltr'>x,</span> <span class='ocrx_word' id='word_1_301' title='bbox 616 2530 671 2561; x_wconf 83' lang='lat'>27.</span> <span class='ocrx_word' id='word_1_302' title='bbox 691 2536 732 2544; x_wconf 92' lang='lat'>—</span> <span class='ocrx_word' id='word_1_303' title='bbox 751 2526 764 2544; x_wconf 78' lang='lat'>²</span> <span class='ocrx_word' id='word_1_304' title='bbox 782 2522 857 2554; x_wconf 89' lang='lat' dir='ltr'>Luc.</span> <span class='ocrx_word' id='word_1_305' title='bbox 879 2532 968 2563; x_wconf 75' lang='lat' dir='ltr'>xxiv,</span> <span class='ocrx_word' id='word_1_306' title='bbox 987 2521 1042 2564; x_wconf 76' lang='grc'>47,</span> 
     </span>
    </p>
   </div>
   <div class='ocr_carea' id='block_1_4' title="bbox 1858 1131 1863 1780">
    <p class='ocr_par' dir='ltr' id='par_1_6' title="bbox 1858 1131 1863 1780">
     <span class='ocr_line' id='line_1_35' title="bbox 1858 1131 1863 1780; baseline 0 0"><span class='ocrx_word' id='word_1_307' title='bbox 1858 1131 1863 1780; x_wconf 95' lang='lat' dir='ltr'> </span> 
     </span>
    </p>
   </div>
   <div class='ocr_carea' id='block_1_5' title="bbox 1861 1938 1865 2454">
    <p class='ocr_par' dir='ltr' id='par_1_7' title="bbox 1861 1938 1865 2454">
     <span class='ocr_line' id='line_1_36' title="bbox 1861 1938 1865 2454; baseline 0 0"><span class='ocrx_word' id='word_1_308' title='bbox 1861 1938 1865 2454; x_wconf 95' lang='lat' dir='ltr'> </span> 
     </span>
    </p>
   </div>
  </div>
 </body>
</html>
