1898 3178
407 198 492 236 240
831 209 862 234 s.
902 206 1130 236 Aucusnm
1162 208 1343 236 Episcopi

407 275 472 318 tis.
495 273 656 331 Erigite
679 273 826 316 oculos
855 272 955 316 fidei
975 307 985 327 ‚
1013 273 1175 332 tangite
1197 281 1431 317 extremam
1455 272 1672 316 fimbriam
1689 287 1786 317 ves—

407 343 575 387 timenti
593 378 603 396 ,
624 341 809 385 sufficiet
831 342 887 385 ad
908 343 1108 387 salutern.

464 416 538 456 Vl.
566 412 717 455 Videte
738 412 858 471 quod
877 412 1055 457 audistis
1076 428 1128 457 ex
1160 413 1396 470 Evangelio
1419 421 1524 456 tunc
1551 412 1754 457 futurum
1771 446 1783 466 ‚

404 499 522 526 nunc
545 497 730 540 praesens
751 492 829 526 est.
859 501 878 525 «
906 482 1010 527 Ideo
1026 518 1036 538 ‚
1062 483 1226 543 inquit,
1254 482 1352 527 dico
1372 483 1495 527 vobis
1525 502 1533 527 :
1559 501 1579 524 »
1610 490 1789 542 propter

404 551 626 595 laudatam
642 552 920 597 Centurionis
942 552 1075 597 fidem
1091 588 1102 608 ,
1128 562 1337 612 tanquam
1366 551 1619 611 alienigenae
1641 567 1787 607 carne,

405 622 637 666 domestici
665 622 810 668 corde.
842 642 862 665 «
887 627 1118 684 Propterea
1139 659 1150 679 ‚
1185 624 1329 683 inquit
1347 657 1357 677 ‚
1378 621 1506 666 multi
1537 623 1592 666 ab
1614 622 1791 666 Oriente

412 711 431 733 »
465 702 508 736 et
543 692 781 738 Occidente
814 694 1004 738 venient.
1034 696 1174 739 »Non
1206 708 1355 737 omnes
1374 727 1385 747 ‚
1423 691 1538 737 sed«
1576 692 1704 737 multi
1729 711 1739 737 :
1768 710 1789 733 »

410 773 559 808 tamen
581 764 661 823 ipsi
686 784 705 806 «
728 765 783 809 ab
805 766 981 810 Oriente
1002 774 1046 809 et
1061 763 1298 809 Occidente
1317 783 1326 809 ;
1349 782 1370 805 »
1389 764 1478 807 istis
1499 763 1670 808 duabus
1690 779 1794 823 par-

411 834 530 878 tibus
551 843 668 879 totus
690 835 804 880 orbis
826 836 1092 895 designatur.
1128 854 1147 876 «
1172 833 1302 879 Multi
1318 834 1374 878 ab
1396 834 1573 878 Oriente
1601 842 1644 877 et
1664 834 1794 878 Occi-

409 923 429 946 »
465 904 596 949 dente
619 906 818 960 venient,
842 915 885 949 et
901 905 1159 950 recumbent
1193 920 1293 948 cum
1324 904 1569 960 Abraham,
1604 914 1648 948 et
1676 907 1794 949 Isaac

409 994 428 1016 »
465 983 507 1018 et
529 976 666 1020 Jacob
683 1010 694 1030 ,
714 976 760 1019 in
779 991 913 1034 regno
937 975 1150 1020 coelorum
1177 993 1185 1019 :
1209 974 1287 1018 filii
1310 984 1457 1019 autem
1474 975 1595 1033 regni
1615 974 1794 1034 ejicien—

411 1065 428 1085 »
460 1053 531 1088 tur
552 1045 598 1088 in
626 1046 827 1089 tenebras
849 1046 1094 1090 exteriores.
1122 1045 1222 1089 Filii
1253 1054 1398 1090 autem
1433 1045 1576 1104 regni,
1607 1063 1628 1086 »
1653 1044 1796 1088 Judaei

405 1113 581 1158 scilicet.
600 1115 725 1159 Unde
747 1115 825 1158 filii
842 1116 989 1174 regni?
1003 1116 1110 1169 Quia
1135 1118 1295 1174 Legem
1318 1123 1596 1174 acceperunt,
1612 1114 1667 1159 ad
1686 1129 1796 1174 quos

408 1186 638 1243 Prophetae
661 1186 777 1228 missi
799 1195 917 1240 sunt,
935 1185 1053 1244 apud
1070 1201 1179 1245 quos
1201 1185 1414 1245 templum
1437 1195 1481 1230 et
1503 1185 1797 1230 sacerdotium

406 1255 506 1310 fuit,
533 1256 609 1315 qui
625 1255 908 1300 celebrabant
925 1256 1085 1314 figuras
1102 1247 1301 1300 omnium
1319 1255 1586 1300 futurorum.
1604 1260 1796 1308 Quarum

407 1328 522 1370 enim
544 1342 689 1370 rerum
705 1327 864 1386 figuras
878 1326 1232 1381 celebraverunt,
1258 1327 1533 1386 p‘raesentiam
1555 1342 1646 1370 non
1668 1341 1798 1384 agno·

409 1406 581 1441 verunt.
607 1416 627 1439 «
652 1396 751 1440 Filii
773 1412 876 1455 ergo
894 1397 1015 1454 regni
1035 1396 1180 1450 ibunt,
1199 1396 1369 1456 inquit,
1394 1396 1440 1440 in
1458 1396 1657 1440 tenebras
1678 1405 1798 1441 exte—

412 1486 432 1507 »
468 1467 599 1510 riores
616 1501 626 1521 ,
648 1467 708 1510 ibi
731 1466 812 1510 erit
834 1466 1027 1526 ploratus
1050 1475 1093 1509 et
1112 1465 1271 1510 stridor
1285 1465 1486 1509 dentium
1502 1468 1564 1510 1.»
1590 1466 1798 1510 Videmus

410 1537 586 1581 Judaeos
615 1537 868 1595 reprobatos
887 1571 897 1591 ‚
935 1536 1133 1580 videmus
1158 1536 1428 1581 Christianos
1460 1537 1515 1581 ab
1550 1537 1727 1582 Oriente
1756 1546 1799 1581 et

409 1606 646 1650 Occidente
678 1616 854 1650 vocatos
891 1605 945 1649 ad
977 1606 1201 1665 quoddam
1234 1607 1480 1650 convivium
1514 1605 1716 1661 coeleste,
1748 1616 1797 1651 ut

411 1677 669 1721 recumbant
701 1692 802 1721 cum
834 1677 1055 1720 Abraham
1087 1686 1130 1721 et
1153 1680 1270 1721 Isaac
1302 1686 1346 1721 et
1376 1677 1541 1735 Jacob3
1564 1677 1643 1722 ubi
1675 1679 1797 1737 panis

404 1748 570 1807 justitia
583 1782 593 1801 ,
621 1747 695 1791 ubi
713 1756 840 1806 potus
862 1747 1085 1805 sapientia.

470 1820 570 1861 VII.
605 1817 829 1861 Attendite
862 1833 992 1875 crgo,
1016 1816 1170 1861 fratres
1198 1836 1206 1861 ι
1232 1819 1317 1862 hoc
1338 1818 1454 1861 enim
1483 1819 1606 1873 estis,
1634 1834 1682 1861 ex
1716 1818 1800 1863 hoc

413 1888 578 1947 populo
601 1875 725 1942 estis,
745 1888 836 1946 jam
872 1897 977 1932 tunc
1011 1887 1243 1946 praedicto,
1279 1903 1398 1931 nunc
1431 1897 1705 1946 praesentato.
1738 1891 1802 1932 De

414 1959 478 2003 his
508 1959 658 2018 utique
695 1957 793 2001 estis
813 1992 824 2011 ‚
867 1957 943 2016 qui
988 1957 1130 2001 vocati
1163 1966 1263 2000 sunt
1292 1958 1347 2000 ab
1384 1958 1561 2002 Oriente
1604 1968 1648 2002 et
1671 1958 1798 2002 Occi-

414 2029 546 2074 dente
573 2029 826 2073 recumbere
848 2029 892 2071 in
917 2043 1049 2085 regno
1073 2027 1284 2071 coelorum
1306 2063 1316 2083 ‚
1344 2045 1433 2073 non
1456 2030 1500 2073 in
1518 2030 1682 2089 templo
1703 2029 1801 2075 ido·
1857 2027 1861 2072 Σ

415 2100 574 2144 lorum.
601 2101 752 2143 Estote
770 2113 872 2157 ergo
895 2113 1051 2157 corpus
1073 2098 1234 2142 Christi
1252 2133 1262 2153 ‚
1281 2114 1369 2143 non
1392 2115 1589 2158 pressura
1610 2101 1802 2160 corporis

417 2169 616 2213 Christi2.
630 2168 808 2212 Habetis
826 2167 1073 2212 vestimenti
1093 2167 1325 2223 fimbriam,
1339 2185 1470 2228 quam
1486 2170 1686 2228 tangatis,
1709 2179 1758 2214 ut
1779 2186 1802 2214 a

418 2239 633 2297 profluvio
656 2238 878 2297 sanguinis
894 2272 905 2291 ‚
937 2237 983 2281 id
1005 2246 1090 2291 est,
1116 2238 1354 2281 carnalium
1376 2239 1653 2298 voluptatum
1681 2239 1803 2284 fluxu

419 2309 643 2352 sanemini.
667 2308 845 2352 Habetis
860 2343 875 2363 ‚
900 2309 1080 2366 inquam
1096 2341 1106 2361 ,
1130 2307 1376 2352 vestimenti
1398 2309 1615 2353 fimbriam
1633 2344 1644 2364 ‚
1669 2325 1802 2370 quam
1857 2343 1860 2363 2

423 2381 618 2436 tangatis.
647 2382 822 2424 Vestem
844 2387 995 2438 putate
1025 2378 1253 2438 Apostolos
1271 2414 1282 2433 ‚
1311 2381 1392 2424 sub
1424 2389 1591 2424 textura
1622 2381 1802 2425 unitatis
1856 2371 1860 2427 ἶ
1888 2381 1898 2421 ,¹

421 2448 689 2494 adhaerentes
721 2449 928 2494 lateribus
949 2448 1124 2493 Christi.
1153 2452 1204 2492 In
1226 2450 1291 2494 his
1319 2450 1560 2509 Apostolis‚
1593 2460 1683 2496 erat
1705 2460 1801 2496 tan·
1856 2451 1859 2454 ”
1891 2474 1898 2488 ι

471 2533 477 2548 ¹
501 2532 613 2565 Matth.
633 2543 702 2573 vni,
725 2545 776 2574 ιι,
799 2543 851 2566 12.
872 2550 913 2556 -—
930 2539 941 2555 ¹
962 2532 1069 2565 Florus
1083 2533 1122 2565 ad
1157 2544 1167 2564 1
1190 2534 1259 2565 Cor.
1284 2544 1352 2566 vni.
