1898 3178
227 293 368 323 SERMO
399 295 469 332 LI,
506 293 559 320 m:
591 291 825 320 concoRmA
857 289 1024 320 ΜΑΤΤΗ.
1058 294 1110 320 ET
1144 294 1238 320 Ltc·
1342 281 1423 321 115

46 361 312 406 futurorum.
337 358 568 403 Jechonias
590 357 767 418 quidem
786 373 874 402 non
890 358 1240 403 irrationabiliter
1256 357 1322 402 bis
1345 375 1426 403 nu-

45 440 237 475 meratur
253 449 262 474 :
282 429 384 489 quia
400 437 443 473 et
459 428 494 473 si
511 429 564 472 sit
580 428 790 472 terminus
805 427 919 471 inter
936 428 1046 474 duos
1060 443 1200 488 agros,
1214 428 1284 473 vel
1299 428 1423 489 lapis,

45 501 115 546 vel
135 501 334 546 discretio
351 500 496 560 aliqua
519 500 738 555 maceriae,
766 507 810 543 et
831 498 904 543 ille
925 500 1002 559 qui
1023 509 1086 545 est
1107 516 1158 545 ex
1177 501 1259 545 hac
1279 510 1425 560 parte,

45 587 184 632 usque
197 571 252 616 ad
269 572 406 632 ipsam
421 572 649 616 maceriam
662 570 857 625 metitur,
869 578 914 614 et
926 569 1000 614 ille
1011 572 1087 631 qui
1100 587 1151 616 ex
1165 571 1297 617 altera
1307 581 1430 632 parte

46 651 131 698 est,
148 642 210 687 ‘ab
241 643 336 703 ipsa
356 642 516 687 iterum
547 641 679 686 sumit
699 640 925 686 exordium
944 641 1166 686 metiendi.
1194 641 1279 687 Sed
1296 658 1432 704 quare

2 760 3 764 ,
46 712 130 758 1100
150 727 241 757 11011
261 711 426 757 factum
449 722 514 757 est
535 713 580 756 in
611 711 751 772 prima
771 711 1057 757 connectione
1085 712 1323 770 intervalli,
1355 713 1435 758 ubi

5 832 7 837 ,
46 782 103 827 31)
123 783 344 827 Abraham
365 797 645 827 numeramus
672 781 1006 843 quatuordecim
1039 784 1336 842 generationes
1357 799 1433 828 us-

2 858 9 916 J
46 867 133 914 que
150 851 205 897 ad
226 852 391 911 David,
415 861 459 897 et
475 852 578 898 alias
601 852 936 913 quatuordecim
958 867 1049 898 non
1072 854 1255 913 repetito
1272 854 1433 910 David,

4 972 8 980 ,
46 922 124 968 sed
144 939 169 968 a
192 923 422 968 Salomone
443 921 672 983 incipimus
691 939 942 980 numerare,
966 923 1188 969 reddenda
1203 940 1331 970 causa
1353 934 1433 981 est,

6 996 12 1030 f
47 1010 148 1055 quae
173 1009 381 1054 magnum
411 995 608 1040 continet
629 1005 963 1040 sacramentum.
991 994 1197 1041 Intendat
1223 997 1435 1041 Sanctitas

48 1066 215 1126 Vestra.
234 1067 359 1110 Tunc
373 1064 490 1109 faeta
504 1074 569 1109 est
579 1066 899 1125 transmigratio
912 1066 958 1109 in
972 1065 1257 1123 Babyloniam
1270 1102 1280 1122 ,
1300 1082 1440 1127 quan-

18 1195 19 1198 ¹
50 1134 108 1180 do
124 1135 168 1179 in
187 1134 335 1180 locum
360 1136 493 1195 patris
514 1136 579 1179 tui
600 1136 799 1180 defuncti
820 1137 1050 1181 Jechonias
1081 1151 1156 1181 rex
1177 1137 1440 1182 constitutus

48 1215 127 1250 est.
164 1206 373 1250 Ablatum
394 1215 457 1250 est
484 1206 522 1250 ei
553 1220 758 1264 regnum,
791 1215 835 1251 et
862 1206 970 1251 alius
999 1208 1260 1253 constitutus
1290 1217 1354 1253 est
1393 1209 1440 1253 in

49 1275 197 1321 locum
219 1277 327 1336 ejus.
350 1276 435 1321 Sed
454 1285 600 1320 tamen
614 1277 787 1320 vivente
804 1279 829 1320 J
833 1277 1016 1321 echonia
1029 1278 1144 1322 facta
1167 1288 1231 1323 est
1246 1280 1444 1323 transmi-

51 1347 192 1405 gratio
204 1345 259 1390 ad
273 1354 440 1406 gentes.
459 1345 589 1392 Nulla
603 1346 718 1390 enim
731 1345 861 1406 culpa
874 1349 899 1390 J
902 1347 1097 1392 echoniae
1115 1348 1291 1405 dicitur,
1310 1365 1444 1409 quare

51 1418 106 1462 sit
125 1432 261 1476 regno
281 1417 475 1477 privatus
493 1435 502 1461 :
522 1416 598 1461 sed
612 1417 747 1475 magis
760 1416 937 1462 illorum
954 1428 1132 1477 9000313
1151 1419 1439 1476 inducuntur,

0 1490 3 1505 ¹
51 1488 126 1548 qui
147 1488 184 1532 ei
207 1496 518 1533 successerunt.
558 1487 765 1547 Sequitur
785 1502 890 1547 ergo
911 1489 1135 1548 captivitas
1149 1524 1160 1544 ,
1185 1490 1274 1534 itur
1295 1492 1341 1535 in
1360 1493 1443 1536 Β3-

49 1560 289 1619 byloniam.
321 1563 419 1606 Non
441 1568 548 1604 eunt
567 1559 646 1604 soli
660 1559 784 1618 mali,
807 1559 884 1603 sed
903 1574 1003 1603 cum
1020 1560 1086 1604 his
1102 1570 1292 1619 pergunt
1312 1562 1442 1606 etiam

0 1628 7 1636 '
52 1632 202 1677 sancti.
240 1634 292 1675 In
313 1630 389 1675 illa
411 1631 662 1690 captivitate
683 1638 775 1674 erat
796 1629 999 1673 Ezechiel
1025 1630 1259 1689 propheta,
1291 1631 1338 1675 in
1366 1630 1443 1676 illa

0 1697 11 1708 ²
51 1711 144 1747 erat
163 1701 340 1759 Daniel3
359 1700 422 1744 ibi
453 1709 683 1744 erant-tres
704 1699 830 1759 pueri
851 1700 965 1745 inter
985 1700 1182 1745 flammas
1203 1701 1437 1746 nobilitati.

0 1762 15 1790 ¹¹
52 1775 205 1818 lerunt
236 1781 383 1816 autem
405 1771 647 1815 secundum
673 1770 948 1829 prophetiam
979 1771 1177 1815 Jeremiae
1195 1772 1437 1832 prophetae.

108 1845 229 1888 XIV.
254 1844 522 1887 Mementote
551 1841 809 1885 Jechoniam
836 1841 927 1885 sine
947 1839 1038 1885 ulla
1056 1842 1187 1901 culpa
1213 1843 1440 1902 improba-

52 1923 144 1959 tum
163 1948 174 1968 ,
194 1911 296 1956 inde
313 1911 524 1956 destitisse
544 1925 746 1969 regnare,
771 1920 815 1956 et
827 1911 977 1956 fecisse
991 1912 1222 1957 transitum
1245 1913 1302 1957 ad
1323 1915 1441 1959 Gen-

72 1999 118 2029 es
132 2019 144 2040 ,
169 1998 270 2028 cum
291 1982 647 2040 transmigratum
672 1989 736 2025 est
758 1981 803 2025 in
820 1980 1107 2038 Babyloniam
1131 2001 1140 2027 :
1164 1992 1208 2028 et
1229 1983 1441 2029 attendite

55 2062 428 2112 praemonstratam
454 2052 687 2111 imaginem
715 2067 862 2096 rerum
896 2050 1147 2098 futurarum
1177 2055 1223 2098 in
1253 2057 1440 2100 Domino

11 2173 14 2178 ,
84 2140 161 2170 esu
180 2125 368 2169 Christo.
402 2120 650 2169 Noluerunt
672 2123 788 2166 enim
812 2125 837 2167 J
841 2121 956 2167 udaei
989 2123 1070 2168 sibi
1092 2128 1271 2183 regnare
1287 2127 1440 2172 Domi-

0 2213 3 2218 ·
68 2211 164 2240 11111
181 2204 377 2240 nostrum
399 2197 550 2238 Jesum
568 2194 806 2251 Christum,
824 2195 870 2238 in
889 2210 978 2254 quo
994 2194 1161 2240 nullam
1179 2196 1353 2256 culpam
1368 2198 1439 2243 111-

86 2274 285 2311 enerunt.
310 2265 585 2323 Reprobatus
598 2264 721 2309 estin
735 2279 778 2308 se
793 2298 804 2320 ,
821 2265 1079 2325 reprobatus
1093 2267 1223 2310 etiam
1244 2267 1290 2311 in
1311 2269 1441 2314 servis

65 2368 73 2376 .
111 2336 167 2394 is,
190 2345 234 2381 et
249 2335 480 2380 transitum
497 2342 561 2378 est
577 2333 623 2378 in
635 2335 816 2389 Gentes,
834 2343 1044 2395 tanquam
1069 2335 1115 2379 in
1133 2335 1437 2394 Babyloniam.

78 2412 158 2452 Ιοο
179 2407 296 2451 0111111
317 2414 362 2450 et
383 2404 590 2449 Jeremias
615 2405 932 2465 prophetabat,
957 2407 1114 2466 jubere
1135 2408 1369 2453 Dominum
1392 2419 1443 2454 ut

78 2487 175 2523 rent
195 2479 240 2522 in
261 2476 593 2534 Babyloniam¹.
617 2479 676 2521 Et
695 2478 962 2537 quicumque
980 2477 1050 2521 alii
1073 2479 1301 2538 Prophetae
1322 2480 1443 2526 dice-

76 2569 85 2588 ·
103 2580 108 2586 ι
132 2558 169 2593 11
181 2547 346 2609 populo
359 2556 408 2591 ut
417 2562 506 2592 non
521 2547 633 2591 irent
648 2546 694 2591 in
714 2547 1016 2604 Babyloniam,
1032 2549 1057 2591 J
1060 2549 1236 2594 eremias
1248 2552 1442 2609 pseudo-

67 2638 71 2676 “,
112 2641 125 2661 ¹
148 2637 268 2672 Jerem.
286 2643 395 2666 xxvii.
