1898 3178
319 245 457 275 SERMO
489 246 680 283 Lxxvm,
717 246 770 272 DE
804 244 949 273 vEners
981 242 1146 272 ΜΑΤΤΗ.
1182 244 1291 271 xvn.
1404 233 1482 272 361

117 331 136 354 »
172 328 290 368 rum,
319 331 338 354 »
370 313 414 357 id
437 321 521 366 est,
548 312 794 355 inserentur
817 312 861 354 in
895 311 1021 355 oliva.
1051 311 1188 370 Hujus
1224 310 1339 353 enim
1369 310 1494 354 olivae

112 384 275 428 radices
309 392 431 437 sunt,
467 382 687 426 Abraham
723 390 764 425 et
799 385 916 426 Isaac
947 391 989 426 et
1026 381 1162 426 Jacob
1195 399 1203 425 :
1237 380 1313 423 filii
1350 390 1495 425 autem

112 456 231 514 regni
250 490 260 509 ,
286 456 369 499 hoc
391 463 476 508 est,
511 454 653 498 Judaei
674 453 888 497 increduli
904 489 915 508 ,
942 455 1071 498 ibunt
1092 454 1136 497 in
1159 452 1356 497 tenebras
1378 462 1495 496 exte-

111 525 258 569 riores.
285 524 579 569 Praecidentur
602 524 707 567 rami
729 523 967 578 naturales,
991 533 1040 568 ut
1061 525 1273 568 inseratur
1295 523 1492 568 oleaster.

113 595 195 640 Sed
216 595 333 639 unde
356 595 462 638 rami
483 593 700 638 naturales
732 593 908 653 praecidi
931 604 1204 649 meruerunt,
1230 594 1311 639 nisi
1340 610 1493 654 super-

109 666 210 710 bia?
241 665 357 710 unde
378 665 561 710 oleaster
593 665 751 720 inseri,
785 664 867 708 nisi
891 665 1167 709 humilitate?
1195 665 1321 710 Unde
1353 674 1395 709 et
1417 665 1495 709 ista

110 736 266 780 mulier
293 736 401 781 dixit
425 755 435 781 :
459 755 479 778 «
506 739 587 791 Ita,
616 736 821 793 Domine,
847 751 948 780 nam
971 745 1015 780 et
1036 751 1162 780 canes
1183 734 1320 780 edunt
1340 736 1394 780 de
1414 736 1496 779 mi-

110 824 130 847 »
168 806 248 862 cis,
273 822 372 867 quae
406 805 570 851 cadunt
598 807 652 849 de
677 821 821 850 mensa
846 805 1124 851 dominorum
1147 809 1364 851 suorum1.
1394 826 1413 848 »
1440 809 1496 851 Et

108 877 210 920 inde
231 876 383 921 audit:
413 878 487 921 «O
510 875 691 931 mulier,
729 892 887 936 magna
909 885 973 921 est
1007 875 1115 921 fides
1146 877 1272 920 tua²l
1303 896 1322 918 »
1353 877 1421 922 Sic
1453 887 1495 920 et

109 946 181 990 ille
203 947 427 991 Centurio.
458 966 476 988 «
497 949 593 991 Non
617 962 714 991 sum
731 946 889 1006 dignus
907 956 956 991 ut
978 947 1058 991 sub
1079 956 1241 992 tectum
1257 962 1402 991 meum
1429 948 1496 990 in-

111 1036 131 1058 »
167 1026 266 1061 tres.
308 1021 447 1062 Amen
481 1017 578 1061 dico
616 1017 763 1073 vobis,
798 1033 886 1062 non
921 1018 1067 1062 inveni
1095 1027 1261 1062 tantam
1284 1016 1414 1061 fidem
1449 1018 1494 1061 in

111 1106 130 1129 n
168 1087 340 1132 Israe13.
377 1107 396 1129 »
436 1089 685 1143 Discamus,
731 1097 805 1132 aut
839 1098 1063 1133 teneamus
1098 1087 1405 1133 humilitatem.
1451 1089 1493 1132 Si

107 1157 305 1201 nondum
338 1158 574 1213 habemus,
601 1159 814 1202 discamus
841 1178 849 1203 ε
877 1163 910 1202 si
933 1160 1142 1204 habemus
1159 1195 1169 1214 ,
1194 1175 1283 1203 non
1318 1158 1493 1202 amitta-

105 1244 217 1273 mus.
252 1230 293 1274 Si
316 1229 513 1273 nondum
541 1230 752 1274 habemus
771 1265 782 1285 ,
810 1231 1067 1285 habeamus,
1094 1241 1143 1275 ut
1164 1231 1403 1275 inseramur
1425 1249 1433 1274 :
1459 1230 1490 1273 si

99 1300 188 1358 jam
209 1300 442 1353 habemus,
464 1309 711 1355 teneamus,
736 1317 791 1345 ne
814 1301 1118 1360 praecidamur.

106 1480 774 1497 W'MMQWWWWWWWUUWRNWM
784 1481 1417 1498 mmmmmwwmmm
1423 1485 1480 1502 νννῖ

517 1620 746 1683 SERMO
796 1619 1080 1667 Lxxvlw.

102 1783 163 1823 De
200 1780 340 1823 verbis
379 1779 604 1839 Evangelii
643 1781 800 1824 Matth.
836 1799 929 1824 xvu
957 1800 965 1825 :
997 1781 1118 1825 Post
1149 1779 1250 1825 dies
1282 1796 1370 1826 sex
1407 1797 1488 1825 as—

158 1848 358 1907 sumpsit
391 1847 534 1892 Jesus
574 1848 792 1904 Petrum,
819 1860 863 1893 et
885 1849 1125 1893 jacobum
1141 1885 1152 1905 ,
1178 1861 1223 1894 et
1244 1850 1487 1894 Joannem

145 1919 365 1981 fratrem
388 1919 489 1981 ejus
501 1955 511 1971 ,
538 1928 630 1963 etc.

159 2083 194 2124 I.
221 2083 491 2125 Immensum
513 2080 638 2125 nobis
660 2089 704 2125 et
725 2079 949 2125 tractanda
977 2089 1064 2135 est,
1090 2079 1324 2124 charissimi
1342 2115 1353 2135 ,
1379 2081 1486 2126 visio

98 2151 176 2195 ista
189 2186 200 2205 ,
226 2166 358 2210 quam
372 2151 580 2194 Dominus
595 2150 906 2195 demonstravit
923 2151 968 2194 in
991 2160 1154 2194 monte.
1176 2153 1272 2210 Ipsa
1287 2159 1351 2194 est
1368 2152 1483 2195 enim

99 2221 154 2266 de
171 2237 256 2281 qua
273 2220 441 2264 dixerat
460 2240 468 2265 ε
491 2240 510 2262 «
535 2224 674 2264 Amen
698 2222 795 2266 dico
812 2222 934 2266 vobis
947 2258 956 2276 ,
974 2222 1075 2282 quia
1098 2231 1200 2266 sunt
1217 2221 1286 2265 hic
1308 2222 1484 2281 quidam

103 2311 123 2334 »
158 2292 213 2336 de
235 2292 638 2346 circumstantibus,
661 2293 737 2352 qui
757 2308 843 2337 non
864 2294 1103 2352 gustabunt
1126 2302 1326 2348 mortem,
1347 2292 1485 2338 donec

102 2382 122 2405 »
157 2362 334 2407 videant
369 2362 530 2406 Filium
562 2362 746 2407 hominis
768 2364 814 2407 in
847 2379 979 2421 regno
1004 2366 1125 2407 suo5.
1161 2382 1181 2405 »
1213 2363 1320 2407 Inde
1350 2365 1486 2423 coepit

99 2432 227 2477 lectio
249 2448 348 2492 quae
380 2432 558 2476 recitata
581 2442 657 2477 est.
682 2452 701 2474 «
727 2437 839 2478 Dum
861 2435 944 2478 hoc
968 2434 1164 2489 dixisset,
1190 2443 1286 2493 post
1307 2433 1396 2478 dies
1413 2450 1484 2478 sex

147 2535 158 2552 ¹
178 2529 291 2561 Matth.
309 2539 363 2562 xv.
387 2538 439 2569 27.
461 2546 501 2551 —
530 2536 542 2552 ²
562 2529 644 2562 Ibid.
666 2530 720 2562 28.
742 2547 783 2553 —
804 2529 817 2555 3
836 2531 880 2562 Id.
904 2542 973 2571 vm,
992 2533 1012 2563 8
1035 2534 1067 2563 et
1093 2542 1143 2563 10.
1169 2548 1210 2553 —
1227 2530 1242 2560 4
1262 2531 1343 2565 Alias
1366 2532 1406 2563 de
1424 2532 1482 2564 Di—

103 2584 201 2617 versis
214 2585 270 2626 69.
288 2601 327 2608 —
354 2583 368 2608 5
386 2585 501 2618 Matth.
523 2596 587 2627 xvr,
607 2586 662 2619 28.
