1898 3178
406 229 490 269 430
846 238 879 267 S.
916 238 1146 267 Auem-‚nm
1179 241 1359 268 Emscom

402 314 445 349 et
465 304 659 351 Christus
678 304 830 348 unicus
852 304 988 348 Filius
1010 303 1325 363 patrisfamilias
1345 326 1355 362 3
1375 314 1418 349 et
1440 306 1582 365 ipsum
1609 308 1783 353 occide-

401 385 504 420 runt
526 375 759 429 haeredem,
777 383 820 418 et
838 374 938 418 ideo
959 373 1241 434 perdiderunt
1263 375 1576 421 haereditatem.
1605 381 1656 421 In
1673 394 1780 423 con-

400 447 579 491 trarium
601 446 660 490 eis
676 445 806 490 vertit
827 444 992 490 malum
1014 446 1256 491 consilium.
1284 450 1341 492 Ut
1362 447 1653 507 possiderent,
1673 452 1782 495 occi·
1845 443 1848 470 ⁸

397 517 557 561 derunt
577 536 586 561 ε
611 526 654 561 et
675 517 775 578 quia
797 516 1052 562 occiderunt
1071 552 1082 572 ,
1107 517 1407 577 perdiderunt.

457 591 531 632 IV.
544 590 600 633 Et
616 587 749 633 modo
762 588 938 633 audistis
952 588 1280 633 similitudinem
1295 605 1345 633 ex
1357 590 1594 649 Evangelio
1612 600 1777 648 sancto,
1844 579 1846 589 ¹

396 658 498 718 quia
517 676 537 700 «
555 658 703 703 Simile
724 668 788 703 est
804 673 988 718 regnum
1011 658 1223 704 coelorum
1244 658 1558 718 patrifamilias,
1580 662 1657 721 qui
1678 663 1781 706 exiit
1842 706 1845 712 ,

398 745 419 769 »
453 729 698 773 conducere
720 729 936 789 operarios
958 729 1013 774 ad
1039 730 1211 774 vineam
1233 744 1357 774 suam
1372 732 1402 774 ¹.
1432 748 1452 771 »
1483 731 1602 775 Exiit
1623 746 1777 788 mane,
1842 727 1850 780 ‚⁵

395 808 437 843 et
458 815 568 860 quos
589 801 754 846 invenit
775 800 1010 859 conduxit,
1048 810 1092 845 et
1127 800 1292 860 placuit
1328 815 1430 845 cum.
1452 802 1512 845 eis
1533 801 1780 846 mercedem
1842 802 1843 837 ἕ

394 870 636 916 denarium.
663 872 776 918 Exiit
811 882 854 918 et
875 874 981 917 hora
1003 872 1128 916 tertia
1143 907 1154 927 ,
1181 872 1350 917 invenit
1372 872 1478 918 alios
1496 907 1507 927 ,
1538 881 1582 916 et
1601 872 1780 918 adduxit
1840 928 1842 932 Ι

395 943 449 986 ad
467 957 575 1001 opus
595 943 750 988 vineae.
766 946 824 988 Et
845 953 961 988 sexta
983 944 1091 988 hora
1107 943 1191 988 hoc
1207 942 1328 998 fecit,
1354 952 1398 987 et
1416 959 1533 988 nona
1551 944 1636 988 hoc
1656 942 1774 989 fecit.
1840 962 1842 966 ·

393 1013 507 1057 Exiit
529 1014 659 1058 etiam
681 1023 724 1058 et
739 1015 846 1059 hora
862 1013 1093 1058 undecima
1115 1029 1250 1073 prope
1267 1012 1321 1058 ad
1339 1013 1473 1058 finem
1495 1013 1598 1069 diei,
1613 1014 1780 1059 invenit

391 1082 602 1142 quosdam
624 1099 783 1129 vacuos
809 1093 853 1128 et
872 1093 1033 1128 stantes
1050 1104 1060 1141 3
1079 1093 1122 1129 et
1134 1083 1193 1128 ait
1209 1083 1292 1128 illis
1314 1102 1322 1129 :
1343 1103 1364 1126 «
1389 1083 1507 1137 Quid
1527 1084 1598 1129 hic
1626 1085 1778 1129 statis?

391 1171 411 1194 »
437 1156 580 1206 Quare
595 1169 684 1198 non
697 1154 935 1213 operamini
952 1155 997 1198 in
1011 1154 1137 1199 vinea
1150 1157 1167 1197 ’ἰ
1182 1154 1547 1215 Responderunt:
1565 1154 1677 1208 Quia
1699 1170 1779 1198 ne-

394 1242 414 1265 »
439 1239 605 1269 monos
625 1224 1032 1279 conduxit.Venite,
1051 1225 1211 1284 inquit,
1229 1234 1273 1269 et
1297 1240 1389 1280 vos,
1412 1234 1455 1269 et
1477 1224 1596 1285 quod
1609 1226 1777 1285 justum

391 1313 412 1337 )›
437 1295 585 1350 fuerit,
600 1295 716 1341 dabo
732 1296 869 1341 vobis.
880 1314 899 1336 »
912 1295 1159 1341 Mercedem
1174 1295 1402 1340 denarium
1417 1295 1597 1354 placuit.
1612 1297 1689 1340 Isti
1704 1297 1779 1356 qui

393 1383 475 1411 una
498 1368 605 1411 hora
636 1376 760 1411 erant
780 1367 1026 1426 operaturi,
1053 1366 1229 1426 quando
1251 1366 1331 1410 sibi
1362 1366 1574 1410 auderent
1605 1381 1777 1425 sperare

390 1436 650 1481 denarium?
673 1435 756 1481 Sed
784 1445 929 1480 tamen
955 1451 999 1480 se
1021 1435 1188 1495 aliquid
1209 1445 1463 1495 accepturos
1491 1435 1775 1493 gratulaban-

389 1517 475 1552 tur.
508 1507 700 1552 Adducti
732 1516 833 1551 sunt
866 1516 909 1551 et
942 1507 1021 1566 ipsi
1044 1506 1099 1550 ad
1129 1522 1263 1550 unam
1285 1507 1456 1550 horam.
1483 1506 1631 1552 Finito
1668 1507 1740 1552 die
1760 1543 1771 1563 ,

383 1580 508 1638 jussit
543 1579 746 1624 omnibus
772 1577 895 1622 reddi
918 1577 1164 1621 mercedem
1182 1611 1193 1631 ,
1229 1592 1253 1620 a
1283 1577 1524 1621 novissimis
1547 1593 1687 1637 usque
1718 1578 1774 1622 ad

387 1651 564 1709 primos.
604 1648 712 1692 Inde
739 1648 874 1707 coepit
905 1647 1087 1690 reddere
1118 1647 1173 1689 ab
1202 1646 1262 1690 eis
1292 1647 1369 1706 qui
1401 1647 1506 1690 hora
1539 1647 1772 1692 undecima

386 1728 616 1774 venerant,
644 1718 772 1778 jussit
803 1717 863 1761 eis
896 1716 1000 1760 dare
1034 1715 1277 1760 denarium.
1315 1716 1385 1760 Illi
1409 1717 1485 1776 qui
1506 1718 1644 1776 prima
1665 1718 1772 1762 hora

385 1800 595 1837 venerant
610 1825 620 1844 ,
646 1790 843 1834 videntes
865 1787 960 1832 illos
987 1786 1198 1846 accepisse
1229 1787 1455 1831 denarium
1474 1822 1485 1842 ,
1516 1803 1647 1847 quem
1669 1804 1770 1833 cum

385 1864 484 1924 ipsis
510 1863 754 1922 placuerat,
791 1867 1074 1919 speraverunt
1101 1873 1145 1902 se
1169 1857 1267 1917 plus
1289 1857 1455 1917 aliquid
1477 1868 1731 1918 accepturos
1756 1879 1764 1903 :

384 1943 566 1980 ventum
584 1941 707 1977 estet
729 1930 785 1975 ad
806 1930 936 1990 ipsos,
961 1938 1004 1972 et
1018 1937 1279 1987 acceperunt
1296 1927 1537 1972 denarium.
1564 1932 1769 1974 Murmu-

385 2014 591 2051 raverunt
611 2004 814 2047 adversus
835 1998 1190 2060 patremfamilias
1206 2032 1217 2053 ,
1249 1997 1442 2042 dicentes
1473 2018 1481 2043 :
1511 2017 1531 2040 «
1556 2001 1668 2044 Ecce
1689 2015 1767 2045 nos

386 2095 406 2118 »
428 2076 504 2136 qui
524 2073 807 2119 sustinuimus
825 2070 1023 2115 ardorem
1038 2067 1124 2111 diei
1137 2076 1180 2111 et
1195 2076 1364 2123 aestum,
1385 2069 1567 2129 aequasti
1584 2078 1628 2113 et
1644 2084 1766 2128 pares

388 2165 407 2188 »
421 2145 559 2191 fecisti
573 2143 656 2188 illis
670 2142 744 2203 qui
761 2156 892 2185 unam
904 2141 1057 2184 horam
1070 2137 1234 2197 operati
1246 2147 1347 2183 sunt
1359 2139 1401 2182 in
1411 2139 1616 2184 vinea.Et
1627 2140 1686 2183 ait
1695 2155 1764 2199 pa·

387 2236 407 2259 >›
427 2216 675 2262 terfamilias
687 2250 697 2270 ,
713 2213 996 2274 justissimum
1013 2225 1266 2268 responsum
1286 2209 1471 2254 reddens
1488 2211 1566 2254 uni
1582 2225 1733 2255 eorum
1751 2229 1761 2255 ε

386 2306 405 2330 »
427 2287 607 2342 Sodalis,
625 2301 715 2331 non
732 2284 808 2329 tibi
822 2282 905 2327 feci
922 2281 1147 2342 injuriam:
1170 2282 1252 2326 hoc
1275 2291 1353 2337 est,
1372 2297 1461 2326 non
1483 2291 1525 2325 te
1539 2280 1760 2336 fraudavi,

388 2359 538 2418 »quod
551 2357 694 2417 placui
705 2354 874 2400 reddidi
886 2350 1206 2397 tibi.Fraudem
1218 2351 1299 2396 tibi
1313 2367 1404 2396 non
1417 2350 1515 2407 feci,
1527 2351 1629 2412 quia
1644 2350 1764 2412 quod

387 2446 407 2470 »
432 2438 582 2487 pactus
598 2443 693 2472 sum
708 2423 893 2470 reddidi.
908 2423 1019 2467 Huic
1037 2437 1127 2466 non
1138 2421 1239 2466 volo
1258 2420 1460 2477 reddere,
1485 2421 1562 2466 sed
1580 2421 1758 2466 donare.

386 2516 407 2540 »
424 2501 520 2544 Non
537 2496 638 2543 licet
649 2496 757 2542 mihi
770 2494 910 2541 facere
924 2493 1044 2554 quod
1059 2490 1158 2537 volo
1179 2490 1234 2537 de
1248 2494 1376 2538 meo?
1398 2495 1467 2538 An
1485 2491 1638 2538 oculus
1659 2499 1760 2536 tuus

432 2589 441 2607 ¹
463 2582 576 2617 Matth.
595 2593 651 2625 xx,
673 2593 702 2625 1,
722 2586 785 2616 etc.

1829 1944 1832 1959 ¹
1867 1937 1898 1966 ann

1828 1961 1832 2064 ξ
1866 2007 1898 2038 acc

1864 2061 1898 2109 dec

1864 2148 1898 2181 mei

1826 2210 1828 2263 i
1864 2220 1895 2263 1³0³

1824 2268 1828 2338 ί
1863 2281 1894 2336 ‘issi

1863 2352 1898 2395 lbi·

1822 2439 1825 2453 ‹
1861 2431 1898 2466 risu

1822 2468 1825 2526 l
1860 2485 1896 2547 los‚

1820 2581 1898 2623 3¹³
