1898 3178
414 248 493 287 504
844 258 876 285 s.
916 257 1145 285 AUGUSTJNJ
1179 259 1358 285 EPISCOPI

410 344 429 366 »
455 325 564 368 vasis
587 325 696 368 suis?
716 342 734 364 »
761 323 873 376 Quid
897 332 976 378 est,
1002 323 1080 366 «in
1099 323 1206 367 vasis
1224 324 1334 367 suis?
1351 341 1370 364 »
1393 325 1439 366 In
1458 322 1662 367 cordibus
1683 322 1783 366 suis.

410 395 534 440 Unde
558 396 662 439 dicit
684 394 917 453 Apostolus
939 416 947 439 :
981 414 1000 436 «
1021 394 1168 439 Gloria
1199 403 1343 439 nostra
1368 395 1463 438 haec
1485 403 1570 448 est,
1597 394 1788 438 testimo-

407 485 428 508 »
454 467 574 510 nium
588 465 860 509 conscientiae
875 468 1068 510 nostrae1.
1088 484 1108 507 »
1129 465 1193 509 Ibi
1207 464 1353 510 oleum
1365 500 1376 521 ,
1393 480 1598 523 magnum
1617 465 1785 509 oleum:

406 537 460 580 de
482 538 598 581 dono
618 535 694 580 Dei
716 544 779 579 est
796 536 879 579 hoc
897 535 1057 579 oleum.
1084 536 1280 595 Denique
1300 536 1497 580 homines
1519 535 1664 580 oleum
1687 535 1789 578 mit-

406 616 496 650 tere
513 607 629 650 intro
643 615 824 665 possunt
838 640 849 661 ‚
870 605 1025 650 olivam
1043 621 1187 650 creare
1205 621 1293 650 non
1308 614 1503 665 possunt.
1517 608 1630 650 Ecce
1647 605 1789 649 habeo

405 677 550 720 oleum
567 695 576 720 2
592 676 809 736 numquid
824 685 873 720 tu
891 676 1043 720 creasti
1057 676 1229 720 oleum?
1245 678 1306 720 De
1321 676 1397 719 Dei
1410 676 1527 719 dono
1543 684 1622 719 est.
1644 675 1788 719 Habes

403 747 548 791 oleum
563 781 574 802 ,
600 755 724 806 porta
746 756 907 792 tecum.
944 746 1061 800 Quid
1084 756 1146 792 est
1168 755 1292 806 porta
1312 755 1472 791 tecum.
1497 748 1620 790 Intus
1650 745 1785 800 habe,

404 818 463 862 ibi
486 818 610 877 place
628 821 734 862 Deo.

444 891 499 932 X.
519 889 692 932 Etenim
706 889 906 933 ecceistae
920 889 1105 946 virgines
1119 886 1279 942 stultae,
1291 902 1390 947 quae
1404 901 1494 931 non
1504 894 1789 946 portaverunt

401 957 548 1002 oleum
566 973 711 1002 secum
726 994 736 1014 ‚
760 959 1019 1004 abstinentia
1037 973 1113 1001 sua
1129 973 1215 1017 qua
1234 957 1420 1016 virgines
1438 956 1729 1016 appellantur,
1746 964 1789 1000 et

402 1028 526 1072 bonis
545 1029 748 1086 operibus
771 1030 872 1084 31113,
889 1029 1067 1088 quando
1080 1028 1301 1087 lampades
1330 1027 1443 1071 ferre
1464 1026 1691 1083 videntur3
1708 1027 1790 1071 ho-

404 1098 595 1141 minibus
612 1097 768 1142 volunt
786 1098 971 1157 placere.
988 1102 1044 1143 Et
1061 1099 1094 1142 si
1111 1098 1363 1142 hominibus
1381 1097 1535 1141 volunt
1549 1096 1732 1156 placere,
1747 1105 1789 1140 et

402 1167 499 1212 ideo
513 1168 657 1211 omnia
681 1168 759 1211 ista
778 1167 1015 1212 laudabilia
1040 1167 1228 1222 faciunt,
1245 1167 1390 1212 oleum
1415 1183 1561 1211 secum
1586 1181 1789 1225 110111101-

400 1248 510 1282 tant.
533 1241 598 1282 Tu
613 1254 715 1296 ergo
737 1248 880 1283 tecum
900 1248 1041 1298 porta,
1060 1239 1175 1282 intus
1198 1248 1336 1297 porta,
1351 1238 1428 1282 ubi
1445 1237 1564 1282 videt
1582 1238 1789 1282 Deus:ibi

403 1318 527 1366 porta
542 1310 840 1354 testimonium
855 1309 1130 1353 conscientiae
1144 1318 1246 1351 tuae.
1260 1308 1345 1359 Qui
1361 1316 1505 1350 autem
1525 1307 1721 1351 ambulat
1735 1307 1791 1350 ad

403 1379 702 1421 testimonium
726 1378 938 1431 alienum7
964 1376 1111 1420 oleum
1143 1392 1232 1420 non
1260 1385 1405 1434 portat
1428 1391 1590 1421 seeum.
1626 1377 1668 1421 Si
1690 1377 1789 1421 ideo

402 1447 592 1491 abstines
611 1448 663 1490 ab
686 1447 861 1501 illicitis,
887 1455 930 1490 et
945 1447 1050 1490 facis
1073 1447 1187 1490 bona
1210 1461 1338 1505 opera
1352 1481 1363 1500 ‚
1383 1456 1433 1490 ut
1460 1447 1515 1490 ab
1537 1446 1789 1491 hominibus

400 1517 617 1572 lauderis,
659 1533 747 1561 non
770 1526 832 1561 est
860 1517 976 1560 intus
1016 1516 1177 1560 oleum.
1216 1517 1413 1576 Denique
1439 1532 1540 1561 cum
1575 1516 1790 1576 coeperint

403 1588 598 1631 homines
619 1603 707 1631 non
742 1587 940 1641 laudare,
977 1587 1188 1630 deficiunt
1208 1586 1442 1645 lampades.
1470 1586 1674 1631 Intendat
1704 1588 1789 1632 ita-

401 1673 487 1716 que
508 1659 702 1702 Charitas
725 1659 875 1700 Vestra
896 1676 904 1700 ;
926 1659 1174 1715 Antequam
1196 1656 1435 1700 dormirent
1456 1655 1542 1700 illae
1568 1657 1754 1716 virgines
1773 1692 1785 1713 ‚

404 1743 490 1771 non
519 1736 582 1770 est
603 1727 770 1771 dictum
789 1761 800 1781 ‚
835 1726 937 1785 quia
958 1727 1325 1784 extinguebantur
1346 1726 1568 1786 lampades
1596 1726 1784 1773 illarum.

402 1798 669 1857 Sapientium
694 1797 914 1856 lampades
938 1796 1147 1841 ardebant
1169 1797 1223 1841 de
1246 1797 1341 1842 oleo
1365 1798 1558 1853 interno,
1583 1797 1638 1842 de
1659 1813 1787 1843 cons-

400 1870 568 1913 cientiae
591 1869 838 1924 securitate,
859 1868 913 1912 de
932 1869 1136 1912 interiore
1154 1867 1303 1927 gloria,
1323 1868 1377 1912 de
1391 1868 1544 1912 intima
1561 1869 1783 1914 charitate.

399 1939 624 1982 Ardebant
648 1949 792 1982 tamen
814 1948 856 1982 et
879 1938 1055 1982 illarum
1085 1938 1320 1983 fatuarum.
1349 1941 1491 1991 Quare
1519 1948 1625 1984 tunc
1658 1941 1786 1984 arde-

401 2009 536 2053 bant?
558 2010 667 2062 Quia
704 2025 793 2054 nou
826 2009 1005 2054 deerant
1037 2009 1188 2053 laudes
1221 2010 1466 2053 hominum.
1505 2014 1656 2055 Postea
1684 2026 1786 2056 vero

397 2095 526 2138 quam
562 2089 863 2135 surrexerunt,
903 2081 948 2123 id
990 2088 1074 2134 est,
1100 2080 1145 2122 in
1183 2080 1497 2124 resurrectione
1521 2095 1546 2124 a
1570 2078 1752 2125 mortuis
1770 2116 1781 2137 ‚

396 2160 626 2209 coeperunt
664 2160 810 2209 aptare
836 2148 1058 2208 lampades
1083 2164 1201 2204 suaS‚
1226 2149 1269 2193 id
1302 2159 1365 2193 est
1381 2185 1392 2205 ‚
1428 2165 1671 2210 praeparare
1694 2155 1783 2196 Deo

394 2234 577 2278 operum
597 2235 775 2264 suorum
799 2219 979 2263 reddere
1003 2219 1227 2263 rationem.
1249 2222 1304 2263 Et
1322 2220 1424 2278 quia
1447 2229 1552 2265 tunc
1573 2236 1702 2266 nemo
1720 2231 1784 2267 est

392 2291 468 2348 qui
489 2290 661 2346 laudet,
686 2291 825 2335 omnis
848 2291 979 2334 homo
1001 2304 1140 2333 causae
1156 2304 1245 2333 suae
1268 2299 1412 2345 vacat,
1438 2306 1568 2335 nemo
1590 2301 1653 2336 est
1675 2301 1781 2337 tunc
1802 2344 1804 2346 ¹
1831 2342 1834 2354 Ι

392 2362 467 2418 qui
490 2376 578 2405 non
600 2360 654 2405 de
675 2377 718 2405 30
740 2362 898 2419 cogitet
931 2379 939 2405 :
965 2375 1054 2404 non
1077 2375 1179 2418 ergo
1203 2370 1325 2404 erant
1346 2361 1422 2420 qui
1449 2360 1593 2404 oleum
1615 2363 1778 2406 vende·
1831 2356 1834 2370 ¹
1870 2397 1871 2406 1

391 2440 509 2489 rent3
547 2441 780 2490 coeperunt
813 2432 996 2476 deficere
1033 2430 1276 2490 lampades,
1315 2441 1357 2475 et
1391 2441 1702 2476 converterunt
1734 2449 1778 2477 se

394 2501 526 2545 fatuae
567 2502 620 2545 ad
642 2504 837 2563 quinque
858 2502 1096 2562 prudentes
1122 2522 1129 2547 :
1160 2523 1180 2545 «
1206 2506 1313 2548 Date
1336 2503 1461 2549 nobis
1485 2502 1539 2547 de
1562 2503 1657 2549 oleo
1678 2519 1777 2550 ves·-

399 2561 422 2581 k

420 2587 446 2604 ’Ὗ
464 2594 482 2615 2
501 2589 573 2617 Cor.
596 2598 617 2623 1Ἶ
641 2597 691 2619 19..
