1898 3178
369 217 449 254 108
787 226 820 254 ε.
856 224 1084 254 Aucusnm
1116 226 1296 254 EPISCOPI

366 304 410 347 in
443 304 605 348 multis.
631 304 710 349 Ille
732 305 806 364 qui
828 302 1069 363 Discipulos
1093 318 1191 347 ‘suos
1225 302 1325 347 fecit
1354 302 1584 361 piscatores
1601 301 1747 345 homi-

365 390 494 428 num,
520 377 631 419 intra
665 375 767 418 retia
790 390 865 418 sua
882 389 1012 418 omne
1029 390 1164 433 genus
1195 372 1463 418 auctoritatis
1494 371 1683 416 inclusit.
1707 370 1750 415 Si

365 444 634 488 multitudini
654 443 937 488 credendium
959 454 1047 498 est,
1072 443 1182 504 quid
1203 443 1416 503 copiosius
1440 442 1633 486 Ecclesia
1657 449 1750 484 toto

364 515 470 557 orbe
484 513 668 557 diffusa?
700 513 742 558 Si
764 513 970 557 divitibus
987 513 1253 558 credendum
1274 522 1359 566 est,
1394 511 1622 555 attendant
1642 519 1751 570 quot

364 584 519 628 divites
548 583 688 642 cepit:
721 584 752 626 si
787 583 1052 643 pauperibus
1086 582 1353 626 credendum
1389 591 1478 635 est,
1523 580 1751 624 attendant

364 668 606 712 pauperum
638 653 770 697 millia
797 674 805 697 ι
841 654 874 697 si
904 653 1143 707 nobilibus,
1180 654 1298 696 intus
1327 652 1494 710 estjam
1518 665 1637 710 pene
1663 659 1751 693 tota

366 723 595 768 nobilitas:
637 723 670 767 si
703 723 903 782 regibus,
928 724 1105 768 videant
1139 738 1289 766 omnes
1319 721 1516 766 subditos
1548 720 1751 765 Christo:

366 794 399 836 si
416 793 791 854 eloquentioribus
807 829 817 848 ,
843 794 1112 838 doctioribus
1126 829 1137 847 ,
1156 791 1534 852 prudentioribus,
1549 791 1755 835 intuean-

366 872 437 906 tur
451 863 602 922 quanti
621 872 826 918 oratores,
847 863 999 922 quanti
1015 863 1163 922 periti,
1185 861 1337 922 quanti
1358 860 1608 920 philosophi
1626 860 1756 919 hujus

366 933 517 976 mundi
542 933 693 977 abillis
717 934 1000 993 piscatoribus
1022 933 1175 977 irretiti
1190 934 1299 987 sint,
1340 941 1390 976 ut
1419 932 1475 975 ad
1496 931 1681 975 salutem
1702 929 1757 973 de

365 1002 584 1061 profundo
603 1004 944 1060 attraherentur,
971 1003 1208 1061 cogitantes
1234 1017 1334 1046 eum
1352 1002 1429 1061 qui
1449 1015 1652 1058 magnum
1670 1014 1758 1043 ma-

364 1074 455 1116 lum
478 1073 632 1116 animae
665 1074 869 1116 humanae
884 1108 894 1127 ‚
919 1072 965 1116 id
987 1082 1066 1127 est,
1092 1073 1341 1131 superbiam
1358 1107 1369 1125 ,
1396 1087 1483 1115 suae
1501 1069 1758 1114 humilitatis

366 1142 562 1200 exemplo
582 1157 730 1186 sanare
745 1142 1011 1186 descendens
1023 1176 1033 1196 ,
1055 1142 1228 1185 infirma
1245 1140 1402 1185 mundi
1420 1140 1570 1198 elegit,
1587 1149 1636 1184 ut
1650 1155 1758 1185 con-

366 1212 574 1255 funderet
591 1211 718 1255 fortia
736 1233 747 1269 3
770 1221 812 1256 et
828 1211 958 1256 stulta
975 1212 1105 1270 hujus
1128 1211 1297 1265 mundi,
1319 1220 1369 1255 ut
1386 1209 1676 1255 confunderet
1693 1225 1759 1253 sa·

366 1283 547 1341 pientes3
561 1297 649 1325 non
659 1283 732 1341 qui
743 1291 899 1336 essent,
916 1281 990 1325 sed
1000 1282 1176 1341 quiesse
1185 1280 1437 1325 viderentur
1449 1283 1479 1325 ¹:
1494 1290 1538 1324 et
1551 1279 1758 1339 ignobilia

364 1352 494 1410 hujus
516 1350 668 1395 mundi
691 1351 842 1409 elegit,
864 1360 906 1396 et
928 1366 976 1395 ea
997 1366 1098 1410 quae
1120 1366 1209 1396 non
1240 1359 1357 1404 sunt,
1384 1360 1433 1395 ut
1455 1365 1503 1394 ea
1525 1365 1624 1410 quae
1655 1358 1757 1393 sunt

368 1429 611 1465 evacuaret.

425 1494 476 1534 V.
503 1490 725 1550 Quidquid
743 1490 848 1535 velis
870 1490 1008 1545 dicas,
1028 1491 1258 1550 inquiunt,
1284 1506 1361 1534 nos
1383 1490 1756 1549 deprehendimus

365 1560 440 1603 ubi
458 1560 595 1617 legitis
618 1568 767 1603 natum
791 1560 1035 1613 Christum,
1057 1559 1275 1603 dissonare
1290 1560 1404 1603 inter
1425 1575 1469 1604 se
1487 1559 1725 1618 Evangelia
1740 1594 1752 1614 ‚

366 1639 404 1673 et
431 1645 516 1673 non
540 1645 662 1688 posse
685 1638 923 1688 utrumque
945 1644 1095 1673 verum
1132 1644 1221 1673 esse
1250 1630 1369 1690 quod
1407 1630 1614 1674 dissonat.
1641 1632 1755 1675 Cum

366 1702 480 1743 enim
502 1699 755 1749 ostendero,
781 1700 946 1758 inquit,
969 1700 1279 1743 dissonantiam
1294 1735 1305 1754 ,
1336 1710 1452 1745 recte
1473 1701 1676 1760 improbo
1700 1701 1753 1744 fi-

368 1769 464 1812 dem
506 1789 513 1813 :
552 1779 627 1812 aut
663 1779 709 1812 tu
744 1770 820 1828 qui
856 1770 1011 1827 accipis
1042 1769 1172 1812 fidem
1192 1805 1202 1823 ,
1242 1771 1423 1814 ostende
1456 1771 1753 1815 concordiam.

369 1841 507 1890 Quam
517 1853 665 1896 quaeso
677 1837 987 1881 dissonantiam
999 1837 1316 1882 demonstrabis
1327 1841 1556 1898 PApertam
1571 1875 1581 1892 ‚
1594 1840 1754 1899 inquit,

368 1909 437 1951 cui
464 1923 591 1951 nemo
617 1917 761 1965 potest
782 1907 1094 1952 contradicere.
1125 1911 1264 1960 Quam
1288 1910 1424 1952 securi
1450 1910 1629 1964 auditis,
1655 1910 1757 1970 quia

369 1978 516 2022 fideles
531 1979 645 2021 estis.
668 1979 908 2032 Attendite,
930 1974 1427 2031 dilectissimi,etvidete
1438 1980 1757 2039 quamsalubri·

371 2057 431 2090 ter
462 2047 694 2106 Apostolus
732 2056 927 2100 moneat,
961 2047 1108 2091 dicens
1145 2067 1154 2092 ε
1186 2066 1205 2088 «
1245 2049 1366 2092 Sicut
1403 2064 1505 2108 ergo
1533 2051 1756 2110 accepistis

371 2135 392 2158 »
421 2117 643 2161 Christum
661 2118 807 2160 Jesum
825 2117 1060 2160 Dominum
1080 2125 1276 2161 nostrum
1290 2153 1300 2172 ,
1322 2119 1366 2161 in
1388 2119 1481 2178 ipso
1503 2120 1753 2175 ambulate,

371 2206 390 2227 »
427 2187 602 2231 radicati
650 2196 693 2230 et
725 2186 1058 2245 superaedificati
1095 2187 1138 2230 in
1170 2188 1263 2246 ipso
1277 2223 1288 2241 ‚
1330 2198 1372 2232 et
1412 2190 1656 2234 confirmati
1691 2190 1752 2233 -in

371 2275 391 2297 »
426 2257 546 2300 fide2.
576 2275 595 2298 »
621 2261 717 2316 Ipsa
732 2258 849 2300 enim
871 2257 1052 2316 simplici
1075 2267 1117 2301 et
1137 2268 1252 2302 certa
1276 2258 1385 2313 fido,
1412 2259 1546 2304 inillo
1569 2261 1752 2304 firmiter

368 2340 619 2383 permanere
642 2326 851 2370 debemus
866 2361 877 2380 ,
903 2335 951 2370 ut
967 2327 1056 2385 ipse
1082 2328 1245 2386 aperiat
1265 2327 1469 2373 fidelibus
1493 2331 1614 2389 quod
1635 2330 1681 2372 in
1710 2345 1755 2374 se

370 2396 672 2439 absconditum
685 2405 748 2440 est
769 2416 778 2440 :
799 2395 901 2455 quia
919 2396 1030 2440 sicut
1046 2396 1160 2440 idem
1176 2396 1281 2442 dicit
1297 2399 1530 2457 Apostolus
1547 2419 1556 2444 ;
1577 2418 1596 2442 «
1616 2399 1753 2445 Inillo

373 2483 392 2504 »
427 2474 527 2507 sunt
548 2479 696 2509 omnes
708 2467 896 2510 thesauri
912 2467 1132 2525 sapientiae
1150 2477 1193 2511 et
1210 2468 1400 2512 scientiae
1416 2469 1703 2514 absconditi3.
1725 2488 1745 2511 η

417 2554 423 2568 ¹
451 2558 459 2578 ι
483 2550 732 2589 Cor.1‚27.—-
754 2556 765 2571 ²
786 2550 904 2582 Cotoes.
925 2562 960 2587 n,
978 2551 1013 2588 6,
1036 2563 1065 2593 7.
1090 2568 1128 2573 ·-
1146 2549 1158 2573 3
1182 2551 1262 2583 lbid.
1291 2553 1320 2583 3.
