1898 3178
382 236 462 273 128
593 238 596 240 ’
806 240 839 269 s.
875 239 1107 270 Avensa-uu
1139 242 1324 271 EPISCOPI

375 313 515 367 Deus,
537 317 585 352 ut
602 306 863 352 meminisset
885 306 1018 351 homo
1041 307 1158 351 unde
1180 317 1428 362 revocatur,
1453 317 1497 352 et
1518 323 1607 369 quo
1630 323 1760 354 voca-

378 387 470 437 tur-3
496 388 539 423 et
563 385 778 439 quaereret
799 374 925 420 illum
955 377 1202 437 amplexum
1222 413 1234 435 ,
1265 378 1343 423 ubi
1365 377 1486 423 nulla
1508 387 1651 438 potest
1672 395 1762 425 esse

372 449 610 508 corruptio.

433 522 596 564 XXVI.
633 520 685 562 In
706 516 781 563 illo
802 532 905 576 ergo
926 518 1093 578 populo
1111 518 1213 579 quia
1237 520 1469 579 oportebat
1495 521 1588 564 fieri
1616 520 1759 565 abun-

371 590 548 635 dantem
565 589 924 649 propagationem
945 604 1085 649 usque
1105 589 1160 634 ad
1181 590 1430 645 Christum,
1451 605 1528 649 per
1552 606 1760 636 numero-

370 662 538 705 sitatem
561 659 699 719 plebis
728 659 775 703 in
807 675 892 719 qua
914 660 1302 719 praefigurarentur
1324 661 1469 704 omnia
1491 677 1590 721 quae
1611 663 1760 721 praefi-

371 731 565 789 guranda
595 739 718 775 erant
749 730 954 775 Ecclesiae
994 731 1279 786 documenta,
1310 731 1534 776 habebant
1563 732 1757 777 osticium

371 801 677 846 ducendarum
699 816 884 846 uxorum
901 816 980 861 per
996 817 1104 861 quas
1124 801 1314 861 populus
1336 813 1546 848 cresceret
1567 837 1578 858 ,
1603 803 1650 847 in
1671 819 1760 862 quo

368 871 536 931 populo
558 872 892 932 praesignaretur
906 871 1114 917 Ecclesia.
1140 874 1198 917 At
1214 872 1292 916 ubi
1313 881 1441 917 natus
1463 882 1527 917 est
1554 873 1645 932 ipse
1668 876 1760 918 Rex

367 944 564 988 omnium
579 944 790 1003 gentium,
801 943 937 1003 coepit
951 943 1137 1002 dignitas
1147 942 1368 1002 virginalis
1379 959 1403 987 a
1414 947 1553 989 Matre
1566 945 1756 1000 Domini,

368 1030 468 1072 quae
486 1024 529 1059 et
545 1014 685 1058 filium
707 1014 869 1058 hahere
893 1014 1068 1069 meruit,
1083 1023 1126 1057 et
1144 1015 1365 1073 corrumpi
1386 1030 1476 1059 non
1493 1015 1666 1059 meruit.
1691 1015 1760 1059 Si·-

367 1092 443 1127 cut
466 1099 568 1142 ergo
591 1093 683 1128 erat
704 1082 815 1127 illud
837 1084 1089 1143 conjugium
1104 1118 1115 1139 ,
1158 1093 1202 1127 et
1243 1085 1335 1127 sine
1365 1082 1455 1128 ulla
1480 1084 1760 1143 corruptione

366 1154 621 1212 conjugium
658 1172 667 1198 ;
704 1154 762 1198 sic
793 1154 914 1213 quod
937 1163 1052 1198 caste
1074 1169 1183 1199 uxor
1211 1155 1402 1214 peperit,
1432 1171 1511 1200 cur
1534 1170 1624 1201 non
1645 1165 1759 1200 caste

368 1224 547 1269 maritus
570 1225 809 1284 acciperet?
840 1225 960 1269 Sicut
980 1225 1096 1269 enim
1116 1234 1230 1269 caste
1257 1227 1415 1285 conjux
1450 1226 1522 1270 illa
1543 1261 1554 1281 ,
1586 1227 1646 1271 sic
1685 1226 1758 1270 illc

364 1305 478 1339 caste
495 1296 675 1340 maritus
698 1314 707 1340 ε
726 1304 770 1339 et
789 1296 900 1339 sicut
914 1294 988 1338 illa
1006 1304 1121 1339 caste
1136 1304 1291 1350 mater,
1314 1295 1376 1339 sic
1389 1294 1462 1339 ille
1477 1305 1592 1340 caste
1614 1306 1753 1356 pater.

365 1366 446 1418 Qui
463 1381 564 1424 ergo
583 1366 712 1410 dicit:
732 1367 831 1411 Non
845 1364 1000 1409 debuit
1017 1364 1102 1409 dici
1122 1374 1260 1424 pater,
1284 1366 1387 1425 quia
1405 1381 1494 1410 non
1515 1367 1574 1410 sic
1597 1382 1755 1425 genue-

364 1445 430 1479 rat
451 1435 591 1480 filium
610 1457 621 1494 3
638 1436 864 1480 libidinem
882 1435 1040 1495 quaerit
1058 1436 1103 1479 in
1124 1436 1402 1495 procreandis
1418 1436 1533 1491 filiis,
1545 1452 1636 1481 non
1648 1438 1753 1481 cha-

364 1506 500 1550 ritatis
522 1508 744 1551 affectum.
771 1506 928 1551 Melius
950 1505 1045 1561 ille,
1062 1506 1183 1565 quod
1199 1507 1307 1551 alius
1329 1522 1457 1551 carne
1474 1507 1656 1567 implere
1674 1507 1754 1552 de-

364 1576 543 1631 siderat,
575 1577 720 1621 animo
741 1576 970 1634 implebat.
1027 1578 1138 1619 Nam
1168 1586 1211 1620 et
1249 1577 1325 1636 qui
1367 1578 1577 1636 adoptant
1608 1576 1720 1622 filios
1739 1613 1751 1633 ,

363 1647 519 1691 castius
535 1662 606 1691 eos
624 1646 754 1691 cordc
773 1646 977 1704 gignunt,
996 1660 1106 1704 quos
1117 1660 1246 1689 carne
1263 1661 1353 1690 non
1367 1656 1565 1705 possunt.
1579 1647 1750 1704 Videte,

361 1717 537 1773 fratres,
562 1718 708 1762 videte
724 1718 823 1776 jura
855 1716 1120 1775 adoptioniS,
1158 1717 1381 1776 quomodo
1404 1718 1453 1761 fit
1483 1719 1615 1763 homo
1638 1719 1754 1764 filius

363 1790 485 1849 cujus
508 1790 671 1833 semine
693 1797 820 1833 natus
841 1803 931 1832 non
956 1796 1044 1846 cst,
1068 1797 1119 1831 ut
1141 1787 1237 1848 plus
1255 1788 1300 1832 in
1319 1803 1370 1833 eo
1377 1789 1486 1848 juris
1502 1790 1662 1834 habeat
1676 1806 1753 1835 vo-

362 1860 506 1904 luntas
528 1859 797 1918 adoptantis,
844 1873 976 1919 quam
1005 1867 1162 1902 natura
1187 1859 1418 1917 gignentis.
1445 1862 1510 1903 Ita
1538 1875 1641 1919 ergo
1663 1876 1753 1905 non
1813 1859 1818 1863 ”

363 1930 502 1976 solum
522 1931 674 1974 debuit
696 1945 784 1974 esse
806 1939 928 1989 pater
949 1930 1134 1989 Joseph,
1152 1929 1228 1973 sed
1250 1930 1434 1973 maximo
1456 1930 1626 1975 debuit.
1643 1935 1751 1978 Nam

362 2001 467 2046 etde
485 2000 676 2046 foeminis
695 2016 796 2061 quae
820 2015 974 2044 uxores
992 2015 1082 2044 non
1105 2009 1223 2054 sunt,
1250 2010 1460 2058 generant
1478 2002 1675 2046 homines
1698 2003 1753 2046 fi-

362 2072 464 2127 lios,
492 2081 535 2116 et
557 2071 765 2116 dicuntur
798 2070 876 2114 filii
908 2069 1150 2127 naturales3
1183 2078 1225 2113 et
1255 2080 1575 2129 praeponuntur
1591 2072 1650 2115 eis
1675 2072 1754 2116 filii

368 2141 633 2203 conjugales.
658 2144 884 2195 Quantum
907 2141 1097 2199 pertinet
1125 2139 1180 2183 ad
1200 2154 1308 2199 opus
1330 2142 1494 2196 carnis,
1529 2141 1754 2201 aequaliter

363 2214 453 2257 nati
475 2222 576 2258 sunt
610 2232 619 2258 ε
642 2212 762 2256 unde
784 2212 863 2255 istc
889 2219 1207 2270 praeponuntur
1223 2245 1233 2263 ,
1270 2211 1351 2253 nisi
1371 2211 1474 2269 quia
1506 2212 1663 2255 castior
1691 2221 1754 2257 cst

363 2286 506 2329 uxoris
529 2285 728 2338 charitas,
744 2282 798 2326 de
812 2299 898 2343 qua
919 2282 1043 2325 liberi
1062 2283 1375 2341 procreantur?
1389 2284 1486 2326 Non
1504 2281 1592 2326 illic
1616 2292 1753 2327 atten-

361 2355 481 2399 ditur
503 2355 750 2399 commixtio
771 2353 910 2398 carnis
925 2387 935 2407 ,
961 2367 1060 2412 quae
1091 2351 1136 2394 in
1156 2360 1339 2410 utraque
1361 2351 1542 2395 foemina
1566 2366 1643 2410 par
1670 2362 1748 2397 est.

366 2425 447 2468 Ubi
471 2425 605 2469 vincit
631 2440 763 2480 uxor,
796 2424 876 2468 nisi
905 2422 1066 2466 affectu
1096 2420 1225 2475 fidei,
1257 2421 1418 2465 affectu
1444 2422 1660 2481 conjugii,
1687 2421 1753 2467 af-

363 2495 482 2539 fectu
508 2496 747 2540 sincerioris
768 2493 1045 2553 castiorisque
1068 2492 1319 2537 charitatis?
1344 2493 1385 2537 Si
1410 2507 1510 2550 ergo
1533 2502 1676 2551 posset
1698 2493 1751 2537 dc

362 2581 494 2611 uxore
515 2566 743 2626 quisquam
763 2566 854 2610 sine
877 2563 1116 2609 concubitu
1139 2562 1351 2622 suscipere
1367 2561 1493 2618 filios,
1513 2578 1602 2609 non
1626 2572 1748 2608 tanto

1867 2253 1898 2284 BOA

1866 2308 1898 2355 1310!

1866 2395 1898 2417 w

1866 2415 1875 2438 ἶ
1892 2419 1894 2425 ι

1880 2473 1889 2489 ἵ,

1876 2538 1898 2581 (ηρ

1882 2611 1890 2624 ,.

1835 2422 1891 2734 ‚t

1832 2788 1837 2980 θ

1763 3077 1766 3079 ,
1829 3088 1841 3178 ν
