1898 3178
302 205 440 232 5ΕῆΜο
471 205 616 233 Lxxvn
635 222 646 242 ‚
682 207 735 232 DE
768 206 914 234 vssnms
945 205 1109 235 ΜΑΤΤΗ.
1146 208 1216 234 xv.
1363 197 1442 236 351

70 286 91 310 «
124 271 222 314 Non
251 284 348 314 sum
385 271 537 315 missus
572 270 654 314 nisi
674 271 729 315 ad
762 287 863 317 oves
901 288 1001 333 quae
1036 273 1261 333 perierunt
1294 272 1452 318 domus

69 355 90 379 »
126 338 299 383 Israffl1.
328 357 348 381 »

118 411 174 451 ΙΙ.
198 410 277 453 Hic
295 409 528 454 verborum
549 409 732 454 istorum
754 411 892 455 oritur
910 413 1092 472 quaestio
1114 432 1123 457 :
1149 412 1271 457 Unde
1288 429 1367 458 nos
1386 413 1441 458 a=l

57 478 169 523 ovile
189 480 351 524 Christi
370 480 425 524 de
446 481 659 524 Gentibus
680 482 878 526 venimus
893 517 904 536 ‚
931 484 964 526 si
988 499 1075 528 non
1099 493 1162 528 est
1186 485 1333 528 missus
1359 486 1439 529 nisi

63 547 118 593 ad
138 563 240 594 oves
260 565 359 610 quae
389 550 616 609 perierunt
642 549 798 595 domus
818 551 982 596 Israel?
1003 552 1120 606 Quid
1141 553 1225 598 sibi
1245 553 1340 599 vult
1368 555 1451 599 hu·

55 619 125 679 Jus
146 620 299 664 secreti
321 629 413 665 tam
446 620 533 666 alta
563 621 849 681 dispensatio,
884 632 934 667 ut
961 639 1062 667 cum
1085 626 1297 670 Dominus
1325 625 1452 670 sciret

61 707 195 750 quare
230 693 419 748 veniret,
453 694 605 753 utique
629 701 677 737 ut
697 693 936 738 Ecclesiam
970 694 1153 739 haberet
1173 696 1218 738 in
1247 696 1450 740 omnibus

61 761 264 819 gentibus
279 796 292 817 ‚
322 777 410 806 non
425 777 470 807 se
487 763 665 806 missum
687 762 843 807 dixerit
858 798 869 818 ,
887 763 969 807 nisi
994 764 1047 808 ad
1071 780 1171 809 oves
1192 782 1291 825 quae
1308 766 1451 825 perie-

59 841 163 876 runt
181 832 336 878 domus
354 832 517 877 Israel?
538 833 828 892 Intelligimus
840 850 943 894 ergo
960 836 1236 894 praesentiam
1258 838 1449 897 corporis

58 904 150 959 sui,
175 905 445 949 nativitatem
472 920 593 948 suam
611 939 622 960 ,
650 905 965 950 exhibitionem
992 907 1302 952 miraculorum
1321 944 1331 963 ‚
1360 909 1449 953 vir-

57 983 284 1036 tutemque
305 976 632 1020 resurrectionis
651 976 698 1020 in
719 975 794 1021 illo
809 977 974 1037 populo
995 993 1096 1021 eum
1116 979 1345 1023 ostendere
1367 978 1447 1023 de-

58 1044 226 1097 buisse3
250 1047 310 1090 ita
330 1045 460 1091 fuisse
479 1046 752 1105 dispositum,
775 1046 834 1090 sic
857 1047 910 1091 ab
928 1047 1052 1092 initio
1074 1048 1443 1104 commendatum,

56 1115 138 1160 hoc
165 1115 423 1175 praedictum
441 1151 452 1171 ,
488 1117 571 1160 hoc
599 1115 827 1175 impletum
854 1137 863 1161 2
890 1118 992 1177 quia
1022 1118 1218 1162 Christus
1250 1122 1374 1163 Jesus
1392 1120 1444 1163 ad

0 1211 1 1214 ¹
56 1196 230 1246 gentem
253 1188 509 1232 Judaeorum
534 1187 681 1231 venire
708 1186 861 1231 debuit
892 1188 1128 1244 videndus,
1153 1189 1415 1235 occidendus
1431 1226 1442 1247 ‚

54 1267 98 1302 et
133 1257 381 1303 lucraturus
409 1274 481 1302 eos
511 1258 615 1302 inde
655 1274 764 1318 quos
797 1267 898 1302 ante
932 1260 1163 1318 praescivit.
1197 1262 1296 1306 Non
1327 1262 1443 1305 enim

55 1325 258 1371 damnata
273 1327 347 1371 illa
367 1327 491 1387 plebs
513 1336 601 1382 est,
626 1327 702 1370 sed
723 1327 945 1372 ventilata.
973 1329 1041 1372 Ibi
1059 1338 1150 1373 erat
1167 1330 1304 1389 paleae
1326 1331 1442 1375 mul-

54 1397 196 1442 titudo
212 1432 223 1453 ‚
248 1397 308 1442 ibi
326 1413 562 1457 granorum
593 1397 766 1442 occulta
797 1397 985 1457 dignitas
1012 1418 1021 1444 :
1048 1400 1110 1443 ibi
1144 1400 1264 1460 quod
1291 1402 1443 1445 incen-

53 1467 250 1524 deretur,
274 1469 336 1513 ibi
359 1469 476 1513 unde
499 1469 706 1513 horreum
737 1468 993 1528 repleretur.
1019 1472 1129 1515 Nam
1159 1471 1278 1516 unde
1300 1475 1442 1532 Apos-

52 1538 155 1594 toli,
180 1539 264 1583 nisi
285 1538 419 1583 inde?
441 1540 568 1584 Unde
584 1540 765 1583 Petrus?
792 1539 914 1583 Unde
936 1541 1110 1584 caeteri?

111 1613 193 1654 111.
228 1609 352 1654 Unde
373 1610 464 1669 ipse
486 1609 647 1653 Paulus
665 1644 676 1664 ‚
700 1609 842 1668 primo
867 1609 1056 1654 Saulus?
1074 1611 1157 1655 hoc
1190 1622 1278 1670 est3
1300 1613 1441 1672 primo

49 1680 289 1739 superbus,
330 1688 427 1739 post
462 1670 653 1723 humilis.
686 1681 796 1725 Nam
825 1679 1002 1738 quando
1036 1680 1216 1735 Saulus,
1256 1698 1279 1725 a
1313 1682 1441 1727 Saiile

51 1764 213 1794 nomen
245 1749 491 1794 derivatum
529 1752 663 1794 erat2.
697 1748 800 1793 Saiil
832 1758 978 1792 autem
1011 1765 1085 1793 rex
1117 1751 1329 1810 superbus
1355 1771 1364 1796 ;
1396 1753 1440 1796 in

49 1834 185 1878 regno
201 1829 347 1863 autem
365 1818 501 1873 David
513 1818 724 1862 humilem
740 1819 1121 1877 persequebatur3.
1135 1821 1321 1873 Quando
1338 1837 1439 1880 ergo

51 1890 207 1937 Saulus
226 1926 238 1947 ,
263 1891 339 1951 qui
361 1900 510 1950 postea
546 1888 708 1934 Paulus
729 1924 740 1944 ‚
764 1898 870 1933 tunc
888 1889 1040 1948 utique
1074 1891 1309 1950 superbus,
1334 1902 1437 1937 tunc

47 1971 297 2020 persecutor
330 1959 657 2017 innocentium⁷
692 1968 798 2003 tunc
830 1967 1021 2003 vastator
1046 1960 1266 2004 Ecclesiae.
1299 1964 1436 2006 Acce—

47 2040 170 2091 perat
190 2032 305 2075 enim
321 2031 485 2076 litteras
511 2030 656 2089 (velut
673 2030 766 2074 zelo
787 2045 1018 2088 synagogae
1050 2029 1204 2074 ardens
1220 2065 1231 2086 ,
1257 2040 1298 2075 et
1321 2032 1434 2077 inse-

46 2118 186 2162 quens
206 2103 492 2147 christianum
514 2118 691 2157 nomen,
706 2103 724 2160 )
740 2118 764 2146 a
780 2100 1074 2146 sacerdotibus
1091 2136 1102 2156 ‚
1137 2111 1186 2146 ut
1213 2103 1435 2148 exhiberet

46 2188 346 2233 quoscumque
367 2173 602 2217 invenisset
623 2172 890 2218 Christianos
913 2172 968 2216 ad
989 2171 1150 2216 luenda
1174 2173 1384 2233 supplicia
1398 2175 1429 2219 ⁴.

48 2244 160 2287 Cum
183 2244 346 2303 pergit,
372 2258 472 2287 cum
499 2242 675 2287 anhelat
695 2241 835 2287 eaedes
851 2277 863 2298 ‚
901 2257 1002 2287 cum
1031 2243 1120 2287 sitit
1145 2243 1400 2302 sanguinem
1418 2280 1429 2301 ‚

47 2313 212 2357 coelesti
232 2313 393 2358 Christi
413 2328 519 2357 voce
532 2322 769 2372 prostratus
798 2322 862 2357 est
886 2323 1158 2372 perseeutor,
1179 2324 1347 2359 erectus
1369 2325 1432 2360 est

48 2383 322 2444 praedicator.
348 2376 583 2443 Impletum
604 2384 651 2427 in
678 2382 754 2428 illo
782 2382 903 2443 quod
926 2383 1132 2443 scriptum
1157 2393 1220 2429 est
1251 2385 1297 2429 in
1325 2388 1431 2430 Pro-

95 2489 106 2504 1
126 2483 246 2515 Matth.
267 2493 323 2524 xv,
345 2482 400 2524 23,
418 2481 472 2524 24.
491 2498 534 2505 —
554 2488 568 2504 ²
592 2481 704 2514 Florus
721 2481 762 2514 ad
778 2492 791 2515 1
811 2484 887 2514 Cor.
904 2493 926 2514 1.
953 2498 994 2505 -
1015 2479 1028 2505 3
1057 2493 1070 2514 1
1090 2484 1167 2525 Reg.
1187 2493 1282 2526 xviu,
1305 2494 1358 2526 19.
1388 2501 1429 2508 -·

48 2537 64 2569 4
81 2541 154 2573 Act.
174 2549 219 2581 ix,
244 2550 274 2581 1,
293 2545 357 2572 etc.
