1898 3178
399 268 479 305 528
828 274 861 301 S·
899 275 1130 303 Anaus'rlm
1162 277 1342 304 EPlscol’l

399 362 418 384 »
445 343 600 387 Omnia
635 357 711 401 per
741 341 882 400 ipsum
904 340 1016 386 facta
1044 350 1173 397 sunt,
1207 351 1250 386 et
1283 342 1373 386 sine
1394 342 1487 401 ipso
1521 341 1682 387 {Iactum
1712 351 1775 386 est

399 432 419 454 »
445 413 601 457 nihil1.
630 431 650 454 »
683 412 905 472 Numquid
934 414 1018 457 hoc
1048 413 1241 458 Verbum
1272 412 1450 457 Judaeus
1478 414 1776 472 crucifigeret?

396 483 621 544 Numquid
655 484 758 528 huic
779 484 925 529 Verbo
958 485 1116 544 impius
1153 484 1409 529 insultaret?
1437 483 1663 545 Numquid
1693 484 1777 528 hoc

397 555 591 598 Verbum
629 552 822 614 colaphis
862 555 1104 599 caederetur
1127 557 1146 599 Ξ)
1196 555 1420 614 Numquid
1457 556 1540 600 hoc
1582 554 1778 599 Verbum

395 624 527 683 spinis
563 626 873 669 coronaretur?
916 628 973 669 Ut
1014 634 1159 670 autem
1196 625 1276 668 ista
1307 632 1542 682 pateretur,
1584 623 1778 668 Verbum

396 710 495 738 caro
523 693 690 739 factum
720 704 783 738 est
809 714 818 739 :
850 704 894 739 et
915 695 996 739 ista
1029 710 1177 754 passus
1210 693 1474 753 resurgendo
1506 694 1623 739 vicit.
1663 696 1780 752 Ergo

396 764 519 808 nobis
552 764 681 819 vicit,
703 765 879 824 *quibus
913 765 1189 810 securitatem
1218 763 1540 808 resurrectionis
1573 762 1776 808 ostendit.

397 834 508 878 Dicis
530 850 632 893 ergo
654 837 745 879 Deo
773 854 782 880 ε
811 853 830 877 «
855 835 1058 880 Miserere
1085 835 1196 890 mei7
1223 835 1428 890 Domine,
1453 835 1658 895 quoniam
1675 849 1782 878 con-

399 924 420 947 »
447 903 636 949 culcavit
666 921 736 949 me
767 906 945 951 h0m02.
978 927 996 947 »ι
1033 908 1164 950 Tute
1187 905 1277 950 noli
1305 905 1587 955 conculcare:
1619 914 1662 949 et
1693 920 1782 949 non

396 984 438 1019 te
452 974 587 1019 vincit
603 975 748 1019 homo.
770 978 883 1020 Ecce
901 976 1016 1019 enim
1035 975 1167 1019 homo
1189 984 1343 1035 potens
1360 985 1492 1020 terret
1515 985 1571 1019 te.
1597 974 1722 1018 Unde
1740 983 1783 1017 te

398 1047 556 1089 terret?
582 1045 754 1104 Spolio,
779 1046 962 1101 damno,
989 1055 1173 1106 torqueo
1194 1081 1205 1101 ‚
1231 1046 1397 1090 occido.
1431 1048 1486 1089 Et
1514 1045 1673 1089 clamas
1696 1053 1746 1088 tu
1771 1062 1780 1087 :

401 1135 420 1156 «
445 1115 648 1160 Miserere
661 1116 762 1171 mei,
780 1117 979 1172 Domine,
997 1117 1206 1177 quoniam
1218 1115 1490 1161 conculcavit
1507 1131 1576 1159 me
1593 1116 1740 1159 homo.
1761 1132 1781 1155 »

401 1186 442 1230 Si
466 1201 617 1229 verum
641 1186 769 1240 dicis,
796 1195 838 1230 te
861 1187 998 1245 ipsum
1023 1186 1210 1231 attendis
1236 1206 1244 1231 :
1272 1187 1374 1247 quia
1396 1187 1522 1230 times
1543 1186 1681 1229 minas
1702 1185 1785 1229 ho-

399 1255 547 1311 minis,
575 1265 771 1300 mortuus
792 1265 834 1300 te
856 1256 1086 1301 conculcat
1112 1277 1119 1301 :
1153 1266 1196 1300 et
1216 1257 1320 1315 quia
1349 1272 1437 1301 non
1465 1256 1638 1300 timeres
1656 1290 1667 1310 ‚
1703 1254 1785 1298 nisi

399 1341 508 1369 esses
526 1326 675 1380 homo,
696 1326 924 1370 conculcat
941 1336 983 1370 te
999 1327 1146 1371 homo.
1168 1327 1297 1380 Quod
1315 1336 1378 1370 est
1396 1342 1497 1385 ergo
1519 1324 1786 1369 remedium?

400 1397 436 1439 O
459 1396 591 1440 homo
608 1430 618 1450 ‚
643 1396 760 1439 haere
782 1399 872 1440 Deo
889 1431 900 1451 ‚
932 1412 955 1439 a
976 1412 1065 1456 quo
1087 1396 1227 1441 factus
1245 1412 1288 1440 es
1310 1398 1442 1441 homo
1464 1416 1471 1441 ;
1498 1396 1560 1439 illi
1583 1395 1756 1439 adhaere
1771 1429 1781 1448 ‚

400 1466 445 1509 in
478 1466 569 1524 ipso
592 1481 804 1524 praesume
825 1500 835 1520 ‚
869 1466 1010 1524 ipsum
1040 1466 1214 1524 invoca·⁷
1248 1467 1386 1511 virtus
1404 1475 1478 1510 tua
1500 1467 1589 1525 ipse
1615 1465 1683 1509 sit.
1711 1465 1786 1508 Dic

401 1536 462 1579 illi
489 1552 497 1576 :
524 1539 574 1579 In
596 1545 666 1590 te,
693 1538 897 1591 Domine,
932 1538 1070 1581 virtus
1091 1553 1202 1581 mea.
1234 1541 1291 1581 Et
1323 1553 1347 1581 a
1375 1535 1787 1582 comminationibus

400 1607 629 1650 hominum
654 1606 872 1663 cantabis3
897 1616 940 1650 ct
960 1608 1081 1666 quod
1102 1616 1250 1666 postea
1272 1616 1418 1651 cantes
1435 1642 1445 1662 ,
1466 1607 1556 1666 ipse
1578 1606 1786 1651 Dominus

403 1675 508 1720 dicit
534 1695 542 1720 :
574 1694 593 1717 «
618 1679 669 1720 In
690 1679 780 1721 Deo
813 1677 1027 1736 sperabo,
1062 1693 1151 1722 non
1181 1678 1344 1722 timebo
1380 1677 1486 1737 quid
1517 1676 1647 1721 faciat
1681 1676 1786 1720 mihi

406 1766 426 1789 »
455 1749 634 1793 homoss.
659 1766 678 1790 ³)

454 1863 461 1879 ¹
483 1858 576 1889 Joan.
592 1866 616 1897 1,
642 1868 669 1889 1.
690 1873 728 1879 --
751 1862 764 1878 2
786 1857 867 1891 psal.
888 1868 938 1899 ιν,
958 1865 990 1889 2.
1012 1873 1052 1880 --
1070 1855 1083 1880 3
1100 1857 1183 1889 lbid.
1209 1868 1258 1891 11.
