1898 3178
392 201 416 240 4
803 208 836 237 s.
873 207 1102 236 ,incusum
1135 209 1314 235 Enscori

389 276 505 319 cium
523 273 704 333 implere
726 272 906 327 nolunt,
932 271 1041 332 quid
1070 272 1126 315 ad
1146 287 1218 316 eos
1239 287 1316 331 per
1337 272 1602 332 Prophetam
1622 270 1763 326 dicat,

389 346 499 390 sicut
519 344 680 389 lectum
704 343 966 397 audivimus,
983 357 1295 387 recenseamus.
1309 342 1469 387 Audite
1492 358 1565 387 vos
1583 358 1681 386 cum
1697 343 1768 387 in-

396 415 614 469 tentione,
637 414 860 458 audiamus
876 428 954 458 nos
973 428 1073 457 cum
1096 422 1296 457 tremore.

454 488 511 529 11.
547 505 568 527 «
599 488 655 528 Et
686 483 851 528 factum
886 492 949 527 est
983 484 1038 527 ad
1068 499 1137 527 me
1158 483 1342 527 verbum
1365 482 1560 536 Domini,
1589 482 1765 526 dicens.-

401 573 422 595 »
458 554 541 598 Fili
564 553 772 608 hominis‚
802 553 1013 612 propheta
1034 568 1163 613 super
1190 562 1385 612 pastores
1413 551 1590 595 Israel&
1619 555 1768 595 »Hanc

387 624 618 668 lectionem
656 622 788 667 modo
803 657 815 677 ‚
839 637 938 666 cum
961 622 1199 682 legeretur,
1237 621 1482 666 audivimus
1504 641 1512 665 :
1538 622 1640 665 hinc
1667 637 1767 667 cum

387 697 537 738 Vestra
562 694 812 739 'Sanctitate
852 693 1019 754 aliquid
1050 694 1172 754 loqui
1209 693 1493 737 decrevimus.
1535 693 1770 752 Adjuvabit

385 765 491 823 ipse,
511 773 561 808 ut
581 779 681 809 vera
704 763 912 819 dicamus,
929 765 964 807 si
980 779 1069 808 non
1088 773 1233 807 nostra
1255 763 1462 807 dicamus.
1489 765 1595 807 Nam
1619 763 1653 806 si
1676 778 1771 806 nos-

385 842 449 877 tra
473 833 704 877 dixerimus
721 868 732 888 ,
757 842 948 892 pastores
970 834 1129 877 erimus
1147 842 1371 892 pascentes
1389 848 1466 876 uos
1482 867 1492 886 ‚
1524 847 1612 875 non
1634 847 1733 875 oves
1756 851 1765 875 z

385 903 419 947 si
441 912 585 947 autem
606 902 722 947 illius
744 912 845 947 sunt
864 919 963 962 quae
986 903 1173 947 dicimus
1189 938 1200 957 ‚
1223 918 1300 962 per
1320 902 1560 962 quemlihet
1582 903 1673 960 ipse
1695 917 1770 945 vos

385 983 544 1034 pascet.
577 992 596 1013 «
624 976 725 1017 Haec
761 973 874 1016 Dicit
905 973 1113 1016 Dominus
1151 976 1262 1016 Deus
1292 992 1299 1016 :
1336 973 1372 1015 Ο
1401 981 1589 1030 pastores
1612 970 1766 1026 Israel,

388 1061 408 1084 »
445 1043 520 1102 qui
542 1052 723 1101 pascunt
744 1058 787 1086 se
804 1041 915 1085 solos
936 1042 944 1084 ἶ
971 1041 1195 1101 Numquid
1219 1057 1307 1084 uon
1331 1057 1430 1085 oves
1455 1049 1640 1099 pascunt
1666 1056 1767 1100 pas-

389 1131 409 1154 »
447 1114 589 1156 tores?
610 1130 629 1151 »
651 1111 700 1154 ld
719 1121 796 1165 est,
823 1127 911 1155 nou
933 1127 975 1154 se
994 1121 1178 1170 pascunt
1198 1120 1407 1169 pastores,
1433 1111 1507 1154 sed
1530 1127 1644 1155 oves.
1666 1114 1769 1155 Haec

385 1183 523 1243 prima
556 1197 682 1225 causa
711 1191 799 1235 est,
832 1197 966 1240 quare
989 1191 1226 1240 arguantur
1257 1191 1448 1240 pastores
1478 1182 1570 1235 isti,
1602 1182 1704 1241 quia
1726 1198 1769 1226 se

387 1253 500 1311 ipsos
522 1261 732 1311 pascunt,
758 1266 849 1294 non
873 1266 987 1294 oves.
1020 1252 1104 1303 Qui
1128 1260 1228 1294 sunt
1251 1253 1326 1311 qui
1348 1268 1390 1295 se
1419 1252 1532 1311 ipsos
1554 1254 1770 1311 pascunt?

388 1326 450 1367 De
472 1323 630 1382 quibus
653 1320 884 1381 Apostolus
906 1321 1035 1365 dicit:
1067 1341 1085 1362 «
1107 1323 1267 1365 Omnes
1289 1322 1404 1365 enim
1433 1339 1531 1382 quae
1563 1338 1638 1366 sua
1670 1331 1771 1366 sunt

392 1412 412 1435 »
440 1402 660 1453 quaerunt,
677 1408 764 1436 non
780 1408 878 1452 quae
893 1395 914 1435 J
921 1408 992 1436 esu
1007 1392 1206 1436 Christi3.
1223 1411 1242 1432 ³>
1260 1395 1345 1437 Nos
1359 1393 1489 1448 enim,
1505 1409 1613 1453 quos
1628 1394 1673 1437 in
1689 1393 1771 1438 isto

386 1463 507 1518 loco,
540 1463 594 1508 de
617 1479 705 1522 quo
729 1463 969 1521 periculosa
993 1463 1101 1506 ratio
1124 1462 1342 1517 redditur,
1371 1464 1579 1507 Dominus
1612 1479 1769 1507 secuu-

386 1536 491 1579 dum
510 1533 802 1591 dignationem
823 1549 960 1586 suam,
982 1549 1070 1577 non
1089 1533 1330 1577 secundum
1347 1534 1550 1577 meritum
1571 1544 1768 1578 nostrum

385 1604 609 1650 constituit
625 1639 635 1658 ‚
661 1604 872 1648 habemus
902 1604 991 1648 duo
1018 1603 1219 1663 quaedam
1242 1624 1249 1648 :
1285 1620 1421 1648 unum
1441 1640 1451 1659 ,
1474 1604 1592 1664 quod
1615 1605 1767 1649 Chris-

384 1675 493 1719 tiani
515 1690 661 1718 sumus
680 1695 691 1731 3
714 1674 921 1728 alterum,
947 1672 1067 1733 quod
1091 1675 1308 1733 praepositi
1327 1690 1491 1718 sumus.
1514 1675 1625 1718 illud
1648 1675 1770 1734 quod

385 1745 618 1790 Christiani
636 1760 806 1798 sumus,
827 1754 1004 1803 propter
1021 1760 1098 1788 nos
1121 1753 1186 1787 est
1207 1764 1215 1788 :
1247 1745 1364 1804 quod
1388 1754 1531 1788 autem
1550 1746 1769 1804 praepositi

386 1831 548 1870 sumus,
575 1824 751 1874 propter
771 1829 847 1858 vos
869 1823 946 1857 est.
970 1817 1021 1857 In
1043 1830 1094 1858 eo
1118 1814 1237 1873 quod
1259 1814 1490 1858 Christiani
1512 1829 1676 1868 sumus,
1703 1824 1768 1858 at-

386 1885 580 1930 tenditur
602 1884 763 1929 utilitas
792 1894 939 1928 nostra
971 1903 980 1927 ;
1016 1884 1062 1927 in
1094 1899 1144 1926 eo
1175 1882 1293 1942 quod
1315 1884 1561 1942 praepositi,
1598 1885 1769 1928 nonnisi

384 1965 541 2000 vestra.
569 1958 679 2000 Sunt
702 1964 847 1999 autem
878 1953 1005 1997 multi
1041 1953 1302 2007 Christiani,
1337 1963 1378 1997 et
1402 1970 1491 1998 non
1512 1955 1732 2014 praepositi
1754 1989 1764 2009 ,

385 2027 461 2086 qui
484 2027 745 2086 perveniunt
773 2024 829 2068 ad
868 2027 1026 2078 Deum,
1067 2022 1260 2068 faciliore
1295 2023 1475 2068 fortasse
1503 2025 1656 2068 itinere
1674 2060 1684 2080 ,
1725 2034 1769 2068 et

382 2106 505 2141 tanto
525 2097 636 2141 forte
660 2094 902 2152 expeditius
925 2094 1221 2147 ambulantes,
1255 2103 1419 2153 quanto
1443 2095 1655 2138 minorem
1678 2110 1767 2138 sar-

383 2166 523 2210 cinam
557 2171 749 2224 portant.
777 2164 864 2206 Nos
885 2171 1029 2205 autem
1050 2197 1061 2216 ,
1087 2172 1266 2221 excepto
1294 2163 1413 2222 quod
1436 2164 1667 2208 Christiani
1690 2180 1765 2208 su-

382 2251 494 2290 mus,
515 2235 632 2279 unde
656 2234 864 2277 rationem
884 2232 1114 2276 reddemus
1137 2236 1224 2276 Deo
1247 2233 1301 2276 de
1320 2235 1405 2277 vita
1428 2244 1588 2289 nostra,
1614 2250 1765 2279 sumus

383 2306 510 2349 etiarn
540 2303 784 2364 praepositi,
820 2302 937 2346 unde
967 2304 1177 2346 rationem
1211 2303 1441 2347 reddemus
1474 2308 1564 2348 Deo
1597 2303 1650 2347 de
1673 2305 1762 2348 dis-

381 2374 631 2434 pensatione
653 2383 811 2417 nostra.
838 2372 906 2416 Ad
931 2373 1014 2416 hoc
1048 2373 1174 2416 istam
1207 2373 1507 2417 difficultatem
1531 2389 1729 2433 propono
1748 2409 1759 2430 ‚

377 2453 429 2488 ut
444 2444 755 2503 compatientes
777 2442 918 2497 nobiS‚
936 2442 1063 2486 oretis
1083 2458 1160 2501 pro
1182 2442 1321 2486 nobis.
1341 2443 1495 2488 Veniet
1521 2444 1639 2487 enim
1653 2444 1758 2500 dies,

432 2533 441 2550 ¹
464 2526 579 2559 Ezech·
598 2536 707 2568 xum,
721 2534 753 2559 2.
773 2542 811 2548 —
835 2533 847 2549 ²
864 2526 946 2558 thid.
968 2542 1008 2549 —
1027 2524 1039 2549 3
1058 2526 1170 2569 Philip.
1191 2537 1225 2567 11,
1245 2536 1297 2558 21.
