1898 3178
416 196 500 235 432
855 206 889 232 s.
924 202 1154 232 mensum
1186 204 1367 233 EPISCOPI

413 272 623 331 ipsorum,
647 270 769 330 quasi
791 269 916 312 tertia
932 269 1038 313 hora
1059 269 1221 324 vocati,
1247 268 1496 314 felicitatem
1516 271 1794 314 resurrectio-

413 342 480 387 nis
502 340 720 401 accepturi
741 348 843 384 sunt
861 340 1106 384 nobiscum.
1126 339 1209 385 Alii
1218 341 1324 401 justi
1339 375 1351 396 ,
1371 343 1606 398 Moyses-et
1630 344 1792 396 Aaron,
1848 390 1850 403 ἶ

413 421 456 456 et
485 412 755 472 quicumque
780 424 882 455 cum
903 409 986 454 illis
1008 419 1214 471 tanquam
1238 412 1344 456 hora
1367 420 1485 456 sexta
1508 411 1672 467 vocati,
1696 410 1797 455 feli-
1848 434 1850 440 ·

414 484 588 528 citatem
602 481 925 527 resurrectionis
948 482 1175 527 nobiscum
1192 484 1410 542 accepturi
1431 492 1547 528 sunt.
1562 486 1665 527 Post
1685 481 1798 542 ipsos

415 553 645 612 Prophetae
666 552 804 597 sancti
830 561 1039 612 tanquam
1060 567 1175 597 nona
1193 552 1300 598 hora
1316 554 1485 609 vocati,
1507 553 1708 598 eamdem
1728 551 1797 597 fe-

412 623 622 668 licitatem
648 624 876 669 nobiscum
899 623 1118 683 accepturi
1144 631 1259 667 sunt.
1287 626 1339 666 In
1367 624 1454 667 fine
1476 621 1625 667 saeculi
1647 637 1797 667 omnes

413 694 646 739 Christiani
668 703 878 756 tanquam
902 694 1132 739 undecima
1148 695 1255 739 hora
1271 694 1442 749 vocati,
1461 692 1713 738 felicitatem
1741 692 1797 736 il-

412 764 494 809 lius
523 766 848 811 resurrectionis
874 781 975 810 cum
999 763 1083 809 illis
1105 765 1325 824 accepturi
1343 772 1460 809 sunt.
1486 765 1647 808 Omnes
1669 762 1797 807 simul

414 837 636 896 accepturi
668 845 795 882 sunt:
821 836 898 881 sed
930 835 1073 881 videte
1103 835 1199 880 illos
1219 835 1382 895 primos
1401 870 1412 889 ,
1447 843 1546 894 post
1579 843 1796 894 quantum

417 914 588 966 tempus
606 907 841 967 accipiunt.
863 906 904 952 Si
921 921 1025 965 ergo
1048 904 1110 949 illi
1133 906 1260 965 primi
1278 915 1375 965 post
1395 905 1585 950 multum
1606 914 1795 964 tempuS,

415 992 494 1021 nos
516 986 614 1036 post
643 977 865 1023 modicum
888 985 1089 1036 tempus,
1129 977 1325 1036 quamvis
1347 976 1477 1020 simul
1507 976 1796 1035 accipiamus,

414 1049 576 1106 priores
597 1047 799 1093 videmur
833 1047 1045 1107 accepisse
1061 1081 1072 1102 ,
1105 1047 1209 1107 quia
1239 1061 1403 1091 merces
1424 1055 1571 1091 nostra
1590 1062 1682 1091 non
1710 1055 1800 1091 tar-

415 1116 553 1162 dabit.

472 1191 546 1231 VI.
573 1188 745 1232 Erimus
774 1203 877 1246 ergo
906 1188 952 1231 in
973 1187 1046 1232 illa
1071 1185 1272 1231 mercede
1294 1202 1443 1232 omnes
1464 1185 1676 1247 aequales,
1704 1195 1800 1231 tan-

413 1273 544 1318 quam
567 1259 695 1317 primi
717 1257 963 1312 novissimi,
990 1266 1034 1303 et
1054 1257 1276 1302 novissimi
1298 1257 1426 1315 primi
1446 1276 1455 1302 z
1480 1258 1581 1316 quia
1599 1257 1801 1301 denarius
1860 1258 1898 1303 2³³¹

411 1327 483 1372 ille
496 1328 583 1373 vita
595 1337 757 1372 aeterna
775 1336 854 1384 est,
870 1337 914 1372 et
934 1328 980 1371 in
994 1327 1082 1372 vita
1098 1336 1260 1371 aeterna
1277 1342 1427 1371 omnes
1442 1326 1630 1386 aequales
1653 1336 1796 1371 erunt.

410 1399 616 1452 Quamvis
634 1400 752 1442 enim
770 1398 1027 1442 meritorum
1049 1397 1299 1443 diversitate
1319 1395 1568 1455 fulgebunt,
1586 1395 1695 1440 alius
1713 1411 1802 1441 ma-=

412 1469 490 1527 gis,
508 1469 618 1512 alius
640 1469 783 1513 minus
804 1467 948 1528 :quod
969 1477 1116 1512 tamen
1138 1466 1194 1512 ad
1213 1468 1349 1512 vitam
1366 1475 1571 1510 aeternam
1593 1466 1798 1525 pertinet,

412 1539 589 1599 aequalis
611 1539 692 1583 erit
715 1538 934 1583 omnibus.
956 1540 1054 1582 Non
1076 1537 1191 1580 enim
1215 1537 1339 1581 alteri
1361 1537 1441 1581 erit
1461 1535 1651 1596 longius,
1678 1536 1801 1581 alteri

411 1609 583 1652 brevius
600 1643 610 1663 ,
629 1608 750 1668 quod
772 1608 932 1667 pariter
955 1607 1267 1666 sempiternum
1291 1616 1354 1650 est
1378 1626 1386 1650 :
1412 1606 1533 1667 quod
1554 1623 1643 1652 non
1663 1607 1798 1651 habet

409 1679 557 1733 finem,
574 1693 654 1722 nec
666 1678 746 1722 tibi
760 1677 959 1733 habebit,
976 1692 1056 1721 nee
1068 1677 1191 1720 mihi.
1205 1676 1303 1722 Alio
1316 1677 1447 1722 modo
1460 1677 1521 1721 ibi
1534 1678 1614 1723 erit
1630 1678 1800 1722 castitas

409 1749 650 1809 conjugalis
667 1784 677 1804 ,
701 1749 784 1793 alio
814 1748 945 1793 modo
979 1748 1039 1791 ibi
1069 1747 1150 1792 erit
1177 1749 1401 1807 integritas
1436 1748 1654 1807 virginalis
1678 1766 1689 1792 .·
1715 1748 1799 1794 alio

1869 1312 1898 1357 *lan

410 1819 541 1863 modo
564 1819 625 1863 ibi
647 1819 727 1863 erit
748 1817 916 1862 fructus
941 1818 1045 1862 boni
1067 1818 1208 1877 operis
1223 1853 1235 1873 ,
1260 1818 1344 1863 alio
1363 1817 1495 1863 modo
1518 1833 1678 1863 corona
1695 1833 1796 1878 pas·
1851 1861 1855 1864 .
1883 1822 1898 1854 ³1

410 1889 554 1933 sionis.
582 1887 700 1933 Illud
722 1888 805 1933 alio
825 1887 974 1945 modo,
989 1886 1100 1931 illud
1117 1887 1200 1933 alio
1221 1888 1353 1932 modo
1379 1907 1388 1933 :
1414 1897 1561 1933 tamen
1580 1898 1796 1948 quantum

410 1962 600 2017 pertinet
623 1958 679 2003 ad
707 1959 852 2003 vivere
886 1959 932 2002 in
959 1967 1172 2002 aeternum
1193 1992 1205 2013 ,
1236 1974 1316 2002 nec
1338 1958 1410 2001 ille
1440 1959 1536 2017 plus
1559 1959 1676 2004 vivet
1696 1959 1794 2014 illo,

410 2045 490 2074 nec
520 2028 593 2073 ille
626 2028 724 2089 plus
746 2028 837 2073 illo.
873 2028 1038 2073 Pariter
1072 2028 1187 2072 enim
1204 2029 1294 2072 sine
1319 2029 1405 2072 fine
1426 2029 1604 2085 vivunt,
1630 2045 1732 2074 cum
1752 2030 1799 2074 in

410 2102 496 2145 suis
519 2101 704 2161 quisque
718 2097 986 2144 claritatibus
1005 2098 1146 2144 vivat:
1162 2107 1205 2142 et
1220 2097 1291 2142 ille
1311 2097 1514 2144 denarius
1528 2099 1614 2144 vita
1636 2109 1798 2145 aeterna

412 2182 488 2216 est.
507 2175 606 2218 Non
623 2179 866 2215 murmuret
884 2185 988 2229 ergo
1005 2170 1081 2228 qui
1099 2179 1196 2228 post
1213 2170 1404 2214 multum
1429 2180 1595 2230 tempus
1613 2172 1794 2230 accepit,

412 2253 561 2288 contra
581 2258 681 2287 eum
700 2243 775 2303 qui
798 2251 897 2302 post
918 2241 1140 2285 modicum
1167 2251 1335 2301 tempus
1353 2242 1532 2301 accepit.
1561 2241 1629 2286 Illi
1652 2241 1797 2286 reddi-

416 2322 504 2368 tur,
530 2313 594 2357 illi
616 2312 806 2358 donatur
825 2333 835 2368 3
860 2312 1057 2371 utrisque
1080 2320 1226 2355 tamen
1244 2327 1330 2355 una
1353 2327 1417 2356 res
1435 2312 1637 2356 donatur.

490 2387 590 2428 VII.
631 2387 710 2428 Est
732 2393 774 2428 et
805 2384 851 2427 in
867 2384 945 2428 ista
964 2383 1050 2426 vita
1075 2382 1210 2426 simile
1239 2382 1403 2443 aliquid
1419 2418 1430 2438 ,
1459 2392 1501 2427 et
1524 2392 1700 2442 excepta
1723 2382 1797 2427 illa

412 2454 625 2499 solutione
660 2455 954 2500 similitudinis
991 2455 1122 2514 hujus
1146 2490 1156 2509 ,
1195 2471 1280 2514 qua
1314 2454 1620 2514 intelliguntur
1657 2455 1796 2514 prima

413 2525 518 2569 hora
536 2526 676 2571 vocati
693 2525 804 2570 Abel
824 2534 866 2570 et
888 2525 1020 2585 ipsius
1042 2523 1189 2570 saeculi
1206 2525 1337 2584 justi,
1367 2526 1488 2570 tertia
1514 2526 1731 2570 Abraham
1753 2534 1796 2569 et
1842 2550 1845 2564 ·
