1898 3178
377 205 457 242 238
812 213 843 238 S.
880 212 1111 240 Aueus‘nm
1143 213 1325 240 EPISCOPI

373 282 463 340 ejus
485 295 575 328 non
596 289 700 324 erat.
728 282 778 324 In
803 279 930 338 hujus
954 292 1056 323 vero
1079 279 1355 324 Centurionis
1373 279 1555 324 domum
1576 295 1666 325 non
1683 282 1754 327 in·-

373 352 529 407 travit‚
555 360 599 395 et
626 358 778 410 pectus
812 348 1016 408 possedit.
1050 350 1281 394 Zacchaeus
1306 365 1409 395 vero
1441 351 1677 396 Dominum
1711 361 1756 397 et

371 420 502 466 domo
517 420 704 479 suscepit
718 421 749 474 ¹,
766 428 809 463 et
825 419 985 463 animo.
1004 420 1143 480 Hujus
1159 428 1307 464 tamen
1321 419 1428 464 fides
1444 420 1488 465 in
1507 420 1755 469 humilitate

369 491 587 536 laudatur.
619 490 735 535 Dixit
755 490 873 538 enim
890 525 902 543 ,
932 509 953 532 «
977 492 1074 537 Non
1095 506 1191 536 sum
1213 491 1388 550 dignus,
1411 501 1461 536 ut
1482 492 1565 537 sub
1588 501 1754 538 tectum

371 581 392 604 n
428 577 575 606 meum
596 561 745 605 intres.
773 578 794 602 »
819 563 880 605 Et
900 561 1136 618 Dominus,
1164 580 1186 604 «
1204 564 1347 606 Amen
1364 560 1465 607 dico
1490 563 1614 609 vobis
1631 597 1643 618 ,
1663 579 1752 608 11011

369 651 390 673 »
425 631 571 676 inveni
602 640 769 676 tantam
798 629 933 675 fidem
961 631 1008 675 in
1035 630 1198 676 Israel:
1226 649 1247 673 »
1272 631 1515 676 secundum
1557 647 1749 678 carnem.

366 705 476 749 Nam
498 712 542 748 et
573 703 652 747 iste
685 703 776 763 jam
799 701 1011 747 Israelites
1036 713 1134 747 erat
1153 702 1396 747 seeundum
1418 703 1634 763 spiritum.
1666 707 1754 749 Ve-

365 783 489 819 nerat
511 774 721 820 Dominus
743 773 799 818 ad
817 773 1019 819 Israelem
1040 774 1280 830 carnalem,
1299 773 1346 817 id
1366 783 1453 830 est,
1478 773 1534 819 ad
1555 778 1581 820 J
1585 775 1749 832 udaeos,

365 845 426 890 ibi
443 845 635 905 primum
655 859 851 905 quaerere
873 859 972 890 oves
994 844 1183 904 perditas
1197 879 1208 900 ‚
1245 845 1292 888 in
1311 859 1399 904 quo
1417 845 1581 905 populo
1596 881 1608 902 ‚
1632 855 1676 891 et
1691 845 1747 891 de

364 932 453 977 quo
469 915 634 976 populo
665 916 795 960 etiam
817 930 974 975 corpus
1007 924 1294 974 assumpserat
1315 933 1325 959 ε
1354 917 1490 960 «Non
1511 915 1572 960 ibi
1600 916 1752 962 inveni

365 1005 386 1028 »
421 996 587 1032 tantam
610 986 741 1032 fidem
758 1021 770 1042 ‚
792 1005 812 1028 »
833 987 923 1045 ipse
941 984 1063 1029 dicit.
1086 989 1320 1029 Possumus
1338 1000 1429 1029 non
1450 985 1596 1030 metiri
1617 985 1752 1031 fidem

362 1057 619 1113 hominum,
655 1057 767 1101 sieut
801 1056 1000 1100 homines
1032 1074 1041 1099 ε
1077 1055 1151 1099 ille
1173 1056 1249 1115 qui
1279 1055 1486 1100 interiora
1521 1058 1748 1114 cernebat,

362 1128 434 1172 ille
451 1144 583 1188 quem
600 1143 730 1172 nemo
751 1126 948 1182 fallebat,
966 1125 1188 1185 perhibuit
1205 1126 1502 1171 testimonium
1524 1128 1644 1172 cordi
1667 1129 1751 1173 ho-

362 1200 489 1244 minis
506 1235 518 1254 ,
536 1199 715 1245 audiens
738 1199 870 1244 verba
883 1197 1160 1254 humilitatis,
1181 1199 1469 1257 pronuntians
1490 1199 1751 1245 sententiam

362 1271 568 1315 sanitatis.
976 1304 979 1305 ⁷

421 1343 498 1386 IV.
519 1340 646 1385 Unde
667 1349 815 1384 autem
835 1340 920 1384 1100
942 1339 1249 1398 praesumpsit?
1264 1357 1284 1381 a
1302 1341 1360 1383 Et
1381 1353 1475 1398 ego,
1494 1340 1651 1401 inquit,
1669 1341 1751 1386 ho-

366 1431 384 1453 »
420 1425 492 1456 mo
506 1426 602 1455 sum
624 1411 706 1454 sub
723 1418 938 1468 potestate
952 1410 1232 1463 constitutuS,
1252 1409 1419 1453 habens
1440 1409 1522 1453 sub
1545 1425 1614 1454 me
1635 1410 1752 1454 miti-

364 1501 384 1523 »
419 1491 508 1540 tes3
547 1490 590 1525 et
611 1481 708 1525 dico
734 1481 867 1536 huic,
906 1480 1056 1535 Vade,
1081 1489 1125 1524 et
1166 1480 1307 1537 vadit3
1333 1488 1376 1523 et
1405 1479 1504 1536 alii,
1540 1481 1672 1536 Veni,
1706 1490 1752 1526 et

363 1571 384 1595 »
417 1552 558 1609 venit3
583 1559 626 1595 et
648 1565 770 1595 servo
793 1551 877 1595 hoc
897 1565 995 1594 meo
1013 1585 1023 1605 ,
1049 1553 1136 1594 Fac
1155 1551 1240 1595 hoc
1263 1559 1306 1594 et
1327 1548 1432 1595 facit
1447 1554 1480 1594 ².
1509 1568 1529 1592 »
1554 1554 1748 1596 Potestas

359 1638 455 1667 sum
491 1620 756 1681 quibusdam
788 1620 871 1664 sub
905 1635 975 1663 me
1003 1620 1179 1678 positis,
1227 1620 1393 1679 positus
1419 1621 1502 1665 sub
1531 1630 1746 1680 potestate

359 1691 548 1753 quadam
565 1706 694 1750 super
713 1705 799 1734 me.
828 1690 871 1735 Si
889 1705 992 1749 ergo
1015 1705 1096 1749 ego
1112 1725 1123 1745 ,
1148 1690 1308 1750 inquit,
1333 1691 1466 1736 homo
1489 1692 1572 1736 sub
1595 1701 1746 1752 potes-

360 1773 446 1809 tate
462 1799 473 1818 ,
492 1761 680 1822 jubendi
700 1761 843 1805 habeo
863 1770 1148 1820 potestatem3
1173 1760 1282 1821 quid
1305 1771 1354 1806 tu
1376 1763 1532 1821 possis,
1556 1763 1627 1807 cui
1650 1779 1747 1808 om-

359 1850 433 1879 nes
450 1835 642 1879 serviunt
656 1841 890 1892 potestates
904 1834 922 1874 ἱ)
943 1835 1049 1876 Erat
1063 1841 1208 1877 autem
1225 1833 1305 1876 iste
1322 1832 1377 1876 de
1389 1834 1603 1878 Gentibus
1623 1851 1635 1878 .·
1653 1843 1745 1879 erat

358 1905 521 1966 quippe
552 1903 765 1948 centurio.
791 1904 890 1946 Jam
913 1904 937 1945 J
943 1902 1066 1946 udaea
1103 1916 1206 1959 gens
1227 1901 1420 1946 habebat
1451 1901 1634 1947 militem
1654 1906 1746 1948 Ro-

357 1976 475 2020 mani
515 1973 700 2034 imperii.
727 1972 796 2022 Ibi
816 1973 896 2016 iste
937 1971 1121 2016 militem
1148 1971 1305 2030 agebat
1320 2006 1330 2026 ,
1366 1981 1580 2031 quantum
1617 1989 1745 2032 agere

358 2046 554 2092 centurio
571 2052 764 2104 poterat3
783 2052 826 2088 et
844 2043 926 2086 sub
949 2051 1162 2101 potestate
1177 2077 1188 2098 ,
1209 2051 1252 2087 et
1267 2043 1434 2089 habens
1453 2053 1709 2103 potestatem
1730 2065 1742 2103 3

357 2111 556 2162 subditus
598 2113 806 2160 obediens
821 2148 832 2169 ‚
872 2113 1071 2157 subditos
1112 2127 1280 2171 regenS.
1324 2110 1535 2159 Dominus
1572 2123 1741 2171 autem,

356 2189 510 2249 (quod
530 2184 732 2232 intendat
770 2185 989 2244 praecipue
1025 2183 1265 2227 necessario
1295 2183 1492 2228 Charitas
1523 2187 1701 2241 Vestra,
1726 2188 1744 2244 )

357 2258 552 2318 quamvis
574 2258 620 2303 in
644 2255 811 2316 populo
834 2253 1020 2299 Judaieo
1042 2262 1174 2309 esset,
1205 2255 1294 2313 jam
1319 2255 1634 2313 pronuntiabat
1654 2258 1743 2300 Ee—

357 2329 528 2373 clesiam
560 2337 653 2373 toto
682 2328 788 2372 orbe
812 2335 1025 2370 terrarum
1048 2323 1242 2369 futuram
1258 2359 1269 2379 ‚
1295 2325 1340 2369 in
1361 2340 1494 2385 quam
1516 2335 1606 2370 erat
1635 2326 1742 2371 mis-

357 2415 482 2444 surus
500 2398 728 2458 Apostolos
752 2416 761 2443 ;
787 2397 878 2456 ipse
896 2411 921 2440 a
938 2395 1151 2442 Gentibus
1171 2409 1262 2439 non
1283 2395 1398 2440 visus
1420 2404 1464 2439 et
1479 2395 1667 2441 creditus
1683 2431 1695 2451 ,
1715 2411 1740 2440 a

356 2469 520 2515 ,Iudaeis
543 2470 659 2513 visus
694 2477 738 2513 et
773 2467 953 2513 occisus·
980 2464 1212 2519 Quomodo
1239 2465 1356 2511 enim
1391 2464 1572 2511 domum
1604 2467 1735 2527 hujus

403 2560 414 2576 ¹
433 2555 510 2586 Luc.
532 2563 597 2594 xlx,
615 2552 651 2586 6.
671 2568 712 2576 -
732 2559 744 2576 2
763 2551 883 2586 Matth.
904 2561 975 2589 vm,
993 2561 1026 2594 9.
