1898 3178
397 210 481 251 454
827 220 862 247 s.
898 216 1128 246 Avensa-rm
1157 217 1340 245 Enscom

395 289 570 345 lantur3
593 284 669 330 sed
689 284 786 344 plus
809 283 1047 328 amaverint
1067 281 1212 328 lucem
1228 296 1361 343 quam
1381 282 1579 327 Christus
1599 290 1664 326 est
1685 281 1778 327 red·
1836 298 1838 304 ·

327 352 330 355 ’
395 357 587 413 diturus,
609 369 742 416 quam
762 353 987 398 timuerint
1013 353 1240 413 strepitum
1267 352 1597 413 prohibentium
1621 367 1631 394 t
1654 350 1778 396 nullo

397 427 528 473 modo
551 425 884 485 separabuntur,
907 433 951 469 et
971 424 1103 469 stabit
1123 426 1246 469 Jesus
1261 458 1272 479 ,
1304 433 1348 468 et
1368 422 1538 468 sanabit
1558 437 1647 468 eos.

453 500 574 543 XIV.
601 494 834 550 Quomodo
854 496 971 540 enim
994 503 1201 540 sanantur
1217 493 1333 539 oculi
1354 493 1520 539 nostri?
1549 492 1781 547 Quomodo

394 584 471 630 per
492 567 623 611 fidem
646 567 854 611 sentimus
872 566 1095 612 Christum
1116 573 1417 610 transeuntem
1438 563 1669 624 temporali
1690 564 1782 609 dis-

394 639 670 701 pensatione,
696 638 754 683 sic
772 637 1065 698 intelligamus
1081 638 1305 684 Christum
1327 644 1516 681 stantem
1531 635 1782 681 iucommu-

394 710 520 755 tabili
542 709 801 754 aeternitate.
818 709 886 754 Ibi
904 710 1021 754 enim
1037 717 1213 754 sanatur
1227 707 1396 762 oculus,
1421 706 1600 767 quando
1616 706 1781 751 intelli-

397 783 514 842 gitur
551 781 712 827 Christi
744 780 961 826 divinitas.
999 780 1214 839 Percipiat
1249 780 1334 824 hoc
1362 778 1560 824 Charitas
1594 780 1747 822 Vestra
1771 796 1782 823 2

394 851 606 897 attendite
627 851 749 912 quod
775 850 915 895 dicam
939 849 1100 909 grande
1121 857 1456 894 sacramentum.
1492 848 1651 893 Omnia
1672 857 1785 892 tem-

397 922 605 984 poraliter
618 932 733 982 gesta
751 938 774 967 a
792 923 978 967 Domino
997 930 1146 966 nostro
1167 923 1192 965 J
1196 936 1271 965 esu
1286 920 1457 965 Christo
1469 954 1480 975 ,
1506 919 1637 963 fidem
1660 919 1785 964 nobis

396 995 608 1039 inserunt.
629 993 857 1039 Credimus
878 993 924 1037 in
945 992 1107 1037 Filium
1127 992 1230 1048 Dei,
1254 1007 1344 1037 non
1365 990 1505 1036 solum
1525 991 1571 1034 in
1601 990 1786 1035 verbum

396 1081 474 1125 per
495 1065 618 1125 quod
633 1064 749 1109 faeta
770 1074 872 1109 sunt
887 1065 1056 1123 omnia,
1075 1063 1152 1109 sed
1167 1064 1214 1108 in
1235 1063 1379 1123 ipsum
1399 1062 1596 1106 Verbum
1619 1061 1786 1106 factum

397 1151 596 1191 carnem,
621 1144 672 1179 ut
692 1135 910 1180 habitaret
929 1136 975 1179 in
996 1135 1144 1190 nobis,
1178 1143 1332 1179 natum
1356 1133 1411 1178 de
1437 1133 1604 1191 virgine
1624 1132 1784 1187 Maria,

399 1217 443 1252 et
463 1216 617 1251 caetera
636 1222 736 1266 quae
756 1205 864 1251 fides
886 1206 1046 1261 habet,
1071 1222 1171 1266 quae
1192 1206 1321 1251 nobis
1350 1204 1542 1250 exhibita
1570 1212 1673 1248 sunt
1690 1238 1702 1259 ,
1736 1212 1787 1247 ut

401 1279 599 1325 Christus
616 1277 817 1322 transiret
831 1312 843 1333 ,
862 1286 905 1321 et
922 1286 973 1321 ut
993 1277 1097 1322 eaeci
1120 1276 1300 1335 vestigia
1322 1276 1586 1320 transeuntis
1607 1274 1795 1319 audien-‘

400 1358 485 1404 teS,
510 1348 750 1405 clamarent
771 1348 997 1406 operibus,
1022 1348 1111 1392 vita
1133 1344 1446 1406 professionem
1468 1345 1571 1388 fidei
1594 1359 1789 1389 comme-

401 1426 634 1463 morantes.
655 1419 751 1460 Jarn
773 1425 823 1460 ut
844 1416 1079 1461 clamantes
1101 1425 1323 1470 sanentur,
1348 1424 1432 1459 stat
1454 1417 1590 1458 Jews,
1616 1414 1791 1458 Etenim

397 1490 487 1548 jam
510 1495 695 1531 stantem
717 1485 835 1531 videt
856 1489 1027 1541 Jesum,
1062 1485 1139 1544 qui
1167 1484 1274 1529 dicit
1298 1503 1307 1529 :
1336 1503 1357 1526 «
1381 1486 1439 1528 Et
1467 1484 1502 1528 si
1531 1498 1792 1529 noveramus

406 1576 429 1600 »
454 1556 676 1602 Christum
707 1555 946 1601 secundum
976 1569 1172 1609 carnem,
1203 1553 1280 1598 sed
1297 1555 1389 1614 jam
1413 1570 1532 1599 nune
1553 1569 1643 1599 non
1663 1554 1790 1599 novi-

406 1647 427 1671 »
450 1629 588 1671 mus¹.
608 1645 628 1668 »
654 1626 814 1671 Christi
837 1626 955 1669 enim
976 1625 1251 1670 divinitatem
1275 1623 1478 1681 videbat,
1509 1634 1726 1685 quantum
1747 1625 1793 1669 in

403 1700 485 1744 hae
495 1699 583 1743 vita
598 1706 754 1757 potest.
773 1699 850 1741 Est
861 1695 1063 1741 divinitas
1078 1696 1261 1751 Christi,
1277 1704 1341 1740 est
1353 1696 1600 1740 humanitas
1613 1696 1788 1741 Christi.

406 1769 614 1814 Divinitas
631 1776 714 1812 stat
726 1802 737 1823 ,
758 1767 1004 1811 humanitas
1021 1767 1190 1811 transit.
1212 1765 1331 1819 Quid
1352 1775 1416 1810 est
1431 1801 1442 1821 ,
1461 1766 1671 1810 Divinitas
1688 1770 1794 1810 stat?

405 1843 504 1887 Non
526 1848 738 1895 mutatur,
760 1854 851 1883 non
869 1837 1147 1892 convellitur,
1174 1852 1265 1881 non
1289 1835 1467 1881 recedit.
1486 1839 1583 1882 Non
1601 1837 1718 1881 enim
1735 1836 1794 1881 sic

407 1911 463 1956 ad
484 1926 562 1955 nos
579 1911 721 1966 venit,
745 1918 795 1954 ut
822 1925 846 1954 a
869 1912 996 1954 Patre
1017 1908 1259 1954 diseederet
1284 1927 1293 1953 :
1318 1922 1398 1951 nec
1422 1907 1480 1952 ita
1504 1908 1719 1963 aseendit,
1744 1917 1795 1952 ut

407 1982 505 2027 loco
531 1989 795 2031 moveretur.
837 1982 1068 2039 Assumpta
1090 1972 1248 2033 earne,
1266 1977 1413 2022 locum
1435 1979 1620 2023 mutavit
1645 1998 1654 2023 :
1679 1981 1794 2023 Deus

408 2061 554 2097 autem
578 2065 797 2095 assumens
817 2065 1015 2105 carnem,
1033 2050 1136 2109 quia
1158 2049 1204 2092 in
1226 2047 1324 2093 loco
1341 2063 1431 2092 non
1453 2057 1531 2103 est,
1553 2063 1632 2093 nee
1653 2057 1795 2093 mutat

406 2122 568 2167 locum.
598 2123 846 2179 Tangamur
877 2128 1018 2164 stante
1038 2119 1211 2165 Christo
1227 2153 1238 2174 ,
1275 2127 1482 2163 sanentur
1504 2117 1619 2164 oculi
1641 2119 1791 2164 nostri.

409 2191 493 2237 Sed
513 2206 701 2251 quorum
723 2189 868 2235 oculi?
890 2189 1185 2236 Clamantium
1205 2187 1391 2244 scilicet,
1417 2203 1518 2233 cum
1542 2189 1695 2234 transit
1713 2204 1722 2230 t
1748 2189 1795 2233 id

407 2272 490 2319 est,
518 2264 630 2307 bene
647 2262 923 2322 operantium
944 2277 1021 2321 per
1042 2276 1142 2305 eam
1166 2259 1322 2315 fidem,
1347 2274 1446 2320 quae
1464 2258 1707 2319 dispensata
1729 2267 1795 2303 est

408 2333 700 2393 temporaliter
720 2333 775 2377 ad
796 2332 1057 2378 erudiendos
1080 2347 1159 2377 nos
1180 2330 1403 2392 parvulos.

466 2406 563 2447 XV.
586 2404 752 2449 Sanatis
774 2413 920 2448 autem
942 2402 1095 2458 oeuliS,
1115 2401 1224 2462 quid
1241 2402 1471 2462 pretiosius
1488 2400 1650 2444 habere
1665 2408 1794 2459 pote-

411 2474 544 2518 rimus
560 2509 571 2530 ,
591 2475 775 2520 fratres?
803 2479 973 2521 Lumen
993 2475 1077 2521 hoc
1095 2474 1172 2535 qui
1193 2473 1342 2520 vident
1359 2471 1480 2533 quod
1500 2470 1665 2518 factum
1697 2479 1788 2526 est,

463 2562 473 2579 ¹
494 2565 512 2588 2
537 2559 608 2589 Cor.
629 2569 663 2599 v,
692 2558 743 2590 16.
