1898 3178
341 212 395 250 30
773 215 809 246 s.
842 214 1073 247 Aucus-nm
1103 218 1285 248 1:1215001‘1

339 296 440 333 sunt
460 295 504 331 et
519 286 625 331 boni
641 294 855 345 pastores:
875 299 975 329 nam
991 285 1045 330 de
1062 285 1186 331 bonis
1205 285 1356 331 ovibus
1373 285 1487 330 fiunt
1505 285 1611 330 boni
1624 299 1717 346 pas-

338 368 466 403 tores.
490 357 575 402 Sed
592 370 739 400 omnes
755 354 860 399 boni
880 364 1071 415 pastores
1091 356 1137 400 in
1157 371 1248 401 uno
1276 365 1378 401 sunt
1397 391 1408 412 ‚
1435 365 1575 401 unum
1597 365 1714 401 sunt.

338 428 408 473 Illi
429 435 633 488 pascunt,
658 425 851 470 Christus
871 426 1022 485 pascit.
1051 429 1150 471 Non
1176 427 1292 471 enim
1319 430 1472 472 vocem
1504 441 1627 471 suam
1649 426 1719 470 di-

337 507 444 543 cunt
471 497 597 541 amici
632 495 799 555 sponsi,
826 494 903 540 sed
936 495 1094 556 gaudio
1129 497 1323 556 gaudent
1355 506 1534 556 propter
1565 498 1720 542 Vocem

337 568 498 629 sponsi.
526 567 649 611 Idem
665 580 767 625 ergo
779 566 870 626 ipse
886 567 1024 626 pascit
1038 601 1049 622 ,
1074 582 1176 612 cum
1197 567 1278 627 ipsi
1299 575 1485 627 pascunt
1503 585 1512 612 :
1533 575 1577 611 et
1595 566 1716 622 dicit,

336 643 432 699 Ego
450 653 606 699 pasco3
628 637 731 698 quia
751 636 896 683 inillis
916 653 1000 684 vox
1021 639 1170 698 ipsius,
1197 639 1244 683 in
1259 637 1344 682 illis
1361 639 1547 683 charitas
1567 637 1716 697 ipsius.

335 712 446 756 Nam
467 716 511 753 et
530 709 674 768 ipsum
695 711 890 763 Petrum,
907 709 979 753 cui
1005 707 1343 753 commendabat
1363 723 1464 754 oves
1483 723 1579 753 suas
1597 706 1722 767 quasi

338 779 444 824 alter
474 778 626 834 alteri,
657 794 797 823 unum
831 794 978 823 secum
1004 777 1147 823 facere
1167 776 1370 835 volebat,
1394 787 1447 822 ut
1477 780 1536 822 sic
1556 778 1595 821 ei
1621 791 1722 822 oves

336 849 693 907 commendaret3
722 858 773 894 ut
803 859 911 895 esset
932 848 1006 894 ille
1026 858 1159 909 caput
1175 884 1187 905 ‚
1215 848 1289 893 ille
1309 849 1495 908 figuram
1528 847 1720 906 corporis

335 928 528 980 portaret
544 955 555 976 ‚
576 918 623 964 id
644 928 707 965 est
720 955 732 976 ‚
756 920 962 965 Ecclesiae
979 955 990 975 ‚
1012 929 1055 964 et
1071 928 1282 980 tanquam
1301 933 1482 978 sponsus
1499 926 1543 962 et
1564 931 1722 976 sponsa

336 999 477 1034 essent
496 990 587 1034 duo
606 991 654 1034 in
669 1004 799 1034 carne
825 1006 928 1034 una.
961 990 1149 1034 Proinde
1175 999 1226 1034 ut
1246 1004 1347 1034 oves
1370 986 1720 1041 commendaret,

336 1059 443 1120 quid
470 1061 508 1103 ei
531 1061 651 1118 prius
673 1059 779 1105 dicit
795 1095 807 1115 ,
828 1075 884 1104 ne
905 1059 969 1103 illi
995 1069 1205 1119 tanquam
1223 1058 1346 1102 alteri
1362 1057 1723 1103 commendaret?

335 1133 487 1180 Petre,
522 1142 640 1172 amas
660 1130 761 1171 mc?
782 1131 839 1171 Et
862 1127 1086 1186 respondit
1100 1162 1111 1182 ,
1136 1131 1263 1172 Amo.
1291 1130 1349 1172 Et
1373 1128 1535 1171 iterum
1550 1160 1562 1182 ‚
1593 1129 1723 1171 Amas

335 1214 406 1242 me
420 1200 438 1242 Ρ
452 1201 510 1243 Et
532 1195 778 1257 respondit,
804 1199 931 1242 Amo.
955 1200 1013 1241 Et
1034 1198 1163 1243 tertio
1179 1232 1192 1253 ,
1215 1200 1347 1243 Amas
1359 1212 1429 1240 me
1445 1197 1463 1241 P
1478 1199 1536 1241 Et
1548 1211 1723 1255 respon-

335 1269 424 1323 dit,
455 1269 611 1313 Am01.
640 1268 880 1311 Confirmat
908 1267 1162 1311 charitatem
1180 1302 1192 1320 ‚
1224 1277 1275 1312 ut
1310 1266 1551 1313 consolidet
1577 1267 1723 1310 unita-

336 1349 439 1382 tem.
464 1341 561 1396 Ipse
580 1350 681 1394 ergo
694 1335 832 1395 pascit
846 1349 961 1378 unus
977 1334 1023 1378 in
1043 1334 1131 1390 his,
1157 1343 1200 1379 et
1215 1335 1263 1379 hi
1281 1335 1328 1379 in
1344 1351 1435 1381 uno
1453 1355 1465 1393 3
1489 1345 1533 1380 et
1554 1344 1722 1381 tacetur

335 1408 390 1452 de
411 1406 657 1467 pastoribus
683 1424 692 1450 :
716 1404 793 1449 sed
813 1419 904 1449 non
919 1412 1103 1449 tacetur.
1127 1403 1378 1449 Gloriantur
1394 1414 1587 1465 pastores
1612 1424 1622 1451 ε
1647 1404 1723 1451 3οᾶ

335 1477 412 1538 qui
435 1475 666 1536 gloriatur,
699 1475 745 1519 in
767 1474 954 1519 Domino
982 1473 1205 1533 glorietur.
1231 1477 1326 1520 Hoc
1347 1483 1411 1519 est
1432 1475 1606 1522 Christo
1624 1491 1726 1536 pas-

336 1563 432 1593 cere
448 1583 459 1603 ,
475 1548 560 1592 hoc
576 1546 702 1592 estin
723 1545 895 1591 Christo
916 1559 1093 1604 pascere
1109 1579 1121 1601 ‚
1146 1554 1190 1590 et
1206 1561 1307 1590 cum
1325 1546 1498 1592 Christo
1517 1561 1693 1606 pascere
1706 1581 1718 1603 ,

335 1628 492 1678 praeter
513 1618 735 1664 Christum
759 1616 840 1660 sibi
854 1631 946 1660 non
966 1618 1319 1676 pascere.Neque
1335 1632 1438 1662 vero
1459 1618 1606 1677 inopia
1626 1632 1722 1677 pas-

334 1698 497 1744 torum,
527 1697 737 1748 tanquam
756 1687 836 1731 ista
850 1686 998 1731 futura
1024 1686 1136 1731 mala
1157 1695 1354 1747 tempor-a
1372 1688 1590 1748 Propheta
1613 1704 1733 1748 prae-.

336 1758 500 1804 dicaret
514 1794 525 1815 ,
552 1758 662 1802 dixit
682 1777 691 1803 ε
720 1776 741 1800 «
761 1760 855 1816 Ego
878 1772 1051 1817 pascam
1073 1773 1173 1803 oves
1194 1773 1327 1815 meas,
1349 1774 1474 1803 »non
1492 1759 1634 1803 habeo
1650 1759 1723 1804 cui

335 1830 657 1876 commendem.
681 1829 824 1874 Etiam
847 1844 949 1874 cum
970 1830 1061 1890 ipse
1083 1832 1236 1876 Petrus
1258 1839 1372 1885 erat,
1397 1839 1441 1874 et
1457 1844 1558 1874 cum
1576 1830 1722 1874 adhuc

334 1902 416 1961 ipsi
438 1899 635 1961 Apostoli
658 1908 782 1944 erant
801 1900 849 1944 in
869 1900 952 1944 hac
969 1915 1099 1945 carne
1117 1934 1129 1955 ,
1156 1909 1200 1944 et
1227 1901 1273 1944 in
1291 1902 1373 1946 hac
1389 1901 1477 1945 vita
1491 1935 1503 1956 ‚
1527 1910 1634 1946 tunc
1664 1900 1724 1946 ait

333 1972 406 2016 ille
428 1987 544 2016 unus
559 2006 571 2024 ,
590 1972 636 2016 in
655 1986 745 2031 quo
768 1986 858 2015 uno
880 1986 1032 2015 omnes
1050 1986 1191 2015 unum
1213 1990 1223 2016 2
1251 1990 1272 2014 «
1293 1966 1450 2017 Habeo
1472 1971 1574 2016 alias
1594 1987 1720 2028 oves,

337 2061 357 2083 »
394 2058 494 2102 quae
522 2057 613 2087 non
641 2051 744 2086 sunt
772 2041 825 2084 de
853 2041 938 2085 hoc
971 2041 1104 2098 ovili3
1133 2050 1306 2101 oportet
1325 2057 1395 2086 1110
1423 2051 1467 2086 et
1490 2056 1560 2087 eas
1581 2041 1725 2085 addu-

339 2131 360 2154 »
396 2128 492 2158 cere
511 2149 521 2169 ‚
546 2122 598 2157 ut
619 2113 672 2157 sit
689 2128 803 2156 unus
819 2127 921 2171 grex
941 2121 985 2157 et
1004 2128 1120 2156 unus
1132 2122 1279 2167 pastor
1293 2117 1325 2153 ².
1355 2128 1376 2152 1)
1403 2110 1498 2155 Sint
1520 2110 1621 2170 ergo
1635 2127 1721 2156 om-

335 2197 411 2224 ues
432 2185 478 2224 in
494 2191 664 2239 pastore
678 2192 784 2232 uno,
806 2186 849 2221 et
870 2177 1016 2221 dicant
1035 2192 1190 2222 vocem
1212 2179 1394 2238 pastoris
1412 2195 1561 2236 unam,
1587 2197 1722 2240 quam

337 2250 516 2295 audiant
533 2264 648 2304 oves,
670 2257 713 2292 et
735 2256 973 2307 sequantur
990 2257 1208 2307 pastorem
1229 2263 1373 2305 suum,
1398 2258 1442 2293 et
1463 2265 1553 2295 non
1575 2250 1716 2307 11111111,

339 2329 415 2365 aut
446 2319 569 2363 illum
583 2354 596 2374 ,
619 2317 696 2363 sed
716 2333 854 2362 unum
876 2335 885 2361 :
914 2326 958 2362 et
978 2332 1128 2362 omnes
1152 2318 1200 2362 in
1220 2317 1296 2363 illo
1325 2334 1460 2364 unam
1480 2335 1632 2365 vocem
1654 2321 1720 2366 di-

338 2398 439 2434 cant
456 2423 467 2443 ‚
491 2388 678 2433 diversas
698 2402 824 2433 voces
845 2402 936 2432 non
959 2387 1165 2433 habeant.
1191 2388 1383 2435 Obsecro
1404 2405 1480 2434 vos
1493 2424 1506 2446 ,
1534 2389 1687 2435 fratres
1701 2425 1714 2446 ‚

337 2469 387 2504 ut
405 2459 598 2519 idipsum
618 2459 769 2504 dicatis
785 2472 952 2515 omnes,
964 2467 1008 2504 et
1028 2473 1119 2504 non
1134 2459 1282 2505 sintin
1294 2460 1419 2507 vobis
1439 2460 1670 2507 schismata
1680 2464 1711 2506 ³.

385 2551 395 2569 ¹
415 2547 507 2580 Joan.
526 2545 594 2587 xxi,
618 2546 669 2580 15.
690 2560 732 2569 -
751 2545 831 2579 21d.
846 2554 880 2588 x,
902 2544 954 2580 16.
972 2560 1014 2569 —
1029 2543 1044 2569 3
1060 2555 1075 2578 1
1093 2547 1169 2580 Gor.
1189 2555 1223 2588 x,
1244 2556 1296 2580 10.
