<?xml version="1.0" encoding="UTF-8"?>
<!DOCTYPE html PUBLIC "-//W3C//DTD XHTML 1.0 Transitional//EN"
    "http://www.w3.org/TR/xhtml1/DTD/xhtml1-transitional.dtd">
<html xmlns="http://www.w3.org/1999/xhtml" xml:lang="en" lang="en">
 <head>
  <title>
</title>
<meta http-equiv="Content-Type" content="text/html;charset=utf-8" />
  <meta name='ocr-system' content='tesseract 3.04.00' />
  <meta name='ocr-capabilities' content='ocr_page ocr_carea ocr_par ocr_line ocrx_word'/>
</head>
<body>
  <div class='ocr_page' id='page_1' title='image "./operaomniaaccura18auguuoft_0393.png"; bbox 0 0 1898 3178; ppageno 0'>
   <div class='ocr_carea' id='block_1_1' title="bbox 123 196 1520 1820">
    <p class='ocr_par' dir='ltr' id='par_1_1' title="bbox 123 196 1520 1820">
     <span class='ocr_line' id='line_1_1' title="bbox 332 196 1505 247; baseline -0.004 -9"><span class='ocrx_word' id='word_1_1' title='bbox 332 212 470 239; x_wconf 78' lang='lat' dir='ltr'>SERMO</span> <span class='ocrx_word' id='word_1_2' title='bbox 502 209 654 247; x_wconf 80' lang='lat' dir='ltr'><strong>LXXXI,</strong></span> <span class='ocrx_word' id='word_1_3' title='bbox 689 211 743 236; x_wconf 89' lang='lat' dir='ltr'><strong>DE</strong></span> <span class='ocrx_word' id='word_1_4' title='bbox 777 206 922 237; x_wconf 82' lang='lat' dir='ltr'>VERBIS</span> <span class='ocrx_word' id='word_1_5' title='bbox 953 204 1119 236; x_wconf 80' lang='lat' dir='ltr'><strong>MATTH.</strong></span> <span class='ocrx_word' id='word_1_6' title='bbox 1155 207 1280 235; x_wconf 78' lang='lat' dir='ltr'>XVIII.</span> <span class='ocrx_word' id='word_1_7' title='bbox 1427 196 1505 234; x_wconf 72' lang='lat'><strong>381</strong></span> 
     </span>
     <span class='ocr_line' id='line_1_2' title="bbox 123 272 1511 334; baseline -0.001 -17"><span class='ocrx_word' id='word_1_8' title='bbox 123 273 223 318; x_wconf 88' lang='lat' dir='ltr'><strong>disti</strong></span> <span class='ocrx_word' id='word_1_9' title='bbox 246 274 535 334; x_wconf 87' lang='lat' dir='ltr'><strong>Evangelium</strong></span> <span class='ocrx_word' id='word_1_10' title='bbox 557 293 566 319; x_wconf 74' lang='grc' dir='ltr'>ε</span> <span class='ocrx_word' id='word_1_11' title='bbox 595 292 616 316; x_wconf 90' lang='lat'>«</span> <span class='ocrx_word' id='word_1_12' title='bbox 641 276 832 333; x_wconf 83' lang='lat' dir='ltr'><strong>Amputa</strong></span> <span class='ocrx_word' id='word_1_13' title='bbox 850 308 861 329; x_wconf 96' lang='lat'><strong>,</strong></span> <span class='ocrx_word' id='word_1_14' title='bbox 885 273 1047 334; x_wconf 87' lang='lat' dir='ltr'><strong>projice</strong></span> <span class='ocrx_word' id='word_1_15' title='bbox 1071 273 1146 318; x_wconf 91' lang='lat' dir='ltr'><strong>abs</strong></span> <span class='ocrx_word' id='word_1_16' title='bbox 1163 274 1283 317; x_wconf 84' lang='lat' dir='ltr'><strong>te1.»</strong></span> <span class='ocrx_word' id='word_1_17' title='bbox 1308 272 1511 332; x_wconf 78' lang='lat' dir='ltr'><strong>Quisquis</strong></span> 
     </span>
     <span class='ocr_line' id='line_1_3' title="bbox 125 342 1508 405; baseline 0 -18"><span class='ocrx_word' id='word_1_18' title='bbox 125 344 205 388; x_wconf 88' lang='lat' dir='ltr'><strong>tibi</strong></span> <span class='ocrx_word' id='word_1_19' title='bbox 240 346 395 389; x_wconf 89' lang='lat' dir='ltr'><strong>charus</strong></span> <span class='ocrx_word' id='word_1_20' title='bbox 435 354 498 389; x_wconf 88' lang='lat' dir='ltr'><strong>est</strong></span> <span class='ocrx_word' id='word_1_21' title='bbox 515 379 526 400; x_wconf 88' lang='lat'><strong>,</strong></span> <span class='ocrx_word' id='word_1_22' title='bbox 553 344 746 405; x_wconf 90' lang='lat' dir='ltr'><strong>quisquis</strong></span> <span class='ocrx_word' id='word_1_23' title='bbox 784 344 864 388; x_wconf 91' lang='lat' dir='ltr'><strong>tibi</strong></span> <span class='ocrx_word' id='word_1_24' title='bbox 901 359 980 403; x_wconf 93' lang='lat' dir='ltr'><strong>pro</strong></span> <span class='ocrx_word' id='word_1_25' title='bbox 1001 357 1159 401; x_wconf 87' lang='lat' dir='ltr'><strong>magno</strong></span> <span class='ocrx_word' id='word_1_26' title='bbox 1182 342 1370 387; x_wconf 87' lang='lat' dir='ltr'><strong>habetur</strong></span> <span class='ocrx_word' id='word_1_27' title='bbox 1393 358 1416 386; x_wconf 91' lang='lat' dir='ltr'><strong>a</strong></span> <span class='ocrx_word' id='word_1_28' title='bbox 1438 352 1480 387; x_wconf 91' lang='lat' dir='ltr'><strong>te</strong></span> <span class='ocrx_word' id='word_1_29' title='bbox 1498 378 1508 397; x_wconf 95' lang='lat'><strong>,</strong></span> 
     </span>
     <span class='ocr_line' id='line_1_4' title="bbox 124 413 1508 474; baseline -0.001 -16"><span class='ocrx_word' id='word_1_30' title='bbox 124 414 279 459; x_wconf 87' lang='lat' dir='ltr'>tandiu</span> <span class='ocrx_word' id='word_1_31' title='bbox 294 429 477 474; x_wconf 83' lang='lat' dir='ltr'><strong>magnus</strong></span> <span class='ocrx_word' id='word_1_32' title='bbox 500 415 554 459; x_wconf 88' lang='lat' dir='ltr'><strong>sit</strong></span> <span class='ocrx_word' id='word_1_33' title='bbox 571 450 582 470; x_wconf 85' lang='lat'><strong>,</strong></span> <span class='ocrx_word' id='word_1_34' title='bbox 602 413 759 459; x_wconf 81' lang='lat' dir='ltr'>tandiu</span> <span class='ocrx_word' id='word_1_35' title='bbox 781 413 990 459; x_wconf 89' lang='lat' dir='ltr'><strong>dilectum</strong></span> <span class='ocrx_word' id='word_1_36' title='bbox 1011 414 1260 460; x_wconf 82' lang='lat' dir='ltr'><strong>membrum</strong></span> <span class='ocrx_word' id='word_1_37' title='bbox 1282 423 1410 460; x_wconf 87' lang='lat' dir='ltr'><strong>tuum</strong></span> <span class='ocrx_word' id='word_1_38' title='bbox 1429 413 1508 468; x_wconf 87' lang='lat' dir='ltr'><strong>sit,</strong></span> 
     </span>
     <span class='ocr_line' id='line_1_5' title="bbox 123 483 1514 546; baseline -0.001 -17"><span class='ocrx_word' id='word_1_39' title='bbox 123 484 322 546; x_wconf 92' lang='lat' dir='ltr'><strong>quandiu</strong></span> <span class='ocrx_word' id='word_1_40' title='bbox 344 501 437 531; x_wconf 93' lang='lat' dir='ltr'><strong>non</strong></span> <span class='ocrx_word' id='word_1_41' title='bbox 469 485 651 546; x_wconf 86' lang='lat' dir='ltr'><strong>coeperit</strong></span> <span class='ocrx_word' id='word_1_42' title='bbox 672 483 960 530; x_wconf 84' lang='lat' dir='ltr'>scandalizare</span> <span class='ocrx_word' id='word_1_43' title='bbox 975 520 986 541; x_wconf 90' lang='lat'><strong>,</strong></span> <span class='ocrx_word' id='word_1_44' title='bbox 1025 486 1071 529; x_wconf 92' lang='lat' dir='ltr'><strong>id</strong></span> <span class='ocrx_word' id='word_1_45' title='bbox 1098 495 1184 541; x_wconf 89' lang='lat' dir='ltr'><strong>est,</strong></span> <span class='ocrx_word' id='word_1_46' title='bbox 1208 485 1311 530; x_wconf 90' lang='lat' dir='ltr'><strong>mali</strong></span> <span class='ocrx_word' id='word_1_47' title='bbox 1349 483 1514 544; x_wconf 85' lang='lat' dir='ltr'><strong>aliquid</strong></span> 
     </span>
     <span class='ocr_line' id='line_1_6' title="bbox 123 556 1514 617; baseline -0.001 -16"><span class='ocrx_word' id='word_1_48' title='bbox 123 556 320 601; x_wconf 89' lang='lat' dir='ltr'><strong>suadere.</strong></span> <span class='ocrx_word' id='word_1_49' title='bbox 359 557 521 602; x_wconf 85' lang='lat' dir='ltr'><strong>Audite</strong></span> <span class='ocrx_word' id='word_1_50' title='bbox 559 557 661 617; x_wconf 90' lang='lat' dir='ltr'><strong>quia</strong></span> <span class='ocrx_word' id='word_1_51' title='bbox 693 557 778 601; x_wconf 90' lang='lat' dir='ltr'><strong>hoc</strong></span> <span class='ocrx_word' id='word_1_52' title='bbox 809 565 873 600; x_wconf 90' lang='lat' dir='ltr'><strong>est</strong></span> <span class='ocrx_word' id='word_1_53' title='bbox 903 556 1175 601; x_wconf 88' lang='lat' dir='ltr'><strong>scandalum.</strong></span> <span class='ocrx_word' id='word_1_54' title='bbox 1200 556 1514 602; x_wconf 77' lang='lat' dir='ltr'><strong>Censtituimus</strong></span> 
     </span>
     <span class='ocr_line' id='line_1_7' title="bbox 124 626 1514 687; baseline 0 -17"><span class='ocrx_word' id='word_1_55' title='bbox 124 627 368 687; x_wconf 82' lang='lat' dir='ltr'><strong>exemplum</strong></span> <span class='ocrx_word' id='word_1_56' title='bbox 389 627 444 672; x_wconf 92' lang='lat' dir='ltr'><strong>de</strong></span> <span class='ocrx_word' id='word_1_57' title='bbox 472 628 556 672; x_wconf 89' lang='lat' dir='ltr'><strong>Job</strong></span> <span class='ocrx_word' id='word_1_58' title='bbox 579 636 623 672; x_wconf 87' lang='lat' dir='ltr'><strong>et</strong></span> <span class='ocrx_word' id='word_1_59' title='bbox 643 642 779 672; x_wconf 81' lang='lat' dir='ltr'><strong>uxore</strong></span> <span class='ocrx_word' id='word_1_60' title='bbox 799 627 889 686; x_wconf 82' lang='lat' dir='ltr'><strong>ejus</strong></span> <span class='ocrx_word' id='word_1_61' title='bbox 912 646 920 672; x_wconf 93' lang='lat'><strong>:</strong></span> <span class='ocrx_word' id='word_1_62' title='bbox 942 626 1017 671; x_wconf 91' lang='lat' dir='ltr'><strong>sed</strong></span> <span class='ocrx_word' id='word_1_63' title='bbox 1038 628 1100 671; x_wconf 91' lang='lat' dir='ltr'><strong>ibi</strong></span> <span class='ocrx_word' id='word_1_64' title='bbox 1119 643 1209 673; x_wconf 91' lang='lat' dir='ltr'><strong>non</strong></span> <span class='ocrx_word' id='word_1_65' title='bbox 1227 637 1291 673; x_wconf 87' lang='lat' dir='ltr'><strong>est</strong></span> <span class='ocrx_word' id='word_1_66' title='bbox 1312 626 1514 672; x_wconf 82' lang='lat' dir='ltr'><strong>nomina-</strong></span> 
     </span>
     <span class='ocr_line' id='line_1_8' title="bbox 125 696 1514 756; baseline 0 -15"><span class='ocrx_word' id='word_1_67' title='bbox 125 707 219 742; x_wconf 91' lang='lat' dir='ltr'><strong>tum</strong></span> <span class='ocrx_word' id='word_1_68' title='bbox 251 697 521 743; x_wconf 86' lang='lat' dir='ltr'><strong>scandalum.</strong></span> <span class='ocrx_word' id='word_1_69' title='bbox 561 697 677 743; x_wconf 89' lang='lat' dir='ltr'><strong>Audi</strong></span> <span class='ocrx_word' id='word_1_70' title='bbox 714 696 1005 756; x_wconf 90' lang='lat' dir='ltr'><strong>Evangelium</strong></span> <span class='ocrx_word' id='word_1_71' title='bbox 1032 717 1041 742; x_wconf 77' lang='grc' dir='ltr'>ε</span> <span class='ocrx_word' id='word_1_72' title='bbox 1080 699 1290 742; x_wconf 88' lang='lat' dir='ltr'><strong>Dominus</strong></span> <span class='ocrx_word' id='word_1_73' title='bbox 1323 713 1423 742; x_wconf 86' lang='lat' dir='ltr'><strong>curn</strong></span> <span class='ocrx_word' id='word_1_74' title='bbox 1460 697 1514 741; x_wconf 86' lang='lat' dir='ltr'><strong>dc</strong></span> 
     </span>
     <span class='ocr_line' id='line_1_9' title="bbox 123 767 1514 828; baseline 0.001 -16"><span class='ocrx_word' id='word_1_75' title='bbox 123 769 320 827; x_wconf 86' lang='lat' dir='ltr'><strong>passione</strong></span> <span class='ocrx_word' id='word_1_76' title='bbox 336 785 412 813; x_wconf 89' lang='lat' dir='ltr'><strong>sua</strong></span> <span class='ocrx_word' id='word_1_77' title='bbox 435 769 692 828; x_wconf 85' lang='lat' dir='ltr'><strong>praedicaret</strong></span> <span class='ocrx_word' id='word_1_78' title='bbox 708 803 719 823; x_wconf 85' lang='lat'>‚</span> <span class='ocrx_word' id='word_1_79' title='bbox 742 772 894 812; x_wconf 86' lang='lat' dir='ltr'><strong>Petrus</strong></span> <span class='ocrx_word' id='word_1_80' title='bbox 915 769 1048 827; x_wconf 86' lang='lat' dir='ltr'><strong>coepit</strong></span> <span class='ocrx_word' id='word_1_81' title='bbox 1071 767 1132 812; x_wconf 88' lang='lat' dir='ltr'><strong>illi</strong></span> <span class='ocrx_word' id='word_1_82' title='bbox 1156 769 1338 813; x_wconf 89' lang='lat' dir='ltr'><strong>suadere</strong></span> <span class='ocrx_word' id='word_1_83' title='bbox 1357 784 1413 813; x_wconf 91' lang='lat' dir='ltr'><strong>ne</strong></span> <span class='ocrx_word' id='word_1_84' title='bbox 1436 785 1514 828; x_wconf 84' lang='lat' dir='ltr'><strong>pa-</strong></span> 
     </span>
     <span class='ocr_line' id='line_1_10' title="bbox 124 838 1514 894; baseline 0.001 -12"><span class='ocrx_word' id='word_1_85' title='bbox 124 847 303 883; x_wconf 87' lang='lat' dir='ltr'><strong>teretur.</strong></span> <span class='ocrx_word' id='word_1_86' title='bbox 321 839 465 883; x_wconf 83' lang='lat' dir='ltr'><strong>«Redi</strong></span> <span class='ocrx_word' id='word_1_87' title='bbox 489 848 621 894; x_wconf 88' lang='lat' dir='ltr'><strong>retro,</strong></span> <span class='ocrx_word' id='word_1_88' title='bbox 645 841 838 894; x_wconf 87' lang='lat' dir='ltr'><strong>Satanas,</strong></span> <span class='ocrx_word' id='word_1_89' title='bbox 859 838 1115 883; x_wconf 89' lang='lat' dir='ltr'><strong>scandalum</strong></span> <span class='ocrx_word' id='word_1_90' title='bbox 1132 839 1240 882; x_wconf 90' lang='lat' dir='ltr'><strong>mihi</strong></span> <span class='ocrx_word' id='word_1_91' title='bbox 1256 843 1514 884; x_wconf 73' lang='lat' dir='ltr'><strong>es2.»Pr0r-</strong></span> 
     </span>
     <span class='ocr_line' id='line_1_11' title="bbox 124 908 1514 970; baseline 0 -17"><span class='ocrx_word' id='word_1_92' title='bbox 124 925 195 954; x_wconf 89' lang='lat' dir='ltr'><strong>sus</strong></span> <span class='ocrx_word' id='word_1_93' title='bbox 223 910 374 954; x_wconf 89' lang='lat' dir='ltr'><strong>docuit</strong></span> <span class='ocrx_word' id='word_1_94' title='bbox 395 919 437 954; x_wconf 87' lang='lat' dir='ltr'><strong>te</strong></span> <span class='ocrx_word' id='word_1_95' title='bbox 463 910 674 955; x_wconf 89' lang='lat' dir='ltr'><strong>Dominus</strong></span> <span class='ocrx_word' id='word_1_96' title='bbox 690 945 700 965; x_wconf 91' lang='lat'><strong>,</strong></span> <span class='ocrx_word' id='word_1_97' title='bbox 725 910 801 970; x_wconf 83' lang='lat' dir='ltr'><strong>qui</strong></span> <span class='ocrx_word' id='word_1_98' title='bbox 824 909 904 954; x_wconf 85' lang='lat' dir='ltr'><strong>tibi</strong></span> <span class='ocrx_word' id='word_1_99' title='bbox 936 908 1109 955; x_wconf 91' lang='lat' dir='ltr'><strong>vivendi</strong></span> <span class='ocrx_word' id='word_1_100' title='bbox 1131 909 1377 969; x_wconf 81' lang='lat' dir='ltr'><strong>exemplum</strong></span> <span class='ocrx_word' id='word_1_101' title='bbox 1401 926 1514 969; x_wconf 81' lang='lat' dir='ltr'><strong>prae-</strong></span> 
     </span>
     <span class='ocr_line' id='line_1_12' title="bbox 124 980 1515 1042; baseline 0 -17"><span class='ocrx_word' id='word_1_102' title='bbox 124 981 243 1036; x_wconf 80' lang='lat' dir='ltr'><strong>huit,</strong></span> <span class='ocrx_word' id='word_1_103' title='bbox 266 991 309 1025; x_wconf 85' lang='lat' dir='ltr'><strong>et</strong></span> <span class='ocrx_word' id='word_1_104' title='bbox 335 981 443 1042; x_wconf 90' lang='lat' dir='ltr'><strong>quid</strong></span> <span class='ocrx_word' id='word_1_105' title='bbox 471 982 526 1025; x_wconf 82' lang='lat' dir='ltr'><strong>sit</strong></span> <span class='ocrx_word' id='word_1_106' title='bbox 546 980 801 1027; x_wconf 81' lang='lat' dir='ltr'><strong>scandatum</strong></span> <span class='ocrx_word' id='word_1_107' title='bbox 819 1016 830 1037; x_wconf 93' lang='lat'><strong>,</strong></span> <span class='ocrx_word' id='word_1_108' title='bbox 856 991 899 1026; x_wconf 85' lang='lat' dir='ltr'><strong>et</strong></span> <span class='ocrx_word' id='word_1_109' title='bbox 921 982 1145 1042; x_wconf 90' lang='lat' dir='ltr'><strong>quomodo</strong></span> <span class='ocrx_word' id='word_1_110' title='bbox 1167 991 1372 1026; x_wconf 88' lang='lat' dir='ltr'><strong>caveatur</strong></span> <span class='ocrx_word' id='word_1_111' title='bbox 1391 997 1515 1026; x_wconf 88' lang='lat' dir='ltr'><strong>scan-</strong></span> 
     </span>
     <span class='ocr_line' id='line_1_13' title="bbox 125 1051 1513 1112; baseline 0 -17"><span class='ocrx_word' id='word_1_112' title='bbox 125 1051 291 1096; x_wconf 89' lang='lat' dir='ltr'><strong>dalum.</strong></span> <span class='ocrx_word' id='word_1_113' title='bbox 317 1053 400 1098; x_wconf 88' lang='lat' dir='ltr'><strong>Cui</strong></span> <span class='ocrx_word' id='word_1_114' title='bbox 422 1051 589 1097; x_wconf 81' lang='lat' dir='ltr'>dixerat</span> <span class='ocrx_word' id='word_1_115' title='bbox 614 1052 746 1112; x_wconf 88' lang='lat' dir='ltr'><strong>paulo</strong></span> <span class='ocrx_word' id='word_1_116' title='bbox 770 1061 870 1097; x_wconf 92' lang='lat' dir='ltr'><strong>ante</strong></span> <span class='ocrx_word' id='word_1_117' title='bbox 891 1069 902 1096; x_wconf 90' lang='lat'><em>:</em></span> <span class='ocrx_word' id='word_1_118' title='bbox 933 1071 953 1094; x_wconf 94' lang='lat'>«</span> <span class='ocrx_word' id='word_1_119' title='bbox 973 1055 1129 1097; x_wconf 88' lang='lat' dir='ltr'><strong>Beatus</strong></span> <span class='ocrx_word' id='word_1_120' title='bbox 1147 1067 1207 1107; x_wconf 88' lang='lat' dir='ltr'><strong>es,</strong></span> <span class='ocrx_word' id='word_1_121' title='bbox 1235 1052 1383 1097; x_wconf 90' lang='lat' dir='ltr'><strong>Simon</strong></span> <span class='ocrx_word' id='word_1_122' title='bbox 1407 1056 1513 1097; x_wconf 88' lang='lat' dir='ltr'><strong>Bar-</strong></span> 
     </span>
     <span class='ocr_line' id='line_1_14' title="bbox 130 1123 1515 1178; baseline 0.001 -13"><span class='ocrx_word' id='word_1_123' title='bbox 130 1141 149 1164; x_wconf 90' lang='lat'>»</span> <span class='ocrx_word' id='word_1_124' title='bbox 189 1125 326 1167; x_wconf 76' lang='lat' dir='ltr'><strong>Jona3</strong></span> <span class='ocrx_word' id='word_1_125' title='bbox 346 1159 356 1178; x_wconf 90' lang='lat'><strong>,</strong></span> <span class='ocrx_word' id='word_1_126' title='bbox 394 1123 645 1168; x_wconf 85' lang='lat' dir='ltr'><strong>ostenderat</strong></span> <span class='ocrx_word' id='word_1_127' title='bbox 679 1123 802 1168; x_wconf 92' lang='lat' dir='ltr'><strong>illum</strong></span> <span class='ocrx_word' id='word_1_128' title='bbox 834 1124 1084 1167; x_wconf 87' lang='lat' dir='ltr'><strong>membrum</strong></span> <span class='ocrx_word' id='word_1_129' title='bbox 1117 1139 1245 1167; x_wconf 89' lang='lat' dir='ltr'><strong>suum</strong></span> <span class='ocrx_word' id='word_1_130' title='bbox 1278 1139 1383 1168; x_wconf 87' lang='lat' dir='ltr'><strong>esse.</strong></span> <span class='ocrx_word' id='word_1_131' title='bbox 1415 1127 1515 1167; x_wconf 86' lang='lat' dir='ltr'><strong>»At</strong></span> 
     </span>
     <span class='ocr_line' id='line_1_15' title="bbox 131 1192 1514 1254; baseline -0.001 -16"><span class='ocrx_word' id='word_1_132' title='bbox 131 1195 206 1238; x_wconf 90' lang='lat' dir='ltr'><strong>ubi</strong></span> <span class='ocrx_word' id='word_1_133' title='bbox 227 1195 361 1254; x_wconf 83' lang='lat' dir='ltr'><strong>coepit</strong></span> <span class='ocrx_word' id='word_1_134' title='bbox 391 1195 642 1239; x_wconf 84' lang='lat' dir='ltr'><strong>scandalum</strong></span> <span class='ocrx_word' id='word_1_135' title='bbox 677 1210 788 1250; x_wconf 88' lang='lat' dir='ltr'><strong>esse,</strong></span> <span class='ocrx_word' id='word_1_136' title='bbox 824 1195 1023 1254; x_wconf 82' lang='lat' dir='ltr'>praecidit</span> <span class='ocrx_word' id='word_1_137' title='bbox 1044 1195 1291 1238; x_wconf 84' lang='lat' dir='ltr'><strong>membrum</strong></span> <span class='ocrx_word' id='word_1_138' title='bbox 1320 1213 1329 1238; x_wconf 90' lang='lat'>:</span> <span class='ocrx_word' id='word_1_139' title='bbox 1365 1192 1514 1237; x_wconf 85' lang='lat' dir='ltr'><strong>refecit</strong></span> 
     </span>
     <span class='ocr_line' id='line_1_16' title="bbox 129 1264 1515 1325; baseline -0.001 -16"><span class='ocrx_word' id='word_1_140' title='bbox 129 1267 392 1320; x_wconf 80' lang='lat' dir='ltr'><strong>membrum,</strong></span> <span class='ocrx_word' id='word_1_141' title='bbox 413 1267 604 1325; x_wconf 88' lang='lat' dir='ltr'><strong>reposuit</strong></span> <span class='ocrx_word' id='word_1_142' title='bbox 627 1267 875 1310; x_wconf 86' lang='lat' dir='ltr'><strong>membrum</strong></span> <span class='ocrx_word' id='word_1_143' title='bbox 890 1268 921 1309; x_wconf 71' lang='lat'><strong>4.</strong></span> <span class='ocrx_word' id='word_1_144' title='bbox 940 1265 1202 1311; x_wconf 89' lang='lat' dir='ltr'><strong>Scandalum</strong></span> <span class='ocrx_word' id='word_1_145' title='bbox 1223 1281 1326 1324; x_wconf 84' lang='lat' dir='ltr'><strong>ergo</strong></span> <span class='ocrx_word' id='word_1_146' title='bbox 1349 1264 1515 1309; x_wconf 86' lang='lat' dir='ltr'><strong>tibiille</strong></span> 
     </span>
     <span class='ocr_line' id='line_1_17' title="bbox 128 1334 1517 1396; baseline -0.001 -17"><span class='ocrx_word' id='word_1_147' title='bbox 128 1336 230 1390; x_wconf 81' lang='lat' dir='ltr'><strong>erit,</strong></span> <span class='ocrx_word' id='word_1_148' title='bbox 266 1337 341 1395; x_wconf 86' lang='lat' dir='ltr'><strong>qui</strong></span> <span class='ocrx_word' id='word_1_149' title='bbox 375 1337 452 1380; x_wconf 89' lang='lat' dir='ltr'><strong>tibi</strong></span> <span class='ocrx_word' id='word_1_150' title='bbox 478 1336 578 1380; x_wconf 88' lang='lat' dir='ltr'><strong>mali</strong></span> <span class='ocrx_word' id='word_1_151' title='bbox 614 1336 779 1396; x_wconf 87' lang='lat' dir='ltr'><strong>aliquid</strong></span> <span class='ocrx_word' id='word_1_152' title='bbox 804 1336 986 1381; x_wconf 88' lang='lat' dir='ltr'><strong>suadere</strong></span> <span class='ocrx_word' id='word_1_153' title='bbox 1014 1337 1213 1395; x_wconf 88' lang='lat' dir='ltr'><strong>coeperit.</strong></span> <span class='ocrx_word' id='word_1_154' title='bbox 1239 1338 1296 1380; x_wconf 88' lang='lat' dir='ltr'><strong>Et</strong></span> <span class='ocrx_word' id='word_1_155' title='bbox 1316 1334 1517 1379; x_wconf 89' lang='lat' dir='ltr'><strong>intendat</strong></span> 
     </span>
     <span class='ocr_line' id='line_1_18' title="bbox 125 1405 1513 1465; baseline -0.001 -15"><span class='ocrx_word' id='word_1_156' title='bbox 125 1406 321 1450; x_wconf 85' lang='lat' dir='ltr'><strong>Charitas</strong></span> <span class='ocrx_word' id='word_1_157' title='bbox 349 1407 499 1450; x_wconf 86' lang='lat' dir='ltr'><strong>Vestra</strong></span> <span class='ocrx_word' id='word_1_158' title='bbox 523 1425 531 1449; x_wconf 87' lang='lat'>:</span> <span class='ocrx_word' id='word_1_159' title='bbox 555 1407 605 1449; x_wconf 88' lang='lat' dir='ltr'><strong>fit</strong></span> <span class='ocrx_word' id='word_1_160' title='bbox 632 1407 716 1450; x_wconf 89' lang='lat' dir='ltr'><strong>hoe</strong></span> <span class='ocrx_word' id='word_1_161' title='bbox 750 1407 1010 1465; x_wconf 88' lang='lat' dir='ltr'><strong>plerumque</strong></span> <span class='ocrx_word' id='word_1_162' title='bbox 1028 1441 1039 1462; x_wconf 95' lang='lat'><strong>,</strong></span> <span class='ocrx_word' id='word_1_163' title='bbox 1065 1422 1155 1451; x_wconf 89' lang='lat' dir='ltr'><strong>non</strong></span> <span class='ocrx_word' id='word_1_164' title='bbox 1183 1405 1513 1459; x_wconf 85' lang='lat' dir='ltr'><strong>malevolentia,</strong></span> 
     </span>
     <span class='ocr_line' id='line_1_19' title="bbox 126 1475 1518 1535; baseline -0.001 -16"><span class='ocrx_word' id='word_1_165' title='bbox 126 1475 201 1519; x_wconf 91' lang='lat' dir='ltr'><strong>sed</strong></span> <span class='ocrx_word' id='word_1_166' title='bbox 218 1491 418 1535; x_wconf 85' lang='lat' dir='ltr'><strong>perversa</strong></span> <span class='ocrx_word' id='word_1_167' title='bbox 434 1475 755 1521; x_wconf 84' lang='lat' dir='ltr'><strong>benevolentia.</strong></span> <span class='ocrx_word' id='word_1_168' title='bbox 774 1475 903 1520; x_wconf 87' lang='lat' dir='ltr'><strong>Videt</strong></span> <span class='ocrx_word' id='word_1_169' title='bbox 923 1477 1038 1520; x_wconf 90' lang='lat' dir='ltr'><strong>enim</strong></span> <span class='ocrx_word' id='word_1_170' title='bbox 1058 1485 1102 1520; x_wconf 92' lang='lat' dir='ltr'><strong>te</strong></span> <span class='ocrx_word' id='word_1_171' title='bbox 1122 1477 1285 1520; x_wconf 88' lang='lat' dir='ltr'><strong>amicus</strong></span> <span class='ocrx_word' id='word_1_172' title='bbox 1304 1485 1420 1531; x_wconf 63' lang='lat' dir='ltr'><strong>tum,</strong></span> <span class='ocrx_word' id='word_1_173' title='bbox 1441 1475 1518 1535; x_wconf 84' lang='lat' dir='ltr'><strong>qui</strong></span> 
     </span>
     <span class='ocr_line' id='line_1_20' title="bbox 128 1545 1517 1607; baseline -0.001 -17"><span class='ocrx_word' id='word_1_174' title='bbox 128 1555 170 1590; x_wconf 89' lang='lat' dir='ltr'><strong>te</strong></span> <span class='ocrx_word' id='word_1_175' title='bbox 193 1546 361 1606; x_wconf 79' lang='lat' dir='ltr'><strong>diligit,</strong></span> <span class='ocrx_word' id='word_1_176' title='bbox 386 1546 662 1607; x_wconf 84' lang='lat' dir='ltr'><strong>vicissimque</strong></span> <span class='ocrx_word' id='word_1_177' title='bbox 690 1563 714 1591; x_wconf 90' lang='lat' dir='ltr'><strong>a</strong></span> <span class='ocrx_word' id='word_1_178' title='bbox 746 1555 788 1590; x_wconf 92' lang='lat' dir='ltr'><strong>te</strong></span> <span class='ocrx_word' id='word_1_179' title='bbox 811 1545 1033 1604; x_wconf 84' lang='lat' dir='ltr'><strong>diligitur,</strong></span> <span class='ocrx_word' id='word_1_180' title='bbox 1065 1555 1188 1604; x_wconf 88' lang='lat' dir='ltr'><strong>pater</strong></span> <span class='ocrx_word' id='word_1_181' title='bbox 1217 1556 1318 1591; x_wconf 90' lang='lat' dir='ltr'><strong>tuus</strong></span> <span class='ocrx_word' id='word_1_182' title='bbox 1335 1581 1346 1601; x_wconf 86' lang='lat'>‚</span> <span class='ocrx_word' id='word_1_183' title='bbox 1385 1545 1517 1589; x_wconf 81' lang='lat' dir='ltr'><strong>frater</strong></span> 
     </span>
     <span class='ocr_line' id='line_1_21' title="bbox 129 1616 1518 1677; baseline -0.002 -15"><span class='ocrx_word' id='word_1_184' title='bbox 129 1628 230 1662; x_wconf 89' lang='lat' dir='ltr'><strong>tuus</strong></span> <span class='ocrx_word' id='word_1_185' title='bbox 250 1653 261 1674; x_wconf 89' lang='lat'>‚</span> <span class='ocrx_word' id='word_1_186' title='bbox 286 1619 402 1664; x_wconf 89' lang='lat' dir='ltr'><strong>filius</strong></span> <span class='ocrx_word' id='word_1_187' title='bbox 420 1629 522 1664; x_wconf 90' lang='lat' dir='ltr'><strong>tuus</strong></span> <span class='ocrx_word' id='word_1_188' title='bbox 540 1654 551 1673; x_wconf 93' lang='lat'><strong>,</strong></span> <span class='ocrx_word' id='word_1_189' title='bbox 572 1619 731 1677; x_wconf 83' lang='lat' dir='ltr'><strong>conjux</strong></span> <span class='ocrx_word' id='word_1_190' title='bbox 751 1627 848 1672; x_wconf 88' lang='lat' dir='ltr'><strong>tua,</strong></span> <span class='ocrx_word' id='word_1_191' title='bbox 868 1617 988 1661; x_wconf 87' lang='lat' dir='ltr'><strong>videt</strong></span> <span class='ocrx_word' id='word_1_192' title='bbox 1006 1626 1049 1660; x_wconf 91' lang='lat' dir='ltr'><strong>te</strong></span> <span class='ocrx_word' id='word_1_193' title='bbox 1069 1617 1115 1660; x_wconf 90' lang='lat' dir='ltr'><strong>in</strong></span> <span class='ocrx_word' id='word_1_194' title='bbox 1137 1616 1253 1660; x_wconf 87' lang='lat' dir='ltr'><strong>malo</strong></span> <span class='ocrx_word' id='word_1_195' title='bbox 1267 1651 1278 1671; x_wconf 96' lang='lat'><strong>,</strong></span> <span class='ocrx_word' id='word_1_196' title='bbox 1299 1626 1342 1661; x_wconf 90' lang='lat' dir='ltr'><strong>et</strong></span> <span class='ocrx_word' id='word_1_197' title='bbox 1358 1616 1455 1660; x_wconf 91' lang='lat' dir='ltr'><strong>vult</strong></span> <span class='ocrx_word' id='word_1_198' title='bbox 1477 1625 1518 1660; x_wconf 91' lang='lat' dir='ltr'><strong>te</strong></span> 
     </span>
     <span class='ocr_line' id='line_1_22' title="bbox 129 1676 1519 1743; baseline -0.002 -10"><span class='ocrx_word' id='word_1_199' title='bbox 129 1689 271 1733; x_wconf 85' lang='lat' dir='ltr'><strong>facere</strong></span> <span class='ocrx_word' id='word_1_200' title='bbox 288 1689 468 1734; x_wconf 89' lang='lat' dir='ltr'><strong>malum.</strong></span> <span class='ocrx_word' id='word_1_201' title='bbox 496 1676 613 1742; x_wconf 65' lang='lat' dir='ltr'><strong>Quid</strong></span> <span class='ocrx_word' id='word_1_202' title='bbox 634 1697 713 1743; x_wconf 87' lang='lat' dir='ltr'><strong>est,</strong></span> <span class='ocrx_word' id='word_1_203' title='bbox 740 1688 861 1733; x_wconf 85' lang='lat' dir='ltr'><strong>videt</strong></span> <span class='ocrx_word' id='word_1_204' title='bbox 875 1697 918 1731; x_wconf 92' lang='lat' dir='ltr'><strong>te</strong></span> <span class='ocrx_word' id='word_1_205' title='bbox 934 1687 980 1730; x_wconf 92' lang='lat' dir='ltr'><strong>in</strong></span> <span class='ocrx_word' id='word_1_206' title='bbox 999 1686 1146 1731; x_wconf 76' lang='lat' dir='ltr'><strong>malo?</strong></span> <span class='ocrx_word' id='word_1_207' title='bbox 1163 1687 1294 1731; x_wconf 86' lang='lat' dir='ltr'><strong>Videt</strong></span> <span class='ocrx_word' id='word_1_208' title='bbox 1315 1696 1358 1730; x_wconf 89' lang='lat' dir='ltr'><strong>te</strong></span> <span class='ocrx_word' id='word_1_209' title='bbox 1381 1687 1425 1730; x_wconf 90' lang='lat' dir='ltr'><strong>in</strong></span> <span class='ocrx_word' id='word_1_210' title='bbox 1446 1685 1519 1730; x_wconf 90' lang='lat' dir='ltr'><strong>ali-</strong></span> 
     </span>
     <span class='ocr_line' id='line_1_23' title="bbox 129 1756 1520 1820; baseline -0.002 -17"><span class='ocrx_word' id='word_1_211' title='bbox 129 1776 214 1820; x_wconf 87' lang='lat' dir='ltr'><strong>qua</strong></span> <span class='ocrx_word' id='word_1_212' title='bbox 238 1775 449 1820; x_wconf 87' lang='lat' dir='ltr'><strong>pressura.</strong></span> <span class='ocrx_word' id='word_1_213' title='bbox 473 1762 721 1803; x_wconf 88' lang='lat' dir='ltr'><strong>Pressuram</strong></span> <span class='ocrx_word' id='word_1_214' title='bbox 748 1758 884 1817; x_wconf 86' lang='lat' dir='ltr'><strong>ipsam</strong></span> <span class='ocrx_word' id='word_1_215' title='bbox 908 1766 1086 1817; x_wconf 88' lang='lat' dir='ltr'><strong>propter</strong></span> <span class='ocrx_word' id='word_1_216' title='bbox 1104 1756 1316 1817; x_wconf 83' lang='lat' dir='ltr'><strong>justitiam</strong></span> <span class='ocrx_word' id='word_1_217' title='bbox 1340 1756 1520 1810; x_wconf 83' lang='lat' dir='ltr'><strong>forsitan</strong></span> 
     </span>
    </p>
   </div>
   <div class='ocr_carea' id='block_1_2' title="bbox 131 1827 1521 1952">
    <p class='ocr_par' dir='ltr' id='par_1_2' title="bbox 131 1827 1521 1952">
     <span class='ocr_line' id='line_1_24' title="bbox 131 1827 1519 1888; baseline -0.008 -17"><span class='ocrx_word' id='word_1_218' title='bbox 131 1830 287 1888; x_wconf 89' lang='lat' dir='ltr'><strong>pateris</strong></span> <span class='ocrx_word' id='word_1_219' title='bbox 308 1845 317 1871; x_wconf 90' lang='lat'><strong>:</strong></span> <span class='ocrx_word' id='word_1_220' title='bbox 350 1831 448 1877; x_wconf 88' lang='lat' dir='ltr'><strong>ideo</strong></span> <span class='ocrx_word' id='word_1_221' title='bbox 470 1830 626 1886; x_wconf 76' lang='lat' dir='ltr'><strong>pateris</strong></span> <span class='ocrx_word' id='word_1_222' title='bbox 650 1844 893 1882; x_wconf 76' lang='lat' dir='ltr'><strong>pressuram</strong></span> <span class='ocrx_word' id='word_1_223' title='bbox 911 1863 922 1877; x_wconf 78' lang='lat'><strong>,</strong></span> <span class='ocrx_word' id='word_1_224' title='bbox 943 1828 1046 1881; x_wconf 88' lang='lat' dir='ltr'><strong>quia</strong></span> <span class='ocrx_word' id='word_1_225' title='bbox 1071 1843 1162 1871; x_wconf 91' lang='lat' dir='ltr'><strong>non</strong></span> <span class='ocrx_word' id='word_1_226' title='bbox 1184 1827 1247 1871; x_wconf 89' lang='lat' dir='ltr'><strong>vis</strong></span> <span class='ocrx_word' id='word_1_227' title='bbox 1269 1827 1413 1871; x_wconf 86' lang='lat' dir='ltr'><strong>dicere</strong></span> <span class='ocrx_word' id='word_1_228' title='bbox 1433 1827 1519 1871; x_wconf 72' lang='lat' dir='ltr'><strong>fal-</strong></span> 
     </span>
     <span class='ocr_line' id='line_1_25' title="bbox 133 1889 1521 1952; baseline -0.009 -8"><span class='ocrx_word' id='word_1_229' title='bbox 133 1914 229 1944; x_wconf 89' lang='lat' dir='ltr'><strong>sum</strong></span> <span class='ocrx_word' id='word_1_230' title='bbox 248 1897 560 1942; x_wconf 85' lang='lat' dir='ltr'><strong>testimonium.</strong></span> <span class='ocrx_word' id='word_1_231' title='bbox 587 1894 721 1939; x_wconf 86' lang='lat' dir='ltr'><strong>Verbi</strong></span> <span class='ocrx_word' id='word_1_232' title='bbox 740 1893 875 1952; x_wconf 85' lang='lat' dir='ltr'><strong>gratia</strong></span> <span class='ocrx_word' id='word_1_233' title='bbox 897 1890 1096 1936; x_wconf 82' lang='lat' dir='ltr'><strong>dixerim.</strong></span> <span class='ocrx_word' id='word_1_234' title='bbox 1118 1889 1360 1933; x_wconf 87' lang='lat' dir='ltr'><strong>Abundant</strong></span> <span class='ocrx_word' id='word_1_235' title='bbox 1377 1904 1521 1933; x_wconf 76' lang='lat' dir='ltr'><strong>exem-</strong></span> 
     </span>
    </p>
   </div>
   <div class='ocr_carea' id='block_1_3' title="bbox 134 1959 1527 2452">
    <p class='ocr_par' dir='ltr' id='par_1_3' title="bbox 134 1959 1527 2452">
     <span class='ocr_line' id='line_1_26' title="bbox 134 1959 1518 2030; baseline -0.007 -16"><span class='ocrx_word' id='word_1_236' title='bbox 134 1970 226 2030; x_wconf 85' lang='lat' dir='ltr'><strong>pla,</strong></span> <span class='ocrx_word' id='word_1_237' title='bbox 251 1970 354 2029; x_wconf 90' lang='lat' dir='ltr'><strong>quia</strong></span> <span class='ocrx_word' id='word_1_238' title='bbox 376 1988 396 2011; x_wconf 81' lang='lat'><strong>‹&lt;</strong></span> <span class='ocrx_word' id='word_1_239' title='bbox 418 1970 495 2011; x_wconf 85' lang='lat' dir='ltr'><strong>Vae</strong></span> <span class='ocrx_word' id='word_1_240' title='bbox 516 1965 684 2011; x_wconf 91' lang='lat' dir='ltr'><strong>mundo</strong></span> <span class='ocrx_word' id='word_1_241' title='bbox 706 1964 761 2007; x_wconf 87' lang='lat' dir='ltr'><strong>ab</strong></span> <span class='ocrx_word' id='word_1_242' title='bbox 783 1961 1038 2008; x_wconf 85' lang='lat' dir='ltr'><strong>scandalis.»</strong></span> <span class='ocrx_word' id='word_1_243' title='bbox 1058 1963 1193 2014; x_wconf 86' lang='lat' dir='ltr'><strong>Ecce,</strong></span> <span class='ocrx_word' id='word_1_244' title='bbox 1224 1959 1346 2003; x_wconf 89' lang='lat' dir='ltr'><strong>verbi</strong></span> <span class='ocrx_word' id='word_1_245' title='bbox 1368 1959 1518 2017; x_wconf 82' lang='lat' dir='ltr'><strong>gratia,</strong></span> 
     </span>
     <span class='ocr_line' id='line_1_27' title="bbox 135 2031 1523 2101; baseline -0.009 -15"><span class='ocrx_word' id='word_1_246' title='bbox 135 2051 290 2101; x_wconf 87' lang='lat' dir='ltr'><strong>potens</strong></span> <span class='ocrx_word' id='word_1_247' title='bbox 312 2040 466 2100; x_wconf 86' lang='lat' dir='ltr'><strong>aliquis</strong></span> <span class='ocrx_word' id='word_1_248' title='bbox 484 2038 643 2099; x_wconf 83' lang='lat' dir='ltr'><strong>quaerit</strong></span> <span class='ocrx_word' id='word_1_249' title='bbox 666 2053 689 2081; x_wconf 88' lang='lat' dir='ltr'><strong>a</strong></span> <span class='ocrx_word' id='word_1_250' title='bbox 703 2045 762 2091; x_wconf 83' lang='lat' dir='ltr'><strong>te,</strong></span> <span class='ocrx_word' id='word_1_251' title='bbox 783 2043 961 2095; x_wconf 87' lang='lat' dir='ltr'><strong>propter</strong></span> <span class='ocrx_word' id='word_1_252' title='bbox 983 2031 1177 2093; x_wconf 85' lang='lat' dir='ltr'><strong>praedam</strong></span> <span class='ocrx_word' id='word_1_253' title='bbox 1192 2046 1330 2086; x_wconf 83' lang='lat' dir='ltr'><strong>suam,</strong></span> <span class='ocrx_word' id='word_1_254' title='bbox 1346 2040 1523 2090; x_wconf 89' lang='lat' dir='ltr'><strong>propter</strong></span> 
     </span>
     <span class='ocr_line' id='line_1_28' title="bbox 137 2102 1519 2171; baseline -0.008 -14"><span class='ocrx_word' id='word_1_255' title='bbox 137 2112 333 2171; x_wconf 90' lang='lat' dir='ltr'><strong>rapinam</strong></span> <span class='ocrx_word' id='word_1_256' title='bbox 354 2125 499 2165; x_wconf 86' lang='lat' dir='ltr'><strong>suam,</strong></span> <span class='ocrx_word' id='word_1_257' title='bbox 539 2107 827 2153; x_wconf 85' lang='lat' dir='ltr'><strong>ministerium</strong></span> <span class='ocrx_word' id='word_1_258' title='bbox 849 2104 946 2149; x_wconf 79' lang='lat' dir='ltr'><strong>falsi</strong></span> <span class='ocrx_word' id='word_1_259' title='bbox 976 2102 1253 2148; x_wconf 60' lang='lat' dir='ltr'><strong>testimoniib.</strong></span> <span class='ocrx_word' id='word_1_260' title='bbox 1280 2104 1417 2160; x_wconf 81' lang='lat' dir='ltr'><strong>Negas</strong></span> <span class='ocrx_word' id='word_1_261' title='bbox 1441 2110 1490 2146; x_wconf 90' lang='lat' dir='ltr'><strong>tu</strong></span> <span class='ocrx_word' id='word_1_262' title='bbox 1511 2121 1519 2146; x_wconf 90' lang='lat'>:</span> 
     </span>
     <span class='ocr_line' id='line_1_29' title="bbox 139 2172 1524 2239; baseline -0.006 -14"><span class='ocrx_word' id='word_1_263' title='bbox 139 2197 267 2239; x_wconf 84' lang='lat' dir='ltr'><strong>negas</strong></span> <span class='ocrx_word' id='word_1_264' title='bbox 294 2181 453 2226; x_wconf 87' lang='lat' dir='ltr'><strong>falsum</strong></span> <span class='ocrx_word' id='word_1_265' title='bbox 470 2215 481 2236; x_wconf 87' lang='lat'><strong>,</strong></span> <span class='ocrx_word' id='word_1_266' title='bbox 509 2195 564 2224; x_wconf 90' lang='lat' dir='ltr'><strong>ne</strong></span> <span class='ocrx_word' id='word_1_267' title='bbox 585 2193 716 2238; x_wconf 82' lang='lat' dir='ltr'><strong>neges</strong></span> <span class='ocrx_word' id='word_1_268' title='bbox 744 2191 914 2221; x_wconf 89' lang='lat' dir='ltr'><strong>verum.</strong></span> <span class='ocrx_word' id='word_1_269' title='bbox 948 2177 1010 2220; x_wconf 91' lang='lat' dir='ltr'><strong>Ne</strong></span> <span class='ocrx_word' id='word_1_270' title='bbox 1033 2174 1181 2218; x_wconf 89' lang='lat' dir='ltr'><strong>multis</strong></span> <span class='ocrx_word' id='word_1_271' title='bbox 1203 2174 1430 2229; x_wconf 85' lang='lat' dir='ltr'><strong>immorer,</strong></span> <span class='ocrx_word' id='word_1_272' title='bbox 1451 2172 1524 2217; x_wconf 89' lang='lat' dir='ltr'><strong>ille</strong></span> 
     </span>
     <span class='ocr_line' id='line_1_30' title="bbox 140 2244 1526 2309; baseline -0.006 -13"><span class='ocrx_word' id='word_1_273' title='bbox 140 2253 336 2296; x_wconf 86' lang='lat' dir='ltr'><strong>irascitur</strong></span> <span class='ocrx_word' id='word_1_274' title='bbox 352 2285 363 2305; x_wconf 88' lang='lat'>‚</span> <span class='ocrx_word' id='word_1_275' title='bbox 396 2260 550 2309; x_wconf 85' lang='lat' dir='ltr'><strong>potens</strong></span> <span class='ocrx_word' id='word_1_276' title='bbox 585 2259 674 2304; x_wconf 89' lang='lat' dir='ltr'><strong>est,</strong></span> <span class='ocrx_word' id='word_1_277' title='bbox 707 2248 866 2308; x_wconf 85' lang='lat' dir='ltr'><strong>premit</strong></span> <span class='ocrx_word' id='word_1_278' title='bbox 889 2266 898 2292; x_wconf 81' lang='lat'>2</span> <span class='ocrx_word' id='word_1_279' title='bbox 924 2244 1091 2290; x_wconf 89' lang='lat' dir='ltr'><strong>accedit</strong></span> <span class='ocrx_word' id='word_1_280' title='bbox 1114 2245 1277 2289; x_wconf 85' lang='lat' dir='ltr'><strong>amicus</strong></span> <span class='ocrx_word' id='word_1_281' title='bbox 1295 2279 1306 2299; x_wconf 94' lang='lat'><strong>,</strong></span> <span class='ocrx_word' id='word_1_282' title='bbox 1338 2244 1416 2304; x_wconf 91' lang='lat' dir='ltr'><strong>qui</strong></span> <span class='ocrx_word' id='word_1_283' title='bbox 1437 2259 1526 2288; x_wconf 89' lang='lat' dir='ltr'><strong>non</strong></span> 
     </span>
     <span class='ocr_line' id='line_1_31' title="bbox 141 2315 1527 2378; baseline -0.006 -11"><span class='ocrx_word' id='word_1_284' title='bbox 141 2322 236 2368; x_wconf 87' lang='lat' dir='ltr'><strong>vult</strong></span> <span class='ocrx_word' id='word_1_285' title='bbox 257 2331 300 2366; x_wconf 89' lang='lat' dir='ltr'><strong>te</strong></span> <span class='ocrx_word' id='word_1_286' title='bbox 323 2336 412 2365; x_wconf 91' lang='lat' dir='ltr'><strong>esse</strong></span> <span class='ocrx_word' id='word_1_287' title='bbox 434 2321 480 2363; x_wconf 92' lang='lat' dir='ltr'><strong>in</strong></span> <span class='ocrx_word' id='word_1_288' title='bbox 503 2334 722 2378; x_wconf 88' lang='lat' dir='ltr'><strong>pressura,</strong></span> <span class='ocrx_word' id='word_1_289' title='bbox 747 2334 838 2363; x_wconf 90' lang='lat' dir='ltr'><strong>non</strong></span> <span class='ocrx_word' id='word_1_290' title='bbox 865 2317 960 2361; x_wconf 86' lang='lat' dir='ltr'><strong>vult</strong></span> <span class='ocrx_word' id='word_1_291' title='bbox 982 2326 1024 2361; x_wconf 88' lang='lat' dir='ltr'><strong>te</strong></span> <span class='ocrx_word' id='word_1_292' title='bbox 1047 2331 1135 2360; x_wconf 89' lang='lat' dir='ltr'><strong>esse</strong></span> <span class='ocrx_word' id='word_1_293' title='bbox 1164 2316 1209 2359; x_wconf 90' lang='lat' dir='ltr'><strong>in</strong></span> <span class='ocrx_word' id='word_1_294' title='bbox 1230 2315 1347 2360; x_wconf 88' lang='lat' dir='ltr'><strong>malo</strong></span> <span class='ocrx_word' id='word_1_295' title='bbox 1372 2334 1381 2360; x_wconf 76' lang='grc' dir='ltr'>ς</span> <span class='ocrx_word' id='word_1_296' title='bbox 1402 2318 1527 2374; x_wconf 85' lang='lat' dir='ltr'><strong>Rogo</strong></span> 
     </span>
     <span class='ocr_line' id='line_1_32' title="bbox 146 2385 1525 2452; baseline -0.006 -14"><span class='ocrx_word' id='word_1_297' title='bbox 146 2403 187 2438; x_wconf 87' lang='lat' dir='ltr'><strong>tc</strong></span> <span class='ocrx_word' id='word_1_298' title='bbox 203 2429 214 2449; x_wconf 83' lang='lat'><strong>,</strong></span> <span class='ocrx_word' id='word_1_299' title='bbox 248 2391 316 2438; x_wconf 87' lang='lat' dir='ltr'><strong>fac</strong></span> <span class='ocrx_word' id='word_1_300' title='bbox 344 2391 466 2452; x_wconf 91' lang='lat' dir='ltr'><strong>quod</strong></span> <span class='ocrx_word' id='word_1_301' title='bbox 483 2390 562 2434; x_wconf 90' lang='lat' dir='ltr'><strong>tibi</strong></span> <span class='ocrx_word' id='word_1_302' title='bbox 584 2389 745 2434; x_wconf 89' lang='lat' dir='ltr'><strong>dicitur</strong></span> <span class='ocrx_word' id='word_1_303' title='bbox 763 2424 774 2445; x_wconf 82' lang='lat'><strong>,</strong></span> <span class='ocrx_word' id='word_1_304' title='bbox 796 2389 904 2449; x_wconf 87' lang='lat' dir='ltr'><strong>quid</strong></span> <span class='ocrx_word' id='word_1_305' title='bbox 925 2403 1130 2445; x_wconf 85' lang='lat' dir='ltr'><strong>magnum</strong></span> <span class='ocrx_word' id='word_1_306' title='bbox 1153 2389 1246 2432; x_wconf 78' lang='lat' dir='ltr'><strong>est?</strong></span> <span class='ocrx_word' id='word_1_307' title='bbox 1266 2390 1362 2431; x_wconf 86' lang='lat' dir='ltr'><strong>Jam</strong></span> <span class='ocrx_word' id='word_1_308' title='bbox 1384 2385 1497 2431; x_wconf 86' lang='lat' dir='ltr'><strong>forte</strong></span> <span class='ocrx_word' id='word_1_309' title='bbox 1515 2421 1525 2440; x_wconf 91' lang='lat'><strong>,</strong></span> 
     </span>
    </p>
   </div>
   <div class='ocr_carea' id='block_1_4' title="bbox 148 2482 1531 2582">
    <p class='ocr_par' dir='ltr' id='par_1_4' title="bbox 148 2482 1531 2582">
     <span class='ocr_line' id='line_1_33' title="bbox 196 2482 1531 2529; baseline -0.006 -7"><span class='ocrx_word' id='word_1_310' title='bbox 196 2497 203 2513; x_wconf 88' lang='lat'><em>¹</em></span> <span class='ocrx_word' id='word_1_311' title='bbox 226 2489 340 2522; x_wconf 87' lang='lat' dir='ltr'><strong>Matth.</strong></span> <span class='ocrx_word' id='word_1_312' title='bbox 357 2499 446 2529; x_wconf 72' lang='lat' dir='ltr'><strong>xvxii,</strong></span> <span class='ocrx_word' id='word_1_313' title='bbox 462 2488 496 2528; x_wconf 88' lang='lat'><strong>8,</strong></span> <span class='ocrx_word' id='word_1_314' title='bbox 521 2498 556 2528; x_wconf 86' lang='lat'><strong>9.</strong></span> <span class='ocrx_word' id='word_1_315' title='bbox 571 2503 612 2508; x_wconf 91' lang='lat'><strong>——</strong></span> <span class='ocrx_word' id='word_1_316' title='bbox 629 2493 640 2508; x_wconf 85' lang='lat'>²</span> <span class='ocrx_word' id='word_1_317' title='bbox 660 2486 706 2518; x_wconf 87' lang='lat' dir='ltr'>Id.</span> <span class='ocrx_word' id='word_1_318' title='bbox 727 2497 793 2528; x_wconf 70' lang='lat' dir='ltr'><strong>xvr,</strong></span> <span class='ocrx_word' id='word_1_319' title='bbox 810 2486 864 2518; x_wconf 76' lang='lat'><strong>23.</strong></span> <span class='ocrx_word' id='word_1_320' title='bbox 890 2502 921 2509; x_wconf 84' lang='lat'><strong>—=</strong></span> <span class='ocrx_word' id='word_1_321' title='bbox 948 2483 960 2508; x_wconf 73' lang='lat'>3</span> <span class='ocrx_word' id='word_1_322' title='bbox 980 2484 1059 2517; x_wconf 82' lang='lat' dir='ltr'><strong>lbid.</strong></span> <span class='ocrx_word' id='word_1_323' title='bbox 1083 2495 1131 2525; x_wconf 88' lang='lat'><strong>17.</strong></span> <span class='ocrx_word' id='word_1_324' title='bbox 1155 2501 1196 2507; x_wconf 91' lang='grc'><strong>--</strong></span> <span class='ocrx_word' id='word_1_325' title='bbox 1211 2484 1226 2512; x_wconf 73' lang='grc'><strong><em>4</em></strong></span> <span class='ocrx_word' id='word_1_326' title='bbox 1246 2484 1375 2517; x_wconf 82' lang='lat' dir='ltr'><strong>Videtur</strong></span> <span class='ocrx_word' id='word_1_327' title='bbox 1393 2482 1531 2516; x_wconf 80' lang='lat' dir='ltr'><strong>nonnihil</strong></span> 
     </span>
     <span class='ocr_line' id='line_1_34' title="bbox 148 2543 730 2582; baseline -0.012 0"><span class='ocrx_word' id='word_1_328' title='bbox 148 2548 272 2582; x_wconf 78' lang='lat' dir='ltr'><strong>deesse.</strong></span> <span class='ocrx_word' id='word_1_329' title='bbox 296 2563 337 2569; x_wconf 85' lang='lat'><strong>--</strong></span> <span class='ocrx_word' id='word_1_330' title='bbox 354 2544 369 2568; x_wconf 87' lang='lat'><em>5</em></span> <span class='ocrx_word' id='word_1_331' title='bbox 388 2545 495 2577; x_wconf 80' lang='lat' dir='ltr'><strong>Florus</strong></span> <span class='ocrx_word' id='word_1_332' title='bbox 518 2543 558 2577; x_wconf 86' lang='lat' dir='ltr'><strong>ad</strong></span> <span class='ocrx_word' id='word_1_333' title='bbox 576 2546 667 2576; x_wconf 75' lang='lat' dir='ltr'><strong>nom.</strong></span> <span class='ocrx_word' id='word_1_334' title='bbox 684 2553 730 2576; x_wconf 86' lang='lat'>111.</span> 
     </span>
    </p>
   </div>
  </div>
 </body>
</html>
