1898 3178
415 183 497 223 224
852 192 884 221 s.
922 192 1152 221 AL'GUSTIrss
1185 194 1365 221 Eriscom

412 261 488 306 sed
508 295 518 315 ,
547 277 568 302 «
594 260 805 318 Percipite
834 273 1042 316 regnum,
1077 259 1179 319 quia
1211 258 1389 312 esurivi,
1421 266 1464 301 et
1493 257 1669 302 dedistis
1691 258 1797 302 mihi

416 349 436 372 »
472 330 749 374 manducare.
779 346 799 369 »
831 330 1056 380 Quantum
1089 330 1173 374 hoc
1202 327 1397 384 excellit,
1436 328 1614 389 quando
1641 338 1798 374 caetera

416 402 563 455 tacuit,
582 409 624 443 et
650 400 732 443 hoc
752 397 890 443 solum
912 398 1122 444 Dominus
1137 400 1409 444 nominavit?
1428 402 1593 444 Rursus
1607 399 1663 443 ad
1682 398 1795 454 illos,

418 492 436 512 «
474 475 537 515 Ite
558 471 603 514 in
633 469 779 529 ignem
800 478 1014 513 aeternum
1030 505 1040 525 ,
1070 471 1148 530 qui
1174 479 1440 530 praeparatus
1470 479 1533 515 est
1555 469 1733 515 diabolo
1755 478 1799 514 et

416 562 434 582 υ
471 539 632 600 angelis
654 540 758 599 ejus.
786 558 805 581 »
833 543 975 594 Quam
998 540 1135 585 multa
1161 550 1305 601 posset
1332 541 1377 584 in
1397 540 1553 600 impios
1571 539 1716 585 dicere
1732 575 1744 596 ,
1765 541 1800 584 si
1868 581 1869 587 ,

411 619 659 671 quaererent
678 645 689 666 ‚
710 613 853 664 Quare
867 611 978 655 imus
999 611 1045 656 in
1067 613 1213 670 iguem
1235 613 1480 656 aeternum?
1498 614 1658 667 Quare,
1675 626 1800 671 quae-

416 682 470 725 ris
490 681 681 737 adulter,
706 681 948 737 homicida,
972 682 1199 727 fraudator
1215 717 1226 738 ‚
1263 681 1469 741 sacrilege
1485 717 1495 737 ,
1523 681 1800 742 blasphema·
1866 672 1869 728 ἶ

418 763 507 808 tor,
530 752 715 798 infidelis
731 755 749 798 P
768 753 886 799 Nihil
908 755 1065 798 horum
1094 774 1102 799 ε
1129 753 1204 798 sed
1221 788 1232 808 ‚
1262 772 1282 795 «
1306 753 1418 806 Quia
1436 753 1622 808 esurivi,
1650 762 1695 797 et
1711 768 1803 798 non
1867 757 1868 760 ’

419 846 437 867 »
475 825 652 870 dedistis
673 826 783 870 mihi
806 825 1085 870 manducare.
1114 845 1133 867 »
1866 862 1867 865 ,

457 896 656 941 X.Vide0
670 912 745 941 vos
758 897 935 952 moveri,
946 897 1056 941 sicut
1071 899 1327 941 moveor.Et
1341 911 1441 941 vere
1455 896 1561 941 mira
1577 897 1749 956 res.Huj
1757 911 1805 940 us
1866 907 1867 930 1

416 977 564 1012 autem
580 967 845 1012 admirabilis
858 968 919 1011 rei
931 968 1141 1012 rationem
1156 966 1312 1025 colligo
1324 976 1373 1010 ut
1383 981 1715 1027 possum‚quam
1728 981 1805 1011 vos
1865 972 1868 1027 ζ

418 1054 506 1082 non
529 1037 695 1082 celabo.
726 1038 946 1097 Scriptum
968 1047 1032 1082 est
1053 1057 1061 1082 ε
1088 1057 1106 1079 «
1136 1038 1256 1083 Sicut
1278 1053 1391 1098 aqua
1410 1038 1623 1097 extinguit
1639 1038 1802 1097 ignem,
1864 1051 1866 1062 ’

422 1128 440 1149 »
476 1109 535 1153 sic
558 1108 833 1166 eleemosyna
863 1109 1077 1168 extinguit
1106 1111 1378 1168 peccatuml.
1409 1112 1559 1153 »Item
1595 1108 1807 1168 scriptum
1864 1096 1866 1124 ³

418 1191 511 1225 est:
538 1200 556 1222 «
584 1179 767 1224 Include
800 1180 1120 1238 eleemosynam
1152 1182 1197 1224 in
1221 1181 1352 1226 corde
1382 1181 1585 1241 pauperis
1604 1216 1615 1236 ,
1651 1189 1695 1225 et
1715 1181 1808 1240 ipsa
1864 1221 1865 1227 ,

421 1270 440 1292 »
477 1267 556 1310 pro
579 1260 620 1295 te
651 1249 958 1310 deprecabitur
984 1251 1261 1295 Dominum2.
1290 1269 1310 1292 »
1339 1254 1448 1295 Item
1472 1252 1682 1310 scriptum
1704 1259 1768 1294 est
1795 1269 1804 1295 ε
1863 1250 1865 1260 “

423 1343 442 1364 «
477 1322 720 1367 Consilium
739 1337 884 1366 meum
908 1322 1026 1377 audi,
1051 1338 1122 1366 rex
1139 1357 1149 1377 ,
1170 1331 1213 1366 et
1230 1331 1405 1382 peccata
1433 1332 1505 1366 tua
1523 1322 1808 1377 eleemosynis

423 1412 441 1434 »
479 1393 716 1436 redime3.»
730 1395 786 1437 Et
802 1391 884 1436 alia
902 1392 1040 1437 multa
1061 1402 1164 1437 sunt
1182 1391 1318 1437 divini
1340 1393 1503 1453 eloquii
1525 1393 1805 1448 documenta,

419 1465 580 1524 quibus
599 1465 843 1508 ostenditur
869 1464 1059 1508 multum
1083 1464 1224 1508 valere
1247 1464 1568 1522 eleemosynam
1590 1464 1645 1508 ad
1665 1464 1808 1509 extin-

420 1535 592 1594 guenda
609 1544 651 1579 et
668 1534 854 1579 delenda
872 1545 1064 1594 peccata.
1078 1534 1266 1579 Proinde
1288 1534 1372 1580 illis
1395 1550 1504 1595 quos
1522 1535 1808 1580 damnaturus

420 1617 507 1661 cst,
535 1607 622 1650 imo
642 1605 739 1665 plus
766 1605 850 1650 illis
872 1622 981 1666 quos
1004 1616 1290 1651 coronaturus
1313 1616 1400 1661 est,
1427 1607 1537 1652 solas
1569 1606 1809 1664 eleemosy-

421 1694 495 1722 nas
524 1677 784 1736 imputabit,
823 1686 1029 1737 tanquam
1059 1678 1232 1721 dicens:
1260 1677 1444 1722 Difficile
1462 1687 1526 1722 est
1545 1712 1555 1732 ‚
1581 1686 1632 1721 ut
1650 1678 1684 1722 si
1707 1693 1808 1722 exa-

420 1750 580 1792 minem
616 1763 690 1792 vos
724 1757 767 1791 et
801 1747 1045 1807 appendam
1074 1763 1174 1802 vos,
1218 1757 1261 1792 et
1283 1757 1448 1792 scruter
1485 1747 1808 1808 diligentissime

421 1818 534 1863 facta
556 1828 693 1862 vestra
711 1853 725 1872 ‚
745 1833 835 1862 non
856 1818 1075 1862 inveniam
1096 1817 1215 1862 unde
1235 1833 1310 1863 vos
1326 1818 1528 1862 damnem
1552 1837 1561 1862 :
1581 1818 1673 1873 sed,
1698 1838 1718 1861 «
1745 1821 1809 1862 Ite

425 1909 443 1930 »
480 1889 525 1932 in
549 1903 731 1947 regnum
749 1909 760 1945 3
785 1888 940 1931 esurivi
957 1888 1089 1942 enim,
1105 1897 1148 1931 et
1170 1887 1345 1931 dedistis
1367 1887 1474 1931 mihi
1496 1888 1805 1933 manducarem

422 1963 518 2005 Non
540 1975 643 2018 ergo
665 1959 734 2003 itis
764 1959 809 2002 in
832 1974 1037 2017 regnum,
1072 1959 1175 2018 quia
1208 1974 1298 2002 non
1331 1959 1537 2018 peccastis
1563 1959 1673 2004 :sed
1707 1959 1810 2020 quia
1858 1947 1880 2003 i

424 2039 564 2075 vestra
586 2038 762 2089 peccata
777 2028 1059 2086 eleemosynis
1074 2028 1329 2072 redemistis.
1343 2032 1507 2074 Rursus
1526 2039 1570 2074 et
1585 2029 1690 2076 illis:
1710 2050 1730 2073 «
1748 2034 1812 2076 Ite
1857 2023 1860 2064 ἕ
1878 2045 1880 2050 ·

429 2120 448 2141 n
484 2101 529 2144 in
559 2101 705 2159 ignem
725 2108 939 2143 aeternum
958 2134 968 2154 ‚
1005 2099 1081 2158 qui
1104 2107 1277 2157 paratus
1300 2108 1363 2143 est
1385 2099 1561 2145 diabolo
1585 2108 1628 2145 et
1650 2100 1811 2160 angelis

432 2190 450 2212 »
486 2172 592 2230 ejus.
618 2188 638 2211 »
663 2175 714 2213 Et
735 2169 798 2213 illi
822 2178 1031 2229 tanquam
1053 2169 1184 2222 noxii,
1210 2168 1313 2212 olim
1336 2170 1423 2224 rei,
1449 2185 1542 2216 sero
1559 2180 1808 2226 trementes,

428 2240 699 2286 attendentes
720 2249 899 2299 peccata
921 2255 997 2283 sua
1014 2275 1024 2294 ‚
1049 2239 1225 2299 quando
1249 2240 1459 2285 auderent
1476 2242 1635 2298 dicere,
1656 2243 1810 2286 imme-
1856 2257 1859 2262 ’

429 2313 509 2356 rito
525 2328 568 2355 se
582 2311 794 2366 damnari,
810 2312 1024 2355 immerito
1046 2311 1090 2354 in
1111 2326 1155 2354 se
1174 2311 1286 2355 hanc
1304 2311 1501 2371 depromi
1521 2313 1703 2373 ajudice
1727 2323 1810 2358 tam
1854 2347 1857 2371 ἴ

424 2384 542 2441 justo
562 2382 853 2426 seutentiam?
874 2381 1200 2426 Considerando
1217 2382 1499 2428 conscientias
1520 2400 1617 2428 suas
1634 2419 1645 2440 ,
1667 2385 1810 2439 consi-
1854 2382 1857 2428 Ϊ

431 2450 625 2496 dei-ando
642 2453 787 2497 omnia
803 2452 985 2498 vulnera
1006 2452 1162 2496 animae
1185 2468 1297 2509 suae,
1318 2453 1494 2514 quando
1516 2456 1727 2501 auderent
1748 2455 1809 2501 di·

476 2543 481 2558 ¹
502 2536 606 2568 Eccli.
628 2547 676 2574 iii,
694 2536 748 2569 33.
775 2554 812 2560 --
836 2545 846 2561 ²
865 2538 910 2570 Id.
932 2549 1019 2577 xxix,
1045 2537 1093 2569 15.
1118 2554 1155 2560 --
1179 2536 1192 2560 3
1212 2541 1288 2570 Dan.
1312 2538 1430 2580 1v724.
