1898 3178
359 193 442 232 396
794 200 827 230 S.
863 201 1092 230 AUGUSTINI
1124 201 1304 230 ems-:01²1

357 270 426 313 illa
451 278 736 329 conceperat:
763 269 865 329 quia
889 267 1109 327 gravidam
1144 276 1331 311 senserat
1349 301 1360 322 ,
1392 276 1435 311 et
1464 282 1507 310 se
1530 266 1585 311 ad
1615 266 1734 311 illam

355 355 443 384 non
475 340 693 384 accessisse
727 347 921 383 noverat.
961 338 1168 382 Restabat
1198 338 1346 397 itaque
1381 345 1498 381 certa
1532 335 1734 380 adulterii

355 410 568 470 suspicio:
602 418 645 452 et
672 417 816 453 tamen
848 408 950 469 quia
980 409 1070 468 ipse
1102 408 1217 453 solus
1247 417 1458 463 senserat,
1497 407 1589 466 ipse
1619 405 1736 450 solus

354 480 536 534 sciebat,
562 479 670 539 quid
686 478 740 522 de
757 478 833 523 illo
851 480 910 524 ait
931 478 1241 537 Evangelium?
1263 497 1282 519 «
1294 479 1454 537 Joseph
1472 486 1618 521 autem
1634 491 1736 521 cum

356 568 376 591 »
402 559 510 595 esset
531 548 595 594 vir
611 550 770 609 justus,
793 558 836 593 et
857 549 995 594 nollet
1016 564 1110 593 eam
1132 547 1355 606 divulgare
1370 550 1399 591 ¹.
1414 565 1434 589 »
1452 548 1596 592 Mariti
1611 546 1737 591 dolor

353 635 442 665 non
463 618 695 663 vindictam
729 620 928 679 quaesivit
959 639 967 665 ε
992 619 1144 664 Voluit
1171 617 1372 677 prodesse
1402 618 1620 676 peccanti,
1645 631 1736 662 non

351 691 506 750 punire
526 699 794 750 peccantem.
817 709 838 734 «
863 693 992 746 Cum,
1017 690 1182 750 inquit,
1209 687 1346 734 nollet
1368 703 1463 732 eam
1485 688 1733 747 divulgare,

357 781 374 801 »
401 761 541 805 voluit
563 776 658 805 eam
680 760 850 806 occulte
882 761 1112 805 dimittere.
1144 762 1249 804 Haec
1275 774 1326 804 eo
1359 760 1601 817 cogitante,
1636 772 1736 802 ecce

353 850 374 872 »
402 831 594 891 Angelus
617 832 790 877 Domini
823 832 1022 892 apparuit
1057 831 1095 874 ei
1128 830 1173 874 in
1201 830 1387 882 somnis3
1414 848 1436 872 η
1466 839 1509 874 et
1531 828 1737 873 indicavit

351 901 458 963 quid
480 911 609 947 esset:
635 903 736 963 quia
759 918 846 948 non
869 902 1045 948 violavit
1064 901 1144 946 viri
1167 902 1362 957 thorum,
1382 901 1485 962 quia
1500 899 1554 945 de
1574 900 1737 960 Spiritu

351 982 500 1018 sancto
524 983 782 1033 conceperat
802 975 1036 1018 Dominum
1060 973 1304 1017 amborum.
1333 971 1533 1016 Peccavit
1555 986 1658 1029 ergo
1689 970 1736 1013 in

352 1051 394 1087 te
409 1042 543 1087 frater
566 1053 690 1101 tuus,
710 1044 744 1088 si
761 1053 810 1088 tu
827 1044 943 1088 solus
962 1044 1097 1098 nosti,
1118 1052 1224 1088 tunc
1240 1058 1340 1088 vere
1358 1042 1404 1086 in
1423 1051 1467 1087 te
1484 1041 1624 1086 solum
1641 1055 1738 1100 pec-

350 1114 476 1157 cavit.
497 1115 606 1158 Nam
629 1114 664 1156 si
684 1113 833 1157 multis
857 1113 1135 1159 audientibus
1150 1114 1230 1158 tibi
1251 1113 1355 1158 fecit
1376 1112 1602 1172 injuriam,
1627 1120 1672 1156 et
1691 1111 1737 1155 in

348 1183 444 1228 illos
481 1183 698 1243 peccavit,
738 1198 846 1242 quos
882 1191 1011 1227 testes
1043 1201 1131 1228 suae
1164 1184 1404 1244 iniquitatis
1439 1183 1600 1227 effecit.
1633 1182 1738 1226 Dico

349 1255 464 1297 enim
481 1289 493 1310 ,
520 1253 669 1297 fratres
703 1253 963 1308 charissimi,
990 1251 1111 1312 quod
1143 1261 1186 1296 et
1208 1267 1284 1296 vos
1312 1254 1390 1311 ipsi
1421 1253 1466 1294 in
1493 1251 1738 1309 vobisipsis

350 1325 527 1384 potestis
546 1339 793 1383 agnoscere.
815 1323 1003 1378 Quando
1020 1338 1090 1367 me
1109 1322 1335 1377 audiente,
1359 1321 1482 1366 fratri
1503 1337 1601 1366 meo
1623 1322 1738 1381 quis-

349 1411 435 1455 que
456 1396 656 1456 injuriam
679 1394 809 1449 facit,
836 1395 948 1439 absit
968 1404 1018 1439 ut
1040 1411 1063 1438 a
1082 1409 1151 1438 me
1173 1394 1375 1454 injuriam
1400 1393 1520 1437 illam
1553 1393 1737 1437 alienam

348 1476 515 1527 putem.
542 1471 720 1511 Prorsus
737 1475 781 1511 et
802 1467 909 1510 mihi
932 1466 1036 1511 fecit
1059 1481 1068 1507 ε
1095 1466 1182 1510 imo
1207 1475 1252 1510 et
1271 1465 1379 1509 mihi
1400 1465 1498 1524 plus
1517 1464 1642 1520 fecit,
1666 1464 1737 1508 cui

348 1538 517 1597 putavit
539 1536 708 1596 placere
725 1535 844 1596 quod
867 1537 984 1581 tecit.
1010 1539 1127 1594 Ergo
1144 1536 1236 1594 ipsa
1259 1533 1532 1594 corripienda
1549 1544 1652 1579 sunt
1667 1550 1738 1580 co-

349 1623 440 1651 ram
459 1608 676 1661 omnibus,
697 1622 796 1666 quae
817 1615 1054 1665 peccantur
1068 1620 1214 1650 coram
1237 1605 1439 1650 omnibus
1459 1623 1467 1649 ε
1485 1605 1576 1664 ipsa
1600 1605 1738 1650 corri-

351 1677 509 1737 pienda
526 1686 628 1721 sunt
643 1677 862 1732 secretius,
877 1692 978 1737 quae
995 1685 1230 1736 peccantur
1243 1675 1463 1720 secretius.
1487 1675 1737 1721 Distribuitc

350 1758 569 1807 tempora,
594 1756 638 1791 et
659 1746 895 1792 concordat
920 1746 1155 1805 Scriptura.

407 1820 485 1862 XI.
506 1818 576 1863 Sic
588 1832 778 1876 agamus,
801 1827 844 1862 et
865 1818 923 1861 sic
945 1815 1164 1875 agendum
1184 1824 1262 1870 est,
1284 1831 1374 1860 non
1395 1815 1535 1859 solum
1558 1815 1737 1875 quando

350 1889 393 1931 in
411 1903 487 1932 nos
501 1898 724 1947 peccatur,
748 1887 823 1932 sed
845 1885 1022 1947 quando
1040 1894 1244 1945 peccatur
1262 1886 1317 1929 ab
1339 1884 1485 1945 aliquo
1499 1920 1511 1941 ,
1535 1895 1586 1930 ut
1607 1886 1662 1930 ab
1678 1886 1736 1930 al-

349 1966 441 2002 tero
462 1958 692 2002 nesciatur.
730 1961 781 2001 In
802 1966 968 2002 secreto
997 1955 1209 1999 debemus
1230 1955 1468 2014 corripere,
1500 1956 1545 1999 in
1571 1964 1736 2000 secreto

350 2043 551 2087 arguere3
566 2044 622 2072 ne
638 2027 833 2073 volentes
846 2026 1021 2087 publice
1034 2040 1229 2084 arguere,
1246 2025 1482 2084 prodamus
1495 2026 1732 2072 hominem.

350 2101 435 2144 Nos
447 2099 648 2144 volumus
661 2099 876 2158 corripere
894 2106 935 2141 et
948 2097 1161 2155 corrigere
1175 2111 1183 2136 ε
1197 2095 1305 2155 quid
1318 2097 1351 2140 si
1365 2096 1566 2141 inimicus
1579 2097 1736 2156 quaerit

351 2169 500 2213 audire
518 2168 639 2229 quod
658 2169 840 2228 puniat?
861 2167 989 2212 Novit
1012 2166 1126 2210 enim
1150 2166 1295 2210 nescio
1317 2181 1449 2226 quem
1472 2166 1735 2211 homicidam

352 2238 604 2298 episcopus,
636 2248 679 2283 et
713 2238 819 2282 alius
842 2236 966 2281 illum
988 2250 1117 2279 nemo
1145 2236 1280 2280 novit.
1314 2239 1408 2295 Ego
1429 2237 1529 2281 volo
1554 2235 1734 2295 publice

352 2309 589 2367 corripere,
608 2317 651 2352 at
668 2317 717 2352 tu
737 2307 895 2368 quaeris
912 2305 1158 2350 inscribere.
1184 2308 1363 2350 Prorsus
1385 2321 1465 2350 nec
1482 2307 1636 2365 prodo,
1653 2321 1734 2351 nec

354 2377 545 2436 negligo:
559 2378 745 2438 corripio
758 2379 802 2422 in
819 2385 1000 2430 secreto,
1011 2390 1128 2434 pono
1143 2384 1242 2418 ante
1255 2375 1403 2420 oculos
1417 2376 1492 2419 Dei
1498 2375 1731 2434 judicium3

354 2455 492 2491 terreo
521 2458 745 2493 cruentam
773 2445 1109 2502 conscientiam,
1140 2445 1378 2503 persuadeo
1411 2445 1728 2505 poenitentiam.

405 2535 413 2551 ¹
433 2531 544 2563 Matth.
566 2542 589 2572 1,
614 2543 664 2572 ις).

1838 2122 1840 2179 l

1837 2247 1841 2315 i

1837 2427 1840 2508 i
