1898 3178
404 171 485 210 494
832 179 863 206 s.
903 179 1128 206 mensum
1164 181 1345 208 EPISCOPI

401 264 490 291 esse
519 262 606 291 non
641 261 893 305 possumus3
917 245 1017 304 quia
1052 245 1124 289 ille
1147 255 1328 301 creator,
1355 260 1432 289 uos
1461 253 1684 300 creatura,
1709 244 1781 287 ille

400 319 594 373 effector,
628 332 704 361 nos
735 316 868 372 facti3
897 315 969 359 ille
992 315 1209 371 conditor,
1234 332 1311 360 nos
1334 314 1521 371 conditi3
1547 314 1621 358 sed
1642 324 1692 358 ut
1713 330 1782 357 es-

402 403 544 431 semus
566 401 665 431 cum
687 385 762 429 illo
777 400 915 429 unum
937 385 982 428 in
1003 385 1110 440 illo,
1135 395 1267 445 caput
1283 394 1478 429 nostrum
1506 399 1595 428 esse
1615 383 1780 439 voluit,

401 456 651 516 accipiendo
669 470 840 500 carnem
862 471 913 498 ex
935 455 1060 500 nobis
1073 490 1084 511 ,
1102 456 1147 499 in
1165 471 1252 515 qua
1274 464 1517 499 moreretur
1535 469 1614 514 pro
1631 454 1754 498 nobis
1771 469 1781 494 :

402 538 450 572 ut
473 526 679 571 noveritis
709 541 811 585 ergo
834 526 934 586 quia
957 527 1040 571 hoc
1069 536 1212 571 totum
1236 541 1348 570 unus
1371 535 1434 570 est
1457 526 1652 571 Christus
1672 560 1683 579 ,
1711 539 1787 584 per

402 602 555 642 Isa'i'am
595 597 701 642 dixit
727 616 736 641 :
769 616 789 638 «
816 598 935 642 Sicut
968 613 1125 657 sponso
1153 596 1345 655 alligavit
1378 597 1483 640 mihi
1518 596 1690 639 mitram
1708 630 1719 650 ‚
1745 604 1788 639 et

403 687 422 709 »
449 668 561 712 sicut
577 667 1017 726 sponsaminduitme
1033 668 1471 725 ornament01»1pse
1482 680 1683 725 sponsus
1698 665 1788 725 ipse

399 754 569 811 sponsa
596 741 691 798 Ipse
713 737 843 797 plane
865 753 1046 797 sponsus
1074 738 1119 781 in
1141 737 1310 796 capite,
1343 752 1498 796 sponsa
1520 736 1567 779 iu
1588 750 1784 795 corpore.

402 828 422 851 »
449 812 592 854 Erunt
608 809 748 863 enim,
772 808 938 868 inquit,
959 809 1110 853 duom
1132 823 1261 852 came
1284 823 1399 852 una·
1416 816 1459 851 et
1476 822 1565 852 non
1575 821 1665 867 Jam
1680 805 1784 861 duo,

403 898 423 922 »
447 880 524 925 sed
539 896 626 924 una
652 896 752 925 caro
775 890 853 924 est.
878 898 897 921 »

461 953 537 995 IX.
575 954 729 1011 Itaque
751 949 806 995 ad
828 950 1024 994 membra
1055 949 1189 1009 ipsius
1217 949 1510 1008 pertinentes,
1543 957 1592 992 ut
1612 949 1696 992 hoc
1718 963 1789 992 sa-

402 1033 674 1066 cramentum
698 1021 993 1080 intelligamus
1011 1056 1022 1074 ,
1047 1030 1096 1065 ut
1125 1022 1233 1076 dixi,
1272 1020 1449 1071 fratres3
1476 1020 1545 1080 pie
1569 1020 1785 1074 vivamus,

401 1095 540 1136 Deum
563 1093 692 1150 gratis
719 1090 966 1150 diligamus.
992 1094 1088 1151 Ipse
1111 1100 1258 1136 autem
1288 1091 1363 1150 qui
1385 1089 1574 1134 ostendit
1596 1089 1789 1149 peregri-

401 1163 606 1206 nantibus
640 1161 825 1206 formam
864 1162 1002 1215 servi,
1040 1171 1181 1206 servat
1215 1161 1570 1220 pervenientibus
1604 1158 1790 1204 formam

402 1235 492 1277 Dei.
516 1237 577 1277 De
600 1232 740 1277 forma
770 1233 880 1277 servi
901 1233 1051 1277 stravit
1069 1234 1204 1288 viam,
1241 1232 1296 1276 de
1318 1231 1457 1276 forma
1487 1231 1562 1275 Dei
1593 1229 1790 1274 condidit

400 1304 599 1362 patriam.
635 1304 743 1356 Quia
775 1319 878 1361 ergo
912 1303 1098 1347 multum
1122 1312 1184 1347 est
1207 1304 1260 1346 ad
1285 1318 1362 1346 nos
1393 1317 1546 1361 capere
1569 1302 1677 1355 hoc,
1713 1298 1788 1343 sed

401 1390 490 1418 non
512 1384 576 1418 est
593 1374 781 1417 multum
804 1373 978 1416 credere
1000 1375 1084 1415 hoc
1105 1392 1113 1415 ;
1143 1390 1160 1411 «
1179 1374 1268 1415 Nisi
1291 1374 1403 1414 enim
1423 1370 1704 1424 credideritis,
1729 1370 1789 1413 ait

402 1463 422 1485 »
450 1448 603 1498 Isa'ias,
629 1459 718 1488 non
741 1442 1016 1500 intelligetis‘2
1039 1457 1046 1483 z
1070 1460 1089 1482 »
1112 1441 1388 1485 ambulemus
1403 1457 1479 1500 per
1494 1441 1625 1484 fidem
1647 1455 1788 1500 quan-

400 1514 476 1556 diu
498 1514 823 1571 peregrinamur
841 1528 862 1554 a
889 1513 1072 1556 Domino
1087 1546 1098 1566 ,
1124 1511 1264 1555 donec
1293 1511 1593 1570 perveniamus
1615 1509 1669 1554 ad
1692 1525 1788 1569 spe·

399 1583 509 1627 ciem
524 1617 535 1636 ,
572 1583 650 1625 ubi
681 1581 926 1625 videbimus
961 1581 1070 1625 facie
1093 1581 1148 1626 ad
1171 1581 1325 1626 faciem
1342 1583 1374 1626 3.
1401 1581 1687 1627 Ambulantes
1709 1596 1787 1640 per

399 1653 530 1698 fidem
546 1688 556 1707 ,
583 1653 694 1696 bene
717 1668 962 1711 operemur.
992 1656 1042 1696 ln
1061 1653 1184 1697 bonis
1213 1653 1417 1712 operibus
1434 1652 1620 1711 gratuita
1642 1652 1696 1696 sit
1716 1651 1786 1695 di-

399 1724 527 1768 lectio
549 1724 652 1778 Dei,
681 1723 874 1767 benefica
907 1724 962 1767 sit
987 1722 1163 1771 dilectio
1186 1724 1382 1783 proximi.
1409 1727 1500 1768 Deo
1528 1724 1642 1769 enim
1666 1721 1786 1782 quod

399 1803 650 1853 praestemus
665 1809 753 1838 non
768 1794 999 1838 habemus:
1019 1795 1093 1838 sed
1109 1795 1210 1853 quia
1227 1794 1423 1851 proximo
1436 1793 1648 1834 habemus
1663 1791 1785 1850 quod

398 1874 651 1923 praestemus
668 1900 678 1919 ,
715 1864 961 1920 praestando
1002 1861 1213 1918 indigenti
1252 1861 1597 1920 promerebimur
1639 1861 1782 1905 abun-

398 1935 589 1977 dantem.
626 1930 733 1974 Inde
764 1932 1065 1991 unusquisque
1087 1931 1206 1990 quod
1239 1932 1392 1985 habet,
1430 1940 1605 1990 praestet
1626 1932 1779 1977 alteri:

398 2001 615 2062 quidquid
644 2000 740 2060 plus
768 2000 924 2056 habet,
947 2000 1154 2059 largiatur
1182 2001 1315 2060 inopi.
1349 2001 1469 2044 Alius
1490 2002 1622 2045 habet
1647 2017 1781 2061 pecu·
1832 1986 1835 1997 Ι

399 2074 514 2117 niam
540 2092 548 2117 2
574 2081 719 2131 pascat
742 2087 975 2130 pauperem
995 2107 1005 2126 ,
1033 2072 1186 2115 vestiat
1213 2072 1383 2115 nudum
1399 2107 1409 2126 ,
1435 2072 1621 2116 aedificet
1639 2073 1781 2117 eccle-

399 2144 528 2198 siam,
565 2151 768 2202 operetur
795 2142 849 2186 de
877 2143 1062 2202 pecunia
1094 2143 1309 2203 quidquid
1333 2143 1437 2187 boni
1471 2152 1623 2201 potest.
1659 2143 1779 2188 Alius

398 2214 531 2258 habet
551 2213 778 2257 consilium
802 2232 810 2256 :
837 2222 957 2271 regat
976 2213 1218 2271 proximum
1235 2248 1246 2268 ,
1271 2212 1405 2273 pellat
1426 2215 1625 2258 tenebras
1647 2213 1778 2257 dubi·
1815 2255 1826 2262 „

398 2283 570 2328 tationis
590 2283 687 2327 luce
715 2283 899 2341 pietatis.
933 2282 1054 2326 Alius
1082 2283 1214 2326 habet
1248 2282 1488 2327 doctrinam
1515 2299 1523 2324 :
1549 2293 1697 2343 eroget
1722 2283 1777 2328 de

397 2353 570 2397 cellario
605 2352 804 2407 Domini,
842 2353 1055 2397 ministret
1088 2354 1302 2398 conservis
1339 2354 1520 2409 cibaria,
1560 2354 1778 2400 confortet

398 2422 566 2479 fideles,
591 2432 763 2467 revocet
787 2432 997 2479 errantes,
1033 2433 1199 2482 quaerat
1221 2423 1433 2483 perditos,
1459 2433 1672 2484 quantum
1696 2440 1778 2484 po-

444 2513 455 2527 ¹
476 2509 631 2549 Isai.1.xi,
655 2519 702 2541 ιο.
724 2524 766 2530 --
792 2507 870 2540 21d.
891 2519 945 2549 vn,
963 2518 995 2551 9.
1017 2524 1052 2531 —
1075 2506 1088 2530 3
1104 2517 1122 2540 2
1141 2511 1213 2541 Cor.
1236 2519 1268 2550 v,
1286 2508 1364 2552 6,7.
