1898 3178
402 247 484 287 420
832 253 866 282 s.
902 253 1134 284 tineosum
1167 255 1348 284 EPISCOPI

399 322 643 369 tendebatis
656 322 701 366 in
715 330 842 365 terra.
862 320 1075 366 Idoneum
1089 321 1259 367 habetis
1277 321 1323 365 in
1335 320 1465 366 coelo.
1487 323 1603 378 Ego,
1617 320 1775 380 inquit,

397 394 565 453 accepi,
586 407 666 451 ego
688 391 884 437 reddam.

457 467 510 507 V.
536 466 592 508 Et
619 462 726 522 quid
748 462 922 522 accepi?
943 462 1050 522 quid
1082 462 1249 507 reddo?
1287 481 1307 504 «
1328 461 1521 516 Esurivi,
1547 461 1711 521 inquit,
1737 469 1781 506 et

401 556 419 577 »
445 533 620 578 dedistis
648 533 755 577 mihi
773 532 1064 589 manducare,
1097 542 1140 578 et
1162 541 1334 578 caetera.
1361 551 1380 573 »
1409 535 1583 576 Terram
1607 532 1777 591 accepi,

396 604 558 650 coelum
581 603 696 649 dabo
721 623 729 649 :
754 604 1009 665 temporalia
1031 605 1176 664 accepi
1195 639 1206 657 ,
1233 613 1397 647 aeterna
1419 604 1643 647 restituam
1665 622 1674 647 ε
1699 608 1780 662 Ρειέ-

396 690 497 719 nem
515 675 682 733 accepi,
703 675 837 719 vitam
858 674 988 720 dabo.
1011 678 1105 720 Imo
1128 674 1259 718 etiam
1277 674 1361 718 hoc
1378 673 1573 718 dicamus
1592 689 1600 714 z
1621 676 1782 717 Panem

395 745 570 805 accepi,
595 760 755 805 panem
777 744 893 790 dabo
920 765 929 791 ι
955 755 1109 806 potum
1131 745 1302 804 accepi,
1328 753 1482 803 potum
1506 743 1622 789 dabo
1645 762 1654 788 :
1677 744 1781 787 hos-

395 816 552 875 pitium
572 816 743 876 accepi,
761 815 942 861 domum
962 816 1100 860 dabo:
1122 830 1236 874 aeger
1252 814 1448 859 visitatus
1466 829 1578 869 sum,
1598 812 1782 858 salutem

395 884 512 930 dabo
548 901 556 926 ε
599 886 645 930 in
677 901 849 931 carcere
879 887 992 931 visus
1029 901 1125 931 sum
1141 920 1151 940 ‚
1192 884 1441 930 libertatem
1478 884 1607 930 dabo.
1656 883 1782 928 Panis

396 972 529 1016 quem
561 956 737 1002 dedistis
770 958 1034 1018 pauperibus
1057 958 1162 1001 meis
1180 991 1191 1012 ,
1227 965 1509 1016 consumptus
1532 965 1596 1000 est
1619 975 1628 1000 ι
1662 954 1783 1014 panis

395 1043 526 1087 quem
548 1043 628 1087 ego
651 1027 765 1073 dabo
780 1064 790 1084 ‚
817 1038 860 1073 et
877 1029 1014 1073 reficit
1029 1063 1040 1083 ,
1065 1037 1108 1073 et
1129 1043 1220 1073 non
1243 1028 1403 1072 deficit.
1430 1030 1512 1072 Det
1533 1041 1634 1084 ergo
1657 1025 1783 1070 nobis

395 1114 552 1157 panem
570 1133 582 1154 ‚
602 1100 725 1157 panis
746 1099 819 1143 ille
839 1101 915 1159 qui
934 1099 988 1143 de
1005 1098 1119 1144 coelo
1140 1099 1378 1143 descendit.
1399 1100 1512 1144 Cum
1532 1112 1690 1157 panem
1710 1096 1784 1141 da-

395 1168 460 1212 bit
477 1203 487 1223 ‚
513 1184 556 1213 se
577 1169 718 1228 ipsum
736 1169 874 1213 dabit.
900 1169 1017 1222 Quid
1039 1169 1156 1213 enim
1177 1169 1376 1224 volebas,
1401 1168 1578 1227 quando
1595 1166 1785 1211 foenera-

393 1240 500 1283 bas‘?
521 1242 731 1286 Nummos
753 1239 877 1294 dare,
910 1249 953 1284 et
976 1255 1178 1284 nummos
1201 1240 1395 1298 accipere
1421 1255 1429 1280 :
1463 1238 1538 1283 sed
1561 1238 1785 1298 pauciores

394 1308 498 1353 dare
513 1344 524 1365 ,
549 1310 694 1369 plures
717 1309 925 1368 accipere.
947 1312 1040 1367 Ego
1058 1310 1161 1364 tibi,
1187 1309 1331 1369 inquit
1349 1312 1462 1353 Deus
1478 1343 1490 1363 ‚
1516 1308 1663 1353 omnia
1684 1323 1784 1367 quae

396 1378 580 1435 dedisti,
605 1380 652 1423 in
672 1379 826 1423 melius
858 1380 1158 1424 commutabo.
1187 1379 1230 1423 Si
1255 1380 1371 1422 enim
1394 1379 1517 1422 dares
1539 1378 1692 1422 libram
1716 1393 1786 1422 ar-

397 1449 515 1507 genti
542 1457 584 1493 et
606 1449 816 1508 reciperes
838 1448 996 1493 libram
1028 1449 1121 1493 auri
1136 1483 1147 1504 ‚
1173 1457 1339 1509 quanto
1362 1449 1571 1507 capereris
1595 1447 1784 1506 gaudio?
1885 1503 1887 1508 1

398 1520 567 1579 Inspice
585 1554 596 1574 ,
616 1528 660 1563 et
680 1519 899 1578 interroga
922 1520 1143 1564 avaritiam
1170 1538 1179 1563 ι
1205 1519 1382 1562 Libram
1405 1519 1571 1577 argenti
1588 1518 1708 1574 dedi,
1730 1518 1784 1562 li-
1846 1516 1847 1521 ’
1896 1518 1898 1520 ’

397 1590 522 1635 bram
545 1591 638 1634 auri
661 1591 834 1649 recipio.
856 1590 973 1642 Quid
991 1590 1128 1634 simile
1143 1598 1370 1647 argentum
1389 1598 1432 1633 et
1449 1591 1630 1634 aurum?
1646 1590 1784 1649 Magis

398 1677 501 1720 ergo
518 1696 528 1716 ‚
549 1662 655 1721 quid
679 1660 817 1704 simile
840 1670 951 1705 terra
974 1670 1016 1705 et
1039 1660 1300 1705 coelumPEt
1319 1675 1474 1705 aurum
1496 1670 1538 1705 et
1555 1670 1783 1720 argentum
1844 1673 1846 1682 ’

397 1732 468 1775 hic
490 1747 580 1775 eras
599 1730 852 1774 relicturus:
876 1739 926 1774 tu
946 1739 1092 1774 autem
1109 1730 1180 1774 hic
1195 1745 1284 1775 non
1306 1740 1517 1789 perpetuo
1534 1745 1778 1775 mansurus.
1842 1744 1843 1752 ¹

398 1804 455 1846 Et
473 1800 591 1845 aliud
612 1799 727 1845 dabo
741 1835 752 1856 ‚
777 1810 820 1845 et
832 1800 930 1859 plus
949 1800 1088 1855 dabo,
1109 1809 1152 1844 et
1170 1800 1324 1844 melius
1341 1800 1457 1845 dabo
1474 1835 1485 1855 ‚
1507 1809 1550 1845 et
1570 1810 1783 1845 aeternum

398 1872 529 1916 dabo.
559 1872 625 1916 Sic
647 1886 748 1929 ergo
778 1880 1079 1930 compescatur
1104 1871 1280 1915 avaritia
1315 1880 1486 1926 nostra,
1524 1870 1698 1927 fratres,
1734 1881 1783 1917 ut

398 1941 480 1985 alia
504 1956 603 2001 quae
626 1950 773 1985 sancta
794 1950 878 1995 est,
903 1940 1215 1985 inflammetur.
1250 1941 1438 1985 Omnino
1460 1957 1559 2000 quae
1579 1957 1655 1985 vos
1678 1957 1782 2001 pro-

398 2011 520 2055 hibet
535 2027 589 2055 ne
606 2012 719 2055 bene
739 2010 918 2065 faciatis,
937 2010 1049 2055 male
1065 2026 1141 2055 vos
1159 2010 1395 2069 alloquitur
1414 2030 1422 2055 :
1445 2011 1634 2055 dominae
1656 2012 1782 2056 rnalae
1816 2032 1834 2067 ῃ
1875 2013 1878 2015 ’

397 2082 554 2127 servire
573 2081 726 2137 vultis,
747 2097 836 2126 non
858 2090 1138 2140 agnoscentes
1160 2082 1392 2126 Dominum
1418 2082 1600 2126 bonurn.
1626 2085 1683 2126 Et
1704 2082 1784 2127 ali·
1831 2077 1835 2142 Ι
1870 2084 1895 2144 qu

398 2153 576 2212 quando
607 2152 708 2196 duae
739 2151 928 2197 dominae
959 2161 1176 2211 occupant
1202 2167 1302 2207 cor,
1338 2162 1381 2197 et
1412 2168 1584 2198 servum
1615 2152 1780 2198 malum
1844 2155 1898 2185 -ΗΜ

398 2223 581 2283 dignum
601 2225 759 2269 servire
782 2222 941 2267 talibus
956 2258 966 2278 ,
992 2223 1037 2266 in
1058 2222 1225 2268 diversa
1246 2222 1512 2268 discindunt.
1828 2258 1831 2272 ι
1868 2213 1898 2257 mn

455 2297 532 2339 VI,
556 2293 804 2355 Aliquando
826 2293 1047 2353 possident
1068 2294 1290 2338 hominem
1318 2294 1418 2338 duae
1449 2295 1638 2339 dominae
1669 2309 1779 2339 con-
1826 2279 1830 2350 l
1867 2297 1897 2329 Ἣ

400 2365 541 2407 trariae
557 2401 568 2421 ‚
594 2365 770 2410 avaritia
789 2375 833 2409 et
854 2364 1039 2408 luxuria.
1069 2365 1256 2409 Avaritia
1276 2363 1405 2409 dicit:
1433 2366 1587 2421 Serva3
1606 2363 1778 2408 luxuria
1865 2367 1898 2400 ren

400 2434 532 2481 dicit:
551 2440 706 2494 Eroga.
726 2437 815 2482 Sub
836 2435 1007 2480 duabus
1027 2435 1211 2479 dominis
1227 2435 1392 2480 diversa
1404 2435 1678 2494 jubentibus,
1705 2434 1776 2479 di·
1823 2444 1827 2471 4
1862 2424 1897 2498 lflssl

399 2520 519 2551 versa
541 2508 811 2565 exigentibus
830 2543 839 2564 ‚
863 2507 971 2566 quid
995 2507 1190 2551 facturus
1205 2508 1273 2551 es?
1296 2506 1471 2550 Habent
1494 2504 1776 2551 allocutiones
1822 2474 1826 2543 l
1863 2509 1898 2552 4³³³

399 2591 495 2620 suas
512 2577 666 2622 ambae.
693 2580 749 2623 Et
771 2577 947 2637 quando
969 2578 1154 2637 coeperis
1180 2576 1296 2622 nolle
1318 2578 1637 2636 obtemperare,
1668 2585 1710 2620 et
1731 2576 1775 2619 in
1819 2598 1823 2654 j
1862 2582 1896 2615 Ἧι
