1898 3178
361 249 498 277 sunno
530 248 656 286 xtvr,
691 248 745 275 m:
777 246 1027 277 ns'ronums
1056 249 1103 276 m
1134 248 1281 276 Ezzcn.
1456 238 1505 274 11

195 316 251 358 X.
277 315 372 357 Jam
396 311 573 356 audistis
595 311 703 371 quid
723 311 926 370 diligant,
953 311 1099 357 audite
1126 310 1235 373 quid
1255 310 1479 370 negligant
1499 330 1509 356 2

140 403 162 427 «
195 383 320 436 Quod
340 382 563 426 infirmum
580 390 659 437 est,
674 397 762 426 non
786 381 1056 427 confortastis
1073 404 1085 441 ς
1104 392 1147 428 et
1163 381 1284 442 quod
1305 380 1417 425 male
1437 382 1513 425 ha-

139 472 159 496 »
193 452 312 507 buit,
336 467 426 496 non
449 451 785 508 corroborastis,
820 461 863 496 et
892 451 1014 511 quod
1046 451 1386 498 contribulatum
1419 460 1508 506 est,

138 541 160 565 »
192 521 239 566 id
270 530 359 578 est,
379 521 651 567 confractum
671 556 681 573 ,
708 537 798 566 non
820 522 1050 581 colligastis
1068 543 1079 580 3
1105 532 1147 567 et
1169 523 1289 583 quod
1309 522 1482 566 errabat
1497 556 1509 577 ‚

135 611 156 634 »
191 607 280 637 non
302 592 551 649 revocastis,
570 601 614 636 et
640 591 760 651 quod
779 592 923 651 periit,
939 607 1029 636 non
1044 592 1278 651 inquisistis
1296 612 1308 650 3
1333 601 1376 636 et
1392 590 1513 652 quod

93 689 97 694 -
136 679 158 703 »
192 660 303 706 forte
326 661 435 717 fuit,
470 660 738 706 confecistis1
756 696 767 716 ‚
796 680 816 702 n
840 661 887 705 id
908 671 997 717 est,
1029 661 1301 706 interfecistis
1323 671 1366 707 et
1399 661 1514 706 occi·

135 732 270 776 distis.
297 732 525 776 Infirmum
547 733 709 792 quippe
732 733 923 776 animum
947 732 1057 791 gerit
1077 732 1167 777 ovis
1184 767 1194 786 ,
1220 731 1397 792 quando
1414 740 1514 775 ten-

133 803 316 848 tationes
331 802 414 846 sibi
433 801 601 847 futuras
623 818 712 847 non
733 802 884 847 credit.
913 806 1063 847 Pastor
1081 802 1318 862 negligens,
1336 802 1514 862 quando

74 888 82 895 ·
133 873 193 916 sic
219 872 357 916 credit
376 872 472 916 talis
498 872 712 927 infirmus,
730 888 821 917 non
837 872 899 916 illi
921 872 1027 917 dicit
1051 892 1060 917 :
1082 871 1219 927 «Fili,
1236 872 1443 917 accedens
1458 872 1514 916 ad

138 960 156 983 n
191 941 442 986 servitutem
465 942 571 996 Dei,
596 942 676 986 ista
706 943 751 985 in
776 942 942 1002 justitia
967 951 1010 986 et
1037 942 1219 996 timore,
1249 950 1292 985 et
1320 956 1515 1000 praepara

136 1028 156 1053 n
181 1010 369 1054 animam
388 1020 507 1055 tuam
531 1012 586 1055 ad
605 1012 929 1056 tentationem2.
941 1030 960 1053 »
973 1013 1057 1065 Qui
1072 1013 1188 1055 enim
1200 1012 1284 1056 hoc
1301 1011 1512 1071 loquitur,

132 1079 350 1125 confortat
363 1081 601 1135 infirmum,
618 1090 661 1124 et
681 1097 732 1124 ex
752 1081 925 1126 infirmo
942 1080 1046 1125 facit
1058 1083 1250 1136 firmum,
1270 1090 1321 1125 ut
1337 1096 1427 1125 non
1444 1080 1515 1124 ille

133 1165 232 1194 cum
254 1149 513 1204 crediderit,
545 1165 748 1208 prospera
777 1151 906 1210 hujus
937 1149 1084 1194 saeculi
1109 1159 1265 1208 speret.
1295 1151 1337 1194 Si
1370 1159 1515 1194 autem

133 1217 286 1263 doctus
303 1218 434 1262 fuerit
456 1233 625 1276 sperare
647 1233 848 1276 prospera
871 1220 1000 1277 hujus
1023 1218 1197 1273 saeculi,
1224 1220 1316 1278 ipsa
1337 1235 1516 1279 prospe-

133 1287 259 1331 ritate
278 1287 572 1345 corrumpitur
590 1305 598 1330 :
626 1288 1030 1346 supervenientibus
1052 1288 1167 1331 enim
1185 1287 1516 1333 adversitatibus

133 1356 370 1410 sauciatur,
395 1364 469 1399 aut
492 1355 682 1400 fortassis
704 1357 983 1414 extinguitur.
1012 1359 1109 1402 Non
1131 1372 1232 1415 ergo
1252 1373 1350 1401 eum
1376 1357 1515 1402 aedifi-

133 1434 202 1470 cat
235 1440 365 1484 super
386 1434 553 1484 petram
589 1425 665 1484 qui
697 1426 757 1469 sic
789 1426 1000 1481 aedificat,
1031 1426 1106 1471 sed
1137 1442 1267 1486 super
1289 1430 1511 1471 arenamss.

136 1514 157 1538 «
179 1498 304 1539 Petra
321 1503 466 1538 autem
484 1504 576 1538 erat
591 1496 787 1540 Christus
799 1497 861 1540 4.»
878 1497 1037 1541 Christi
1058 1497 1275 1556 passiones
1291 1497 1514 1541 imitandae

133 1574 250 1620 sunt,
267 1580 358 1609 non
379 1581 402 1608 a
424 1565 671 1610 Christiano
690 1565 855 1610 deliciae
877 1567 1203 1626 conquirendae.
1230 1566 1516 1613 Consortatur

131 1635 329 1679 infirmus
347 1670 358 1690 ,
384 1650 484 1679 cum
515 1635 554 1679 ei
575 1635 735 1680 dicitur
755 1655 764 1681 :
793 1639 923 1695 Spera
945 1637 1123 1696 quidem
1148 1638 1404 1682 tentationes
1425 1639 1514 1682 hu-

126 1705 196 1764 jus
217 1704 390 1758 saeculi,
414 1703 489 1747 sed
511 1704 566 1747 ab
579 1700 795 1749 'omnibus
826 1714 949 1749 eruet
975 1715 1018 1750 te
1048 1707 1258 1751 Dominus
1276 1742 1287 1760 ‚
1312 1708 1345 1751 si
1364 1708 1418 1751 ab
1439 1707 1515 1752 illo

131 1789 222 1818 non
242 1775 463 1818 recesserit
480 1784 596 1819 retro
618 1790 692 1819 cor
714 1784 855 1819 tuum.
882 1778 991 1821 Nam
1013 1776 1068 1820 ad
1086 1775 1424 1821 confortandum
1442 1793 1516 1822 cor

132 1853 257 1888 tuum
273 1844 391 1887 venit
416 1842 488 1886 ille
508 1844 597 1902 pati
616 1879 627 1897 ,
652 1845 772 1888 venit
793 1843 864 1888 ille
887 1846 1024 1899 mori,
1049 1847 1169 1890 venit
1193 1848 1330 1906 sputis
1348 1846 1512 1902 illiniri,

132 1913 249 1958 venit
270 1913 402 1971 spinis
424 1914 645 1968 coronari,
671 1914 789 1960 venit
810 1915 1045 1973 opprobria
1070 1914 1244 1970 audire,
1270 1917 1391 1960 venit
1411 1932 1514 1975 pos-

132 1991 272 2027 tremo
291 1983 410 2040 ligno
432 1983 593 2042 configi
613 2003 623 2028 ;
649 1984 793 2029 omnia
815 1985 909 2029 haec
931 1984 1004 2029 ille
1027 2001 1105 2044 pro
1127 1995 1169 2029 te
1188 2006 1199 2043 3
1224 1995 1273 2030 tu
1296 1986 1406 2030 nihil
1433 2002 1513 2045 pro

133 2052 231 2107 illo,
257 2052 332 2096 sed
348 2068 427 2111 pro
448 2062 506 2096 te.

193 2124 271 2166 XI.
291 2122 449 2175 Quales
464 2131 609 2166 autem
631 2131 748 2177 sunt,
768 2125 844 2182 qui
862 2125 1063 2167 timentes
1085 2141 1156 2168 eos
1176 2125 1335 2168 laedere
1355 2126 1515 2184 quibus

134 2191 398 2250 loquuntur,
419 2207 507 2236 non
528 2191 666 2236 solum
691 2207 780 2236 non
797 2202 1042 2251 praeparant
1060 2194 1114 2237 ad
1131 2194 1405 2238 imminentes
1423 2203 1515 2239 ten-

135 2261 318 2306 tationes
335 2295 346 2315 ,
372 2261 448 2305 sed
469 2261 597 2305 etiam
619 2262 884 2320 promittunt
912 2262 1161 2307 felicitatem
1187 2264 1317 2322 hujus
1338 2264 1512 2316 saeculi,

137 2345 269 2389 quam
284 2333 396 2374 Deus
409 2329 489 2389 ipsi
510 2330 669 2375 saeculo
691 2346 780 2375 non
799 2332 1008 2390 promisit.
1032 2331 1110 2375 Ille
1130 2333 1326 2390 praedicit
1346 2332 1516 2378 labores

137 2415 265 2459 super
284 2398 454 2444 labores
476 2416 612 2460 usque
643 2401 690 2445 in
711 2402 844 2446 finem
864 2411 1070 2447 venturos
1094 2402 1172 2460 ipsi
1196 2402 1376 2458 saeculo,
1400 2412 1443 2447 et
1465 2413 1515 2448 tu

197 2499 208 2515 ¹
229 2493 342 2525 Ezech.
363 2504 474 2533 xxxiv,
496 2494 527 2535 4.
543 2510 585 2516 -
602 2501 616 2517 ²
636 2486 734 2528 Eccli.
751 2507 790 2537 n,
809 2507 837 2529 1.
853 2500 887 2529 et
906 2495 1014 2529 Florus
1034 2495 1074 2529 ad
1091 2503 1109 2527 2
1127 2496 1206 2529 Tim.
1224 2507 1272 2529 in.
1297 2513 1339 2522 -
1359 2495 1372 2521 3
1394 2497 1510 2529 Matth.

139 2559 201 2592 vn,
219 2548 275 2590 24,
290 2552 354 2583 etc.
373 2565 416 2573 —
431 2548 449 2579 4
471 2560 483 2583 1
505 2550 579 2583 Cor.
598 2559 630 2591 x,
646 2550 678 2591 4,
