1898 3178
301 233 440 263 31111Μο
471 233 603 273 LXXX,
638 235 691 261 DE
724 232 869 261 VERBIS
901 234 1066 261 MATTH.
1101 234 1206 262 xv1r.
1362 223 1444 261 375

68 299 348 357 regrinamur.
386 302 601 345 Ponamus
639 313 716 342 nos
750 314 852 357 ergo
885 299 930 343 in
964 298 1136 344 stabulo
1159 299 1258 343 vitm
1293 299 1442 359 hujus,

65 370 187 429 quasi
207 369 421 428 peregrini
445 368 686 418 transituri,
708 383 797 411 non
820 369 941 427 quasi
959 383 1215 428 possessores
1238 370 1444 412 mansuri.

66 443 245 485 AEterna
267 455 370 484 vero
394 438 604 482 beneficia
638 447 738 482 sunt
760 473 769 492 ,
796 439 984 497 primum
1018 439 1109 498 ipsa
1143 440 1229 484 vita
1257 448 1416 484 aeterna
1436 475 1447 494 ,

67 510 336 570 incorruptio
359 518 401 553 et
423 508 723 553 immortalitas
745 508 885 553 carnis
902 517 944 552 et
964 510 1119 553 animae
1135 545 1145 564 ,
1169 511 1347 555 societas
1365 514 1452 554 An-

67 580 264 639 gelorum
283 615 294 635 ,
330 580 479 624 civitas
502 578 710 634 coelestis,
736 578 922 636 dignitas
949 578 1224 636 indeficiens,
1262 584 1388 625 Pater
1410 590 1454 625 et

67 651 226 710 patria,
252 650 324 695 1110
342 651 433 695 sine
455 660 621 706 morte,
640 649 714 695 illa
730 651 821 694 sine
842 651 980 697 hoste.
1007 653 1112 696 Haec
1129 651 1339 697 beneficia
1360 661 1454 697 toto

66 721 220 769 ardore
257 721 572 776 desideremus,
612 720 730 765 omni
763 722 1080 779 perseverantia
1103 731 1323 781 petamus,
1363 739 1453 768 non

66 807 263 842 sermone
284 791 433 850 longo,
454 790 529 835 sed
547 800 654 836 teste
668 790 848 850 gemitu.
870 790 1134 839 Desiderium
1157 808 1326 853 semper
1341 802 1451 848 orat,

66 862 145 912 etsi
165 862 333 920 ‚lingua
371 870 527 910 130031.
557 861 601 909 Si
638 875 808 920 semper
848 861 1085 917 desideras,
1130 878 1299 923 semper
1340 879 1450 910 0135.

67 931 256 985 Quando
293 931 502 976 dormitat
538 931 708 975 oratio?
734 932 922 985 Quando
954 930 1151 990 friguerit
1173 932 1451 977 desiderium.

67 1005 183 1061 Ergo
205 1002 279 1051 illa
302 1002 515 1047 beneficia
537 1003 799 1062 sempiterna
817 1012 907 1047 tota
932 1003 1137 1048 aviditate
1159 1004 1427 1064 postulemus
1442 1040 1453 1060 ,

67 1072 140 1116 illa
163 1073 278 1118 bona
300 1082 391 1118 tota
413 1073 656 1118 intentione.
679 1089 926 1134 quaeramus
944 1109 955 1129 ,
982 1073 1056 1118 illa
1079 1075 1193 1119 bona
1216 1075 1355 1119 securi
1377 1090 1455 1135 pe-

66 1152 224 1188 tamus.
249 1144 439 1188 Habenti
457 1145 574 1188 enim
595 1144 669 1189 illa
692 1144 806 1188 bona
829 1154 1012 1204 prosunt
1031 1180 1042 1200 ‚
1067 1145 1217 1190 obesse
1241 1161 1329 1191 11011
1353 1162 1455 1206 pos-

69 1223 185 1258 sunt.
214 1214 482 1274 Temporalia
506 1230 609 1259 vero
632 1215 711 1259 ista
735 1214 971 1275 aliquando
994 1225 1192 1275 prosunt,
1219 1216 1456 1277 aliquando

67 1284 244 1328 obsunt.
270 1285 421 1329 Multis
443 1283 609 1344 profuit
631 1294 862 1344 paupertas
879 1320 890 1340 ,
915 1294 959 1329 et
980 1296 1228 1331 nocuerunt
1257 1287 1421 1332 divitiae
1444 1307 1454 1333 :

54 1354 214 1408 „multis
235 1355 400 1413 profuit
421 1346 589 1414 privata
611 1355 699 1399 vita
713 1390 723 1409 ,
755 1364 798 1398 01
820 1357 971 1399 nocuit
989 1356 1101 1400 altus
1126 1358 1279 1401 1101101.
1302 1360 1358 1402 Ε1
1376 1358 1459 1402 110-

71 1441 170 1472 rum
205 1425 424 1486 aliquibus
452 1425 619 1484 profuit
651 1427 834 1484 pecunia
854 1461 865 1480 ,
900 1426 1067 1484 profuit
1104 1427 1321 1486 dignitas,
1349 1430 1459 1473 bene

67 1496 293 1542 utentibus
313 1494 478 1556 profuit
500 1515 508 1540 :
534 1494 647 1540 male
670 1505 818 1540 autem
840 1497 1066 1542 utentibus
1088 1513 1176 1551 non
1197 1498 1339 1544 ablata
1362 1500 1459 1560 plus

67 1567 233 1612 nocuit.
260 1569 322 1611 Ac
349 1581 427 1626 per
448 1567 555 1621 hoc,
585 1566 740 1611 fratres
760 1601 771 1621 ,
807 1576 1008 1626 petamus
1036 1577 1080 1611 et
1100 1569 1180 1613 ista
1203 1570 1457 1628 temporalia

68 1637 315 1691 moderate,
353 1637 493 1680 securi
526 1637 628 1696 quia
654 1637 688 1680 si
724 1637 958 1696 accipimus
978 1672 988 1692 ,
1028 1637 1101 1681 ille
1134 1638 1210 1682 dat
1241 1640 1316 1698 qui
1338 1641 1459 1684 novit

67 1706 176 1768 quid
197 1707 322 1752 nobis
336 1706 550 1766 expediat.
579 1707 730 1750 Petisti
745 1742 756 1762 ,
781 1722 871 1755 non
888 1717 951 1751 est
972 1708 1051 1751 tibi
1071 1707 1223 1752 datum
1246 1711 1366 1770 quod
1384 1726 1461 1770 pe-

68 1778 220 1821 tebas?
242 1777 382 1822 Crede
406 1777 542 1831 Patri,
565 1777 641 1837 qui
664 1777 698 1820 si
720 1777 800 1821 tibi
824 1777 1060 1837 expediret,
1086 1778 1208 1824 daret
1224 1780 1318 1824 tibi.
1346 1783 1460 1826 Ecce

69 1846 123 1891 de
145 1855 188 1890 te
209 1846 302 1905 ipso
324 1843 392 1888 fac
416 1845 499 1888 -tibi
527 1849 840 1903 conjecturam.
867 1849 1016 1896 Qualis
1039 1860 1103 1888 cst
1124 1851 1239 1889 enim
1270 1853 1388 1905 apud
1417 1863 1460 1892 te

0 1968 1 1977 ἵ
68 1916 184 1962 filius
212 1926 313 1960 tuus
341 1915 535 1958 nesciens
556 1929 622 1958 res
643 1915 857 1958 humanas
873 1949 883 1968 ,
910 1914 1005 1959 talis
1034 1930 1077 1959 es
1103 1924 1146 1959 et
1168 1924 1217 1959 tu
1234 1917 1351 1975 apud
1371 1920 1458 1963 Do-

0 2004 1 2041 }
70 1988 240 2031 minum
262 1986 457 2030 nesciens
487 2000 553 2028 res
577 1984 759 2028 divinas.
786 1987 899 2028 Ecce
928 1993 1029 2028 ante
1046 1993 1089 2028 te
1112 1984 1226 2029 filius
1244 1995 1346 2030 tuus
1368 1997 1459 2033 tota

0 2057 2 2102 Ξ
71 2058 141 2102 (110
158 2057 332 2117 plorans
349 2092 360 2111 ,
385 2065 436 2100 ut
468 2055 543 2099 des
565 2054 627 2098 illi
650 2054 839 2098 cultrum
856 2090 867 2109 ,
892 2055 938 2098 id
960 2064 1022 2098 est
1039 2090 1049 2110 ,
1075 2055 1267 2114 gladium
1294 2076 1303 2101 :
1331 2073 1460 2116 negas

71 2138 115 2173 te
132 2128 251 2183 dare,
277 2143 365 2172 11011
384 2126 458 2171 das
474 2162 484 2181 ,
506 2126 749 2171 contemnis
771 2126 966 2180 flentem,
988 2141 1044 2170 ne
1069 2126 1250 2186 plangas
1274 2130 1461 2174 morien-

74 2207 177 2242 tem.
215 2197 360 2241 Ploret
378 2231 389 2251 ,
426 2196 587 2255 affligat
624 2211 668 2240 se
685 2231 696 2250 ,
734 2195 914 2240 collidat
942 2211 983 2239 se
997 2231 1007 2250 ,
1049 2205 1099 2240 ut
1130 2195 1244 2241 leves
1282 2213 1383 2242 eum
1415 2200 1461 2244 in

74 2283 235 2328 equum
260 2286 268 2311 ε
294 2282 383 2310 11011
401 2265 505 2310 facis
522 2301 533 2320 ,
559 2266 661 2325 quia
679 2281 768 2311 non
790 2275 912 2325 potes
936 2281 1037 2310 eum
1059 2282 1207 2325 regere
1223 2302 1234 2321 ,
1265 2267 1396 2313 elidet
1418 2281 1461 2315 et

76 2336 244 2383 occidet
264 2335 405 2380 illum.
431 2335 514 2379 Cui
531 2350 658 2393 negas
675 2345 862 2395 partem,
888 2345 1030 2381 totum
1047 2336 1110 2380 illi
1132 2352 1288 2382 servas.
1313 2339 1397 2383 Sed
1412 2350 1462 2386 ut

76 2416 239 2452 crescat
256 2441 267 2462 ,
293 2414 336 2449 et
358 2413 500 2450 totum
523 2405 741 2464 possideat
761 2421 928 2461 secure,
949 2422 1037 2450 non
1060 2406 1135 2451 das
1152 2407 1214 2451 illi
1237 2409 1460 2454 modicum

76 2476 384 2537 periculosum.

138 2549 261 2590 VIII.
297 2545 403 2590 Ideo
433 2544 618 2589 dicimus
637 2580 648 2599 ,
685 2545 863 2600 fratres,
888 2556 1008 2591 orate
1038 2557 1253 2607 quantum
1274 2552 1466 2609 potestis.
