1898 3178
532 240 671 270 SERMO
700 243 767 281 cr,
801 242 856 270 DE
887 241 1033 271 ‘VERBIS
1062 243 1156 272 Luc.
1191 243 1235 270 x.
1488 231 1570 272 555

194 315 308 351 terra
330 307 460 351 bona.
484 309 688 351 Paratum
722 322 796 351 cor
816 315 1036 363 nostrum,
1059 306 1176 352 unde
1194 307 1430 362 tricenum,
1452 307 1571 352 unde

192 391 474 434 sexagenum,
498 376 616 420 unde
647 376 877 421 millenum
913 386 956 421 et
993 387 1227 422 centenum
1255 397 1264 422 :
1288 376 1399 421 illud
1428 379 1572 423 minus

191 455 276 501 est,
297 455 340 490 et
353 445 464 490 illud
486 445 582 505 plus
603 455 688 504 est3
711 446 786 491 sed
808 455 951 491 totum
971 446 1165 492 triticum
1188 457 1266 493 est.
1287 447 1369 491 Via
1389 462 1480 492 non
1498 449 1568 504 sit,

191 517 267 561 ubi
289 516 595 562 conculcatum
616 533 763 562 semen
781 534 804 562 a
825 519 1151 563 transeuntibus
1164 517 1286 564 velut
1298 518 1385 563 avis
1405 516 1572 563 auferat

191 587 405 632 inimicus.
444 589 602 632 Saxum
633 602 723 632 non
753 589 826 643 sit,
851 589 929 632 ubi
956 588 1126 635 modica
1163 598 1278 633 terra
1305 588 1448 633 statim
1470 587 1573 633 facit

191 657 446 716 germinare,
463 658 583 718 quod
599 673 688 703 non
701 659 836 718 possit
849 659 982 704 solem
1000 670 1186 720 portare.
1208 660 1350 719 Spinae
1363 674 1453 704 non
1468 659 1568 715 sint,

191 727 450 787 cupiditates
473 728 640 784 saeculi,
665 728 977 774 sollicitudines
996 731 1096 775 vitae
1116 730 1296 775 vitiosae.
1322 728 1438 781 Quid
1459 730 1572 773 enim

190 798 311 856 pejus
340 797 634 842 sollicitudine
657 799 779 854 vitae,
804 814 903 858 quae
923 800 1147 858 pervenire
1169 814 1258 844 non
1285 798 1498 858 permittit
1517 798 1573 842 ad

188 868 354 911 vitam?
386 867 502 920 Quid
533 868 756 923 miserius,
791 883 924 928 quam
958 869 1151 913 curando
1180 868 1342 923 vitam,
1376 870 1571 912 amittere

186 937 350 981 vitam?
367 938 484 990 Quid
500 937 714 982 infelicius
726 973 737 994 ‚
757 953 887 998 quam
908 938 1102 983 timendo
1119 947 1299 982 mortem
1311 972 1327 993 ,
1351 937 1505 981 cadere
1526 939 1572 981 in

186 1009 403 1052 mortem?
421 1007 703 1066 Extirpentur
732 1009 889 1067 spinae,
913 1019 1090 1067 paretur
1116 1023 1214 1066 ager
1230 1042 1241 1063 ‚
1282 1008 1572 1066 suscipiantur

186 1077 373 1132 semina,
403 1078 683 1136 perveniatur
715 1077 771 1122 ad
812 1093 993 1122 messem
1010 1112 1021 1133 ,
1044 1079 1250 1122 horreum
1272 1075 1567 1132 desideretur,

186 1162 275 1192 non
297 1148 408 1206 ignis
422 1147 639 1193 timeatur.

245 1219 320 1260 IV.
348 1218 416 1262 Ad
433 1233 511 1262 nos
529 1217 675 1278 itaque
695 1218 911 1277 pertinet,
936 1232 1045 1277 quos
1060 1216 1400 1277 qualescumque
1421 1217 1571 1261 Domi,-

184 1301 267 1329 nus
287 1286 333 1329 in
353 1302 456 1345 agro
477 1303 556 1331 suo
571 1288 795 1331 constituit
807 1287 1024 1346 operarios
1038 1321 1049 1341 ,
1073 1285 1217 1330 dicere
1237 1286 1318 1330 ista
1335 1286 1480 1341 vobis,
1500 1302 1570 1331 sc-

183 1355 350 1399 minare
367 1390 378 1410 ‚
404 1356 599 1414 plantare
617 1391 627 1411 ,
651 1357 790 1414 rigare
804 1390 815 1411 ‚
842 1355 1063 1415 aliquibus
1080 1357 1210 1399 etiam
1232 1356 1459 1400 arboribus
1484 1357 1570 1400 cir-

184 1424 438 1469 cumfodere
453 1460 464 1480 ,
487 1434 530 1469 et
559 1426 799 1484 cophinum
831 1425 1027 1469 stercoris
1049 1424 1283 1482 adhibere3
1307 1426 1495 1484 pertinet
1513 1426 1569 1470 ad

184 1511 263 1540 nos
294 1496 389 1539 haec
421 1494 609 1539 fideliter
642 1509 766 1552 agere
807 1513 817 1540 :
851 1495 906 1538 ad
938 1510 1040 1549 vos,
1074 1493 1260 1538 fideliter
1292 1510 1444 1554 capere
1472 1514 1480 1539 ε
1513 1494 1569 1540 ἃᾶ

183 1566 418 1610 Dominum
436 1600 447 1621 ‚
466 1581 544 1610 nos
561 1565 765 1625 adjuvare
788 1580 917 1624 opera
925 1574 1035 1619 ntes,
1053 1579 1129 1609 vos
1150 1564 1374 1609 credentes
1388 1600 1399 1620 ‚
1419 1580 1568 1610 omncs

183 1636 431 1680 laborantes
446 1670 456 1690 ‚
477 1635 552 1680 sed
573 1635 791 1686 mundum
814 1636 859 1679 in
880 1634 956 1679 illo
977 1635 1214 1679 vincentes.
1240 1634 1357 1687 Quid
1376 1650 1479 1694 ergo
1513 1637 1569 1680 ad

183 1721 259 1751 vos
285 1706 475 1765 pertinet
491 1740 502 1760 ‚
527 1705 615 1749 dixi
653 1724 662 1750 z
693 1704 801 1765 quid
831 1705 886 1750 ad
918 1719 998 1749 nos
1026 1705 1264 1764 pertineat,
1287 1704 1387 1749 volo
1407 1704 1564 1749 dicere.

186 1776 271 1822 Sed
299 1777 411 1822 sorte
433 1777 561 1821 alicui
581 1792 633 1820 ex
665 1777 788 1822 vobis
816 1776 1014 1831 videtur,
1048 1776 1151 1835 quia
1176 1775 1264 1819 dixi
1296 1776 1568 1835 superfluum

184 1848 348 1907 aliquid
373 1863 443 1891 me
464 1847 576 1891 velle
598 1847 741 1892 dicere
761 1882 771 1902 ‚
797 1856 840 1891 et
857 1845 974 1906 apud
998 1861 1041 1890 se
1064 1847 1204 1905 ipsum
1225 1844 1410 1905 loquens
1431 1847 1477 1890 in
1495 1862 1567 1892 co-

184 1919 391 1976 gitatione
412 1917 518 1962 dicit
538 1937 546 1963 :
565 1919 602 1962 O
625 1918 657 1962 si
674 1919 763 1977 jam
782 1917 974 1961 dimittat
990 1932 1068 1961 nos
1088 1935 1096 1961 :
1115 1919 1138 1960 J
1143 1931 1212 1960 am
1227 1916 1333 1961 dixit
1345 1917 1453 1976 quid
1469 1932 1570 1977 per·

183 1989 319 2033 tineat
342 1988 397 2033 ad.
413 2004 491 2033 nos
508 2024 518 2041 ,
536 1987 656 2049 quod
672 1987 726 2033 ad
749 1989 892 2048 ipsum
914 1988 1098 2047 pertinet
1119 1986 1226 2047 quid
1249 1988 1304 2031 ad
1325 1990 1433 2032 nos?
1456 1991 1567 2034 Puto

184 2058 339 2103 melius
360 2074 449 2103 esse
469 2060 516 2103 in
537 2060 701 2105 alterna
731 2069 775 2104 et
796 2069 949 2104 mutua
967 2059 1176 2103 charitate
1194 2059 1485 2117 pertineamus
1512 2060 1568 2104 ad

183 2144 274 2173 vos.
301 2132 363 2173 De
380 2145 468 2173 una
485 2129 616 2174 modo
638 2130 816 2190 quidem
833 2144 908 2175 vos
929 2127 1094 2174 familia
1112 2129 1227 2183 estis,
1244 2144 1321 2173 nos
1345 2144 1397 2173 ex
1417 2128 1568 2174 eadem

183 2199 361 2260 quidem
401 2199 562 2245 familia
595 2201 910 2261 dispensatores
938 2215 1088 2244 sumus
1124 2215 1295 2255 omneS,
1332 2199 1387 2244 ad
1427 2216 1569 2245 unum

183 2271 421 2315 Dominum
443 2270 707 2329 pertinemus
727 2287 890 2316 omneS.
912 2274 1000 2317 Nec
1025 2269 1145 2331 quod
1165 2271 1221 2315 do
1238 2305 1248 2325 ‚
1274 2270 1329 2316 de
1359 2286 1457 2316 meo
1479 2272 1566 2332 do3

183 2340 258 2384 sed
275 2339 330 2384 de
347 2339 462 2384 illius
480 2356 504 2384 a
525 2356 613 2400 quo
637 2342 801 2401 accipio
821 2350 863 2385 et
886 2356 980 2400 ego.
1006 2343 1116 2386 Nam
1131 2341 1166 2384 si
1188 2340 1243 2384 de
1265 2356 1365 2386 meo
1387 2340 1564 2398 dedero,

184 2411 460 2455 mendacium
484 2409 612 2455 dabo.
649 2430 669 2454 «
697 2412 783 2465 Qui
812 2412 928 2456 enim
954 2411 1151 2471 loquitur
1174 2411 1451 2457 mendacium
1472 2448 1484 2468 ‚
1512 2414 1568 2458 de

185 2498 206 2521 »
241 2495 319 2524 suo
345 2479 580 2540 loquitur¹.
602 2499 622 2523 »
642 2482 816 2528 Debetis
842 2497 944 2541 ergo
967 2480 1116 2527 audire
1140 2481 1248 2542 quid
1268 2482 1482 2541 pertineat
1509 2483 1564 2528 ad

230 2571 239 2586 ¹
259 2566 350 2597 Joan.
372 2575 438 2607 vni,
458 2564 512 2607 44.
