1898 3178
298 225 435 250 SERMO
467 224 596 260 XLVI,
631 223 684 248 DE
717 221 965 251 PASTORIBUS
998 226 1042 252 IN
1075 226 1222 251 EZECH.
1392 217 1442 252 21

70 296 252 332 mortem
277 300 440 331 earum.
469 285 582 329 Dicit
609 286 723 329 enim
742 285 824 329 alio
839 288 883 329 in
904 287 1000 331 loco
1022 303 1099 347 per
1120 286 1321 331 eumdem
1342 292 1446 333 Prom

19 402 23 413 ι
68 359 244 418 phetam
270 376 281 402 2
316 375 335 398 «
368 354 450 399 Fili
479 355 692 410 hominis,
730 355 1044 414 speculatorem
1079 357 1179 401 dedi
1217 367 1259 402 te
1298 358 1445 402 domui

18 479 20 482 Ι
72 447 92 470 »
129 426 258 472 Israel
277 446 285 471 z
304 425 450 470 audies
471 441 523 470 ex
545 440 619 469 ore
640 441 737 469 meo
756 440 1015 482 sermonem,
1034 437 1077 472 et
1095 429 1449 487 praemonstrabis

20 491 24 531 f
71 516 92 539 »
127 497 185 541 eis
206 511 256 539 ex
276 510 360 539 me.
379 498 430 538 In
452 511 503 539 eo
526 510 625 539 cum
646 494 794 539 dixero
810 496 1050 554 peccatori:
1072 500 1212 541 Morte
1233 497 1448 553 morieris,

0 612 2 618 y
21 622 23 626 Ι
71 584 93 608 »
127 576 169 610 et
190 580 280 610 non
301 565 432 609 fueris
460 565 656 617 locutus,
682 574 733 608 ut
759 575 910 609 caveat
931 566 1090 624 impius
1113 583 1136 610 a
1155 568 1223 611 via
1245 582 1320 611 sua
1342 588 1353 625 3
1377 566 1452 612 ille

71 654 93 678 »
126 634 392 680 facinorosus
407 635 453 678 in
473 650 551 679 suo
569 633 760 679 facinore
782 636 1008 690 morietur,
1031 637 1283 693 sanguinem
1305 646 1450 681 autem

18 692 25 746 .'
70 725 92 750 »
127 708 219 766 ejus
236 705 290 750 de
311 721 445 750 manu
461 715 536 749 tua
557 706 794 766 exquiram.
823 708 888 749 Tu
906 715 1052 751 autem
1074 707 1107 750 si
1128 708 1452 766 praenutiaveris

0 805 27 836 :2
72 794 93 818 »
127 776 368 820 facinoroso
389 776 503 820 viam
527 776 617 835 ejus
634 810 644 830 ,
669 785 720 819 ut
740 784 957 820 avertatur
975 776 1029 820 ab
1047 792 1117 832 ea,
1144 786 1188 820 et
1209 793 1298 821 non
1320 778 1453 821 fuerit

71 863 93 888 »
127 860 298 890 aversus
321 861 345 889 a
372 845 459 889 vita
481 860 582 902 sua,
604 845 681 888 iste
706 845 752 888 in
772 846 966 890 facinore
987 861 1066 891 suo
1081 847 1314 901 morietur,
1339 855 1382 890 et
1404 855 1453 891 tu

0 902 4 914 ’
71 933 92 958 »
127 916 317 959 animam
339 923 459 958 tuam
482 913 726 959 liberabis1.
762 932 782 956 »
815 915 932 968 Quid
958 925 1047 971 est,
1080 915 1264 961 fratres?
1287 915 1457 960 Videtis

23 997 27 1033 «ζ
68 1000 198 1045 quam
219 986 274 1029 sit
301 994 443 1028 tacere
465 983 790 1044 periculosum?
812 985 997 1029 Moritur
1026 985 1123 1041 ille,
1150 995 1193 1030 et
1215 995 1330 1030 recte
1357 1000 1454 1029 mo-

23 1047 28 1072 ⁵
67 1056 202 1100 ritur:
228 1056 273 1098 in
294 1056 517 1114 impietate
540 1070 616 1100 sua
639 1064 682 1100 et
701 1065 882 1115 peccato
899 1071 978 1101 suo
999 1057 1206 1114 moritur,
1231 1057 1456 1114 negligen-

68 1125 126 1168 tia
148 1125 261 1167 enim
284 1126 374 1183 ejus
397 1124 554 1168 occidit
576 1127 814 1169 eum.Nam
831 1135 1049 1183 pastorem
1070 1127 1287 1170 inveniret
1308 1127 1455 1169 viven-

26 1244 28 1247 ,
66 1202 179 1241 tem,
215 1193 291 1251 qui
317 1194 376 1235 ait
406 1212 414 1236 :
445 1211 465 1233 «
496 1193 606 1236 Vivo
645 1208 751 1250 ego,
783 1192 888 1236 dicit
917 1194 1127 1237 Dominus
1152 1213 1161 1237 z
1189 1211 1209 1234 »
1239 1193 1323 1237 Sed
1356 1209 1454 1237 cum

0 1306 10 1324 1,
67 1263 198 1308 fuerit
219 1261 464 1320 negligens,
486 1276 576 1305 non
599 1261 862 1306 admonente
878 1262 954 1305 illo
977 1264 1053 1321 qui
1072 1263 1126 1306 ad
1149 1263 1233 1306 hoc
1255 1272 1319 1307 est
1337 1279 1452 1322 prae-

3 1387 29 1395 -
67 1334 230 1393 positus
247 1341 289 1376 et
308 1330 553 1391 speculator
567 1365 578 1386 ,
605 1340 658 1374 ut
678 1331 930 1386 admoneat,
951 1341 994 1376 et
1015 1331 1088 1376 ille
1100 1334 1216 1392 juste
1236 1335 1422 1377 moritur
1441 1369 1452 1389 ,

68 1412 111 1447 et
144 1404 222 1446 iste
249 1403 364 1461 juste
396 1400 643 1444 damnatur.
674 1419 695 1443 «
721 1401 764 1445 Si
793 1409 939 1447 autem
968 1401 1149 1458 dixeris,
1180 1403 1344 1463 inquit,
1371 1404 1453 1446 im-

0 1518 5 1524 ,
25 1481 30 1519 ,ἵ
70 1491 91 1514 »
125 1473 198 1531 pio
215 1506 227 1526 ,
251 1474 393 1515 Morte
410 1470 604 1514 morieris
618 1505 630 1525 ‚
651 1471 722 1515 cui
744 1484 824 1529 ego
847 1471 1040 1530 gladium
1062 1472 1188 1518 fuero
1211 1474 1453 1518 commina-

0 1526 29 1546 ’ν
69 1561 90 1585 »
126 1552 194 1586 tus
211 1576 221 1596 ,
247 1550 290 1585 et
311 1540 385 1584 ille
411 1540 648 1598 neglexerit
669 1540 805 1585 vitare
838 1542 1138 1587 imminentem
1162 1543 1356 1603 gladium
1374 1578 1385 1599 ,
1411 1553 1455 1588 et

27 1608 31 1652 Ξ
69 1632 89 1655 »
123 1612 289 1657 venerit
312 1611 496 1669 gladius,
511 1620 555 1655 et
577 1610 842 1656 interfecerit
863 1627 963 1656 eum
982 1634 993 1670 3
1012 1613 1086 1657 ille
1107 1615 1153 1658 in
1175 1623 1355 1674 peccato
1376 1629 1455 1659 suo

0 1683 30 1755 ἰ
68 1703 89 1726 »
124 1684 332 1727 morietur
350 1716 360 1736 ,
386 1691 436 1725 tu
458 1692 604 1726 autem
627 1683 816 1727 animam
837 1691 954 1727 tuam
971 1683 1164 1730 liberasti
1176 1688 1208 1728 ².
1225 1703 1246 1726 κ)
1273 1687 1456 1744 Propter

0 1802 4 1815 λ
28 1764 31 1775 “’
66 1756 150 1799 hoc
183 1753 237 1797 ad
267 1767 344 1796 nos
367 1751 545 1811 quidem
567 1753 756 1812 pertinet
776 1769 866 1798 non
894 1763 1066 1813 tacere3
1091 1757 1147 1800 ad
1178 1771 1253 1800 vos
1277 1765 1422 1799 autem
1444 1792 1455 1810 ,

0 1825 3 1828 '
28 1871 32 1883 „
67 1824 197 1869 etiam
231 1823 265 1866 si
292 1831 533 1878 taceamus,
573 1822 629 1867 de
664 1824 895 1883 Scripturis
922 1826 1078 1871 sanctis
1106 1827 1240 1871 verba
1271 1825 1454 1886 pastoris

68 1893 233 1938 audire.

28 1965 33 1981 ¹
125 1966 247 2008 XXI.
280 1962 512 2006 Videamus
545 1978 675 2022 ergo,
707 1965 809 2024 quia
836 1967 895 2011 sic
930 1980 1270 2027 proposueram,
1307 1975 1456 2011 utrum

69 2033 236 2080 auferat
259 2048 359 2078 oves
382 2049 405 2077 a
426 2034 670 2092 pastoribus
692 2036 830 2092 malis,
856 2045 900 2080 et
916 2038 991 2082 det
1013 2053 1083 2082 eas
1104 2037 1351 2097 pastoribus
1374 2036 1458 2079 bo-

69 2105 150 2148 nis.
175 2102 314 2146 Video
335 2117 437 2145 eum
459 2103 729 2146 auferentem
752 2121 852 2151 oves
882 2123 906 2151 a
927 2108 1172 2163 pastoribus
1193 2108 1331 2152 malis.
1365 2108 1459 2150 Hoc

71 2174 187 2218 enim
208 2171 343 2216 dicit:
369 2190 389 2213 «
417 2174 529 2215 Ecce
561 2186 641 2230 ego
664 2171 754 2231 ipse
777 2187 906 2233 super
931 2183 1123 2233 pastores
1142 2210 1154 2230 ,
1179 2184 1222 2219 et
1241 2177 1458 2234 inquiram

3 2244 17 2303 ’ν
74 2262 95 2285 »
129 2256 229 2286 oves
249 2254 365 2283 meas
395 2240 450 2284 de
473 2242 674 2287 manibus
695 2257 847 2287 eorum
864 2278 875 2299 ,
902 2252 944 2288 et
984 2254 1176 2289 avertam
1214 2245 1268 2289 ab
1292 2244 1350 2288 eis
1367 2279 1378 2299 ‚
1404 2252 1455 2288 ut

0 2306 9 2322 L
73 2331 95 2354 »
129 2326 218 2355 non
240 2318 417 2369 pascant
435 2325 536 2355 oves
552 2327 668 2357 meas
688 2334 700 2370 3
731 2322 774 2358 et
791 2329 882 2358 non
903 2324 1081 2373 pascent
1103 2315 1247 2359 adhuc
1263 2323 1455 2373 pastores

20 2435 21 2438 Ἰ
74 2400 96 2424 »
129 2381 391 2439 semetipsos.
418 2398 438 2422 »
463 2383 576 2427 Cum
599 2383 716 2427 enim
749 2384 849 2430 dico
866 2419 877 2440 ‚
902 2397 1076 2444 pascant
1108 2401 1208 2430 oves
1229 2400 1370 2435 meas·‚
1394 2383 1457 2427 illi

0 2504 12 2511 ,-
73 2467 117 2495 se
146 2459 346 2508 pascunt,
371 2466 464 2495 non
487 2467 588 2497 oves
608 2468 740 2498 meas.
769 2472 790 2496 «
816 2456 1021 2499 Avertam
1041 2490 1052 2509 ‚
1088 2464 1137 2500 ut
1167 2457 1458 2514 nonf‘pascant

122 2541 130 2557 ¹
155 2534 272 2567 Ezecli.
292 2545 404 2575 xxxin,
427 2546 459 2576 7,
476 2539 540 2568 etc.
563 2553 604 2559 —
624 2543 637 2559 ²
661 2537 744 2569 Ibid.
765 2537 797 2578 3,
814 2541 879 2570 etc.
909 2575 917 2585 ·
