1898 3178
391 227 530 257 sEnMO
562 227 693 264 XLv1,
728 227 782 254 DE
814 223 1062 255 msa-omnus
1092 228 1138 255 nv
1169 227 1316 255 Ezncu.
1487 219 1542 256 29

172 296 223 337 In
242 292 479 337 novissimis
495 292 580 335 suis
602 291 682 335 erit
698 290 903 350 insipiens
917 327 928 347 ,
949 293 1026 352 qui
1046 293 1322 351 congregavit
1341 307 1440 351 quae
1453 307 1544 336 non

169 363 350 422 peperit,
376 370 420 405 et
438 361 544 405 fecit
564 360 737 405 divitias
754 376 850 405 suas
864 377 953 406 non
975 378 1075 406 cum
1093 361 1275 422 judicio.
1293 363 1432 406 Pascit
1443 378 1544 407 con-

169 440 232 476 tra
253 430 379 474 illum
393 429 660 489 Redemptor
673 439 819 476 noster
840 445 940 475 cum
951 431 1132 490 judicio.

225 503 389 545 XXIX.
413 501 576 545 Existat
592 509 637 545 et
658 500 811 561 aliquis
825 501 1052 545 haereticus
1067 536 1078 556 ,
1098 502 1177 546 etsi
1196 516 1286 547 non
1301 501 1435 546 frater
1451 501 1544 546 dia-

165 571 281 627 boli,
310 580 426 617 certe
448 571 619 632 adjutor
639 581 682 616 et
702 570 817 616 filius
836 592 847 630 3
883 580 926 615 e't
956 572 1100 630 ipsum
1124 571 1303 616 dixerim
1325 571 1544 632 perdicem

165 642 486 687 contentiosum
507 642 679 686 animal.
707 644 802 686 Hoc
830 641 947 685 enim
970 640 1151 697 animal,
1175 651 1225 686 ut
1248 657 1435 702 aucupes
1461 657 1543 686 no-

166 720 294 766 runt,
322 712 451 756 etiam
473 711 767 756 contendendi
798 711 943 756 studio
965 711 1150 771 capitur.
1170 710 1456 757 Contendunt
1476 711 1543 756 isti

164 790 314 826 contra
335 782 559 827 veritatem
575 816 586 836 ,
617 791 661 826 et
677 781 998 826 contenderunt
1031 797 1081 826 ex
1106 797 1195 842 quo
1220 798 1264 826 se
1286 782 1540 827 diviserunt.

164 850 298 896 Modo
318 852 495 897 dicunt:
520 852 796 897 Contendere
809 851 1014 896 nolumus
1034 870 1043 896 ε
1066 851 1167 911 quia
1183 852 1273 911 jam
1293 851 1406 910 eapti
1423 859 1540 894 sunt.

163 922 260 964 Non
292 921 426 965 habet
451 920 572 981 quod
606 921 751 967 dicat:
777 921 888 967 Nolo
914 921 1192 966 contendere.
1229 923 1266 965 Ο
1298 929 1448 980 capte,
1472 920 1546 963 ali-

162 990 338 1049 quando
358 1000 472 1035 certe
490 1000 539 1035 tu
560 1006 652 1035 eras
673 991 750 1050 qui
762 991 909 1050 primis
932 991 1200 1050 temporibus
1213 990 1435 1035 seditionis
1458 999 1545 1033 tuae

162 1060 387 1105 traditores
409 1061 620 1119 arguebas
634 1095 645 1117 ,
670 1062 923 1106 innocentes
949 1062 1209 1116 damnabas,
1225 1060 1442 1120 judicium
1463 1060 1546 1103 im«

162 1131 369 1189 peratoris
395 1131 645 1190 quaerebas,
670 1131 836 1189 judicio
858 1132 1164 1190 episcoporum
1184 1145 1275 1174 non
1302 1129 1544 1174 consentie-

161 1200 238 1244 bas
253 1235 264 1255 ,
288 1201 428 1245 victus
450 1202 577 1245 toties
608 1201 858 1260 appellabas
874 1236 885 1257 ‚
922 1202 1039 1260 apud
1073 1203 1214 1260 ipsum
1238 1202 1544 1260 imperatorem

160 1269 467 1314 studiosissime
497 1270 694 1328 litigabas
712 1305 723 1325 ‚
757 1272 1050 1327 congregabas
1081 1287 1181 1329 quae
1201 1286 1292 1314 non
1323 1271 1540 1330 peperisti.

162 1339 244 1382 Ubi
272 1347 334 1383 est
354 1353 473 1382 nunc
504 1339 647 1382 cervix
667 1339 770 1382 tua?
792 1338 870 1381 ubi
897 1347 960 1383 est
981 1338 1130 1398 lingua
1160 1341 1270 1383 tua?
1292 1340 1369 1384 ubi
1395 1340 1544 1384 sibilus

160 1411 290 1454 tuus?
307 1411 434 1455 Certe
456 1409 503 1452 in
526 1408 764 1453 novissimis
787 1409 872 1453 tuis
893 1408 1034 1454 factus
1065 1425 1107 1454 es
1136 1410 1338 1469 insipiens
1354 1445 1365 1466 ,
1390 1412 1544 1470 pavisti

160 1480 253 1525 sine
263 1479 444 1540 judicio.
470 1482 568 1526 Non
590 1480 706 1524 enim
736 1495 889 1523 verum
911 1480 997 1535 vis,
1018 1480 1087 1525 vel
1110 1479 1164 1524 de
1186 1495 1331 1525 errore
1353 1490 1452 1536 tuo,
1474 1480 1543 1525 vel

160 1550 215 1595 de
236 1551 415 1595 veritate
425 1550 635 1611 judicare.
654 1550 794 1595 Pascit
811 1559 961 1595 contra
976 1559 1019 1594 te
1031 1551 1228 1595 Christus
1251 1567 1349 1595 cum
1359 1550 1540 1611 judicio,

160 1620 366 1666 discernit
390 1637 488 1667 oves
512 1637 608 1666 suas
641 1622 696 1666 ab
723 1622 877 1667 ovibus
901 1637 990 1666 non
1012 1623 1113 1666 suis.
1144 1641 1163 1664 «
1185 1625 1293 1675 Quae
1320 1631 1422 1666 sunt
1444 1638 1543 1667 oves

162 1708 184 1732 »
218 1707 343 1746 meae,
362 1691 522 1752 inquit,
535 1691 721 1737 audiunt
736 1707 888 1737 vocem
908 1707 1066 1747 meam,
1084 1700 1127 1736 et
1137 1701 1381 1751 sequuntur
1400 1695 1540 1736 me1.»

217 1763 359 1807 XXX.
378 1762 459 1806 Hic
474 1762 648 1806 invenio
661 1777 809 1807 omnes
824 1771 1015 1821 pastores
1030 1762 1167 1807 bonos
1183 1763 1228 1807 in
1243 1778 1332 1808 uno
1354 1772 1539 1822 pastore.

159 1833 256 1877 Non
288 1833 403 1876 enim
429 1847 529 1877 vere
561 1842 751 1892 pastores
786 1833 891 1876 boni
924 1832 1109 1888 desunt,
1135 1832 1211 1876 sed
1231 1833 1276 1876 in
1315 1848 1404 1876 uno
1423 1841 1539 1876 sunt.

159 1902 289 1948 Multi
324 1913 450 1959 sunt,
486 1904 562 1962 qui
585 1904 709 1948 divisi
731 1913 832 1948 sunt
854 1922 863 1948 z
896 1903 966 1947 hic
997 1919 1110 1947 unus
1131 1903 1415 1962 praedicatur,
1441 1903 1544 1962 quia

159 1975 301 2019 unitas
333 1975 680 2020 commendatur.
701 1977 853 2034 Neque
880 1975 996 2018 enim
1017 1989 1118 2019 vere
1132 1973 1264 2018 modo
1281 1972 1380 2017 ideo
1403 1983 1545 2017 tacen-

159 2053 231 2088 tur
251 2054 458 2102 pastores,
483 2054 527 2089 et
547 2044 707 2089 dicitur
724 2054 870 2104 pastor
887 2079 898 2096 ,
918 2045 1019 2104 quia
1044 2059 1134 2088 non
1148 2044 1314 2088 invenit
1336 2043 1545 2086 Dominus

160 2112 231 2156 cui
251 2114 530 2156 commendet
552 2129 652 2155 oves
682 2130 810 2167 suas3
839 2124 944 2159 tunc
970 2123 1115 2158 autem
1139 2114 1237 2158 ideo
1263 2111 1546 2158 commenda-

160 2181 249 2235 vit,
273 2181 374 2239 quia
395 2184 572 2224 Petrum
595 2179 760 2224 invenit
786 2198 794 2222 :
820 2178 908 2222 imo
926 2194 1028 2223 vero
1051 2188 1094 2222 et
1118 2184 1163 2221 in
1183 2184 1275 2237 ipso
1294 2186 1420 2222 Petro
1448 2182 1547 2223 uni-

162 2259 296 2294 tatem
318 2249 653 2294 commendavit.
671 2248 801 2294 Multi
819 2257 941 2292 erant
962 2248 1175 2307 Apostoli,
1197 2258 1240 2292 et
1262 2248 1338 2291 uni
1361 2247 1541 2294 dicitur:

166 2339 188 2364 «
207 2324 337 2373 Pasce
359 2336 458 2365 oves
479 2335 596 2364 meas
609 2323 641 2363 ².
656 2338 676 2361 »
691 2320 816 2364 Absit
833 2329 883 2364 ut
899 2320 1040 2363 desint
1055 2319 1186 2363 modo
1202 2320 1305 2364 boni
1320 2329 1510 2379 pastores
1534 2340 1542 2365 :

163 2392 279 2439 absit
295 2407 318 2435 a
340 2391 465 2435 nobis
483 2400 532 2434 ut
553 2391 718 2446 desint,
740 2391 853 2435 absit
870 2407 892 2435 a
908 2390 1200 2434 misericordia
1213 2390 1361 2450 ipsiUS,
1386 2400 1435 2435 ut
1458 2407 1547 2436 non

170 2475 243 2513 eos
266 2462 409 2519 gignat
432 2470 562 2521 atque
585 2461 864 2506 constituat³.
898 2461 1056 2519 Utique
1078 2460 1112 2504 si
1138 2468 1239 2504 sunt
1264 2460 1393 2506 bonae
1415 2476 1543 2516 oveS,

220 2549 232 2569 ¹
252 2546 344 2577 Joan.
361 2554 395 2585 x,
409 2553 463 2586 27·
483 2561 524 2567 —
545 2550 558 2567 2
572 2544 619 2581 Id.
640 2555 707 2586 xxi,
732 2555 782 2586 17.
800 2560 841 2572 -ν
866 2542 879 2572 3
904 2544 1011 2578 Florus
1027 2544 1094 2578 adi
1119 2546 1190 2578 Cor.
1211 2555 1234 2577 1.
