1898 3178
308 231 446 259 semro
478 230 693 270 Lxxxvm,
727 232 781 258 DE
814 232 959 260 VERBIS
989 227 1156 260 MATTH.
1190 231 1258 258 xx.
1382 219 1462 260 451

98 312 120 337 »
144 303 309 340 tantam
330 295 462 340 fidem
482 296 529 339 in
551 294 694 341 Israel.
714 313 733 336 »
760 298 872 349 Quia
892 296 966 341 ille
986 297 1151 341 dixerat
1173 312 1182 338 z
1211 315 1231 338 «
1254 298 1352 342 Non
1373 311 1470 341 sum

98 365 302 426 »dignus
332 376 382 411 ut
411 367 544 411 intres
565 365 648 411 sub
678 375 844 411 tectum
874 383 1021 412 meum
1039 403 1050 423 ‚
1088 367 1165 412 sed
1193 376 1364 412 tantum
1400 368 1469 411 dic

98 455 119 479 »
143 438 279 483 verbo
294 472 305 493 ‚
330 446 373 481 et
404 437 626 481 sanabitur
648 452 758 496 puer
781 441 946 482 meus1.
970 456 990 480 »
1028 441 1094 483 Ita
1129 452 1230 497 ergo
1262 438 1472 483 Dominus

96 516 195 552 ante
215 508 457 567 passionem
474 516 517 552 et
538 506 890 552 clarificationem
911 523 1033 553 suam
1048 507 1157 554 duos
1175 510 1266 569 jam
1287 508 1472 568 populos

97 577 369 636 designabat3
405 593 568 634 unum,
600 577 655 623 ad
684 593 817 639 quem
849 588 1025 624 venerat
1057 588 1234 639 propter
1266 579 1475 639 promissa

98 652 304 708 Patrum·⁷
342 658 386 694 et
414 649 620 705 alterum,
652 665 785 710 quem
816 659 994 710 propter
1018 650 1353 696 misericordiam
1384 666 1475 696 non

99 718 336 779 repellebat
354 739 363 764 :
384 729 434 764 ut
455 719 852 781 impleretur-quod
867 723 1127 781 promissum
1144 731 1236 767 erat
1257 722 1472 767 Abrahae:

103 809 124 833 «
143 793 196 835 In
218 791 380 835 semine
396 800 471 836 tuo
491 791 804 836 benedicentur
825 807 975 838 omnes
996 796 1185 852 gente52.
1203 811 1224 835 »
1244 796 1478 853 Propterea

101 870 143 906 et
165 860 397 921 Apostolus
413 862 501 921 jam
521 871 619 922 post
635 863 995 908 resurrectionem
1017 863 1190 908 Domini
1203 873 1247 908 et
1264 864 1477 908 ascensio-

0 974 2 981 ,
34 980 38 994 ἱ
101 946 228 988 nem,
257 932 336 976 ubi
357 941 632 993 contemptus
653 943 716 978 est
736 949 760 978 a
780 933 965 990 Judaeis,
997 934 1186 994 perrexit
1213 933 1269 978 ad
1300 935 1476 979 Gentes.

36 998 39 1026 ²
101 1004 188 1048 Nec
210 1012 357 1047 tamen
378 1002 577 1048 Ecclesiis
599 1019 697 1064 quae
719 1005 773 1048 de
797 1004 959 1049 Judaeis
991 1003 1265 1049 crediderant
1281 1040 1292 1060 ,
1317 1003 1479 1049 tacuit:

39 1071 41 1089 ⁵
107 1091 128 1116 «
154 1075 301 1129 Eram,
318 1074 485 1134 inquit,
505 1075 680 1133 ignotus
697 1074 807 1119 facie
823 1074 1024 1120 Ecclesiis
1045 1074 1211 1120 Judaeae
1225 1110 1236 1131 ‚
1257 1091 1356 1135 quae
1378 1083 1482 1119 sunt

106 1163 127 1187 »
151 1144 392 1190 inChristo.
407 1148 593 1190 Tantum
609 1155 753 1191 autem
769 1145 1134 1206 audiebant‚quia
1151 1146 1228 1206 qui
1245 1144 1482 1206 aliquando

105 1233 126 1258 η
152 1231 230 1260 nos
248 1215 605 1275 persequebatur,
636 1232 754 1261 nunc
779 1216 1045 1274 evangelizat
1066 1216 1199 1260 fidem
1214 1251 1225 1272 ‚
1251 1231 1382 1276 quam
1405 1215 1486 1260 ali-

106 1305 128 1329 »
151 1286 330 1346 quando
342 1287 556 1331 vastabat:
569 1287 668 1330 etin
683 1302 769 1341 me,
782 1287 940 1346 inquit,
955 1287 1293 1347 magnificabant
1306 1288 1483 1332 Deum³.

107 1374 130 1399 a
155 1356 224 1401 Sic
245 1365 289 1400 et
310 1355 526 1413 angularis
542 1355 651 1414 lapis
669 1356 829 1400 dicitur
842 1356 1060 1412 Christus,
1081 1357 1158 1416 qui
1181 1356 1283 1402 fecit
1303 1367 1488 1417 utraque

109 1444 129 1468 »
154 1427 336 1470 unum4.
358 1444 378 1467 »
395 1425 594 1484 Angulus
610 1425 723 1469 enim
740 1425 849 1469 duos
863 1425 1047 1485 parietes
1059 1425 1236 1485 copulat
1250 1426 1304 1471 de
1322 1428 1491 1472 diverso

105 1497 340 1542 venientes.
362 1496 477 1549 Quid
493 1505 582 1540 tam
599 1495 841 1552 diversum,
867 1512 1000 1556 quam
1022 1496 1291 1542 circumcisio
1313 1507 1356 1543 et
1377 1513 1490 1558 prae-

105 1567 300 1627 putium,
327 1567 492 1611 habens
514 1581 652 1610 unum
674 1566 883 1625 parietem
909 1566 965 1610 de
984 1565 1138 1611 Judaea
1153 1602 1164 1622 ‚
1198 1567 1382 1611 alterum
1410 1583 1491 1628 pa-

52 1628 56 1657 ³
108 1638 259 1683 rietem
292 1638 347 1682 de
389 1638 632 1682 Gentibus?
673 1637 758 1682 Sed
798 1635 993 1695 angulari
1026 1637 1170 1697 lapide
1206 1639 1483 1698 copulantur.

17 1757 22 1766 ‚
52 1723 58 1738 -·
113 1728 134 1752 «
157 1708 367 1768 Lapidem
399 1708 514 1751 enim
548 1698 679 1766 quem
715 1706 1061 1765 reprobaverunt
1094 1706 1358 1753 aedificantes
1373 1744 1383 1764 ,
1419 1710 1492 1755 hic

110 1798 131 1822 ³)
158 1778 296 1824 factus
313 1779 438 1823 estin
452 1787 584 1837 caput
600 1777 785 1836 anguli5.
798 1795 819 1818 »
835 1777 1034 1836 Angulus
1048 1779 1092 1822 in
1108 1778 1294 1824 aedificio
1308 1795 1398 1825 non
1410 1790 1490 1837 est,

0 1835 61 1902 ’μ
109 1850 191 1895 nisi
202 1865 302 1894 cum
319 1848 408 1893 duo
429 1849 610 1907 parietes
628 1863 677 1890 ex
695 1847 863 1891 diverso
875 1847 1098 1892 venientes
1114 1849 1158 1892 in
1173 1865 1312 1894 unum
1331 1866 1493 1896 conve-

19 1912 64 1961 *st
109 1921 253 1976 nium,
271 1929 316 1964 et
332 1917 521 1978 quadam
538 1918 704 1961 unitate
712 1918 974 1976 junguntur.
996 1918 1072 1962 Isti
1089 1933 1192 1978 ergo
1205 1918 1294 1964 duo
1307 1922 1491 1979 parietes

33 1977 41 1989 “
60 2014 65 2024 ·
110 1989 349 2036 secundum
368 1997 541 2047 typum,
556 1986 644 2030 duo
658 1986 761 2031 caeci
773 1995 896 2031 erant
912 1986 1147 2032 clamantes
1166 1988 1221 2033 ad
1237 1990 1489 2035 Dominum.

35 2112 39 2118 ι
168 2064 249 2105 ΧΙ.
276 2058 500 2104 Attendite
530 2073 674 2113 nuuc,
710 2056 991 2102 dilectissimi.
1016 2060 1226 2104 Dominus
1253 2061 1489 2118 transibat,

112 2133 214 2178 caeci
243 2130 503 2176 clamabant.
531 2128 648 2182 Quid
678 2137 770 2184 est,
804 2129 1046 2174 transibat?
1081 2131 1341 2176 Transitoria
1363 2148 1494 2192 opera

37 2190 43 2202 ¹
111 2202 326 2257 faciebat,
359 2201 469 2246 sicut
485 2201 574 2260 jam
597 2198 801 2244 diximus.
837 2200 1088 2245 Secundum
1120 2202 1214 2246 haec
1246 2203 1492 2248 transitoria

0 2256 3 2270 Γ
48 2260 49 2264 ¹
73 2263 74 2266 Ἰ
113 2289 244 2334 opera
264 2272 372 2316 fides
396 2279 541 2315 nostra
573 2268 827 2315 aedificatur.
860 2270 1088 2316 Credimus
1122 2273 1238 2317 enim
1261 2273 1307 2316 in
1334 2273 1495 2318 Filium

18 2396 24 2403 ,
44 2339 51 2400 J
113 2345 222 2400 Dei,
245 2358 336 2388 non
360 2349 534 2386 tantum
554 2340 657 2400 quia
678 2341 875 2385 Verbum
902 2341 979 2385 Dei
1000 2351 1088 2397 est,
1114 2357 1192 2402 per
1221 2358 1355 2403 quem
1378 2343 1494 2389 facta

43 2401 45 2412 ⁴
115 2424 217 2461 sunt
237 2414 384 2460 omnia
405 2432 414 2459 ·.
435 2413 469 2457 si
485 2411 601 2456 enim
613 2426 780 2472 semper
794 2411 842 2456 in
863 2410 1002 2457 forma
1020 2413 1097 2457 Dei
1118 2428 1298 2459 manens
1316 2415 1495 2476 aequalis

166 2515 176 2532 ¹
194 2510 316 2543 Matth.
331 2520 404 2549 vm,
421 2519 582 2541 10-12.--
599 2514 611 2530 ²
631 2510 710 2541 Gen.
727 2517 810 2550 xxu,
832 2508 928 2541 18.—
944 2507 957 2532 3
976 2508 1080 2542 Galat.
1096 2520 1119 2553 ι,
1143 2518 1196 2552 22,
1216 2515 1326 2544 etc.—
1339 2509 1355 2542 4
1373 2513 1490 2555 Ephes.

117 2577 154 2609 n,
172 2576 224 2600 20.
239 2583 280 2589 —
294 2564 309 2590 5
323 2565 404 2598 Psal.
424 2575 540 2607 cxxvii,
563 2572 617 2596 22.

1270 2620 1336 2660 29.
