1898 3178
407 257 490 293 200
841 266 872 290 s,
909 266 1135 292 ALGUSTINI
1172 265 1351 291 EPISCOPI

402 332 643 387 mendarct,
666 333 743 374 nisi
763 332 873 374 lianc
892 345 1038 374 unam.
1058 328 1283 390 Numquid
1298 343 1384 372 non
1399 326 1608 371 diximus:
1628 345 1647 368 «
1661 330 1786 370 Pater

405 420 426 443 »
461 412 607 447 noster
621 437 631 457 ‚
652 402 727 461 qui
742 416 786 445 es
800 402 844 444 in
859 400 980 445 coelis
991 435 1002 455 ‚
1025 419 1044 441 »
1064 409 1106 445 et
1122 409 1275 444 caetera
1292 397 1627 458 subsequentia?
1643 399 1787 450 Quare

402 482 500 531 post
522 473 688 516 finitam
708 471 945 516 orationem
971 485 1059 515 non
1083 470 1248 530 aliquid
1278 469 1404 513 nobis
1430 469 1532 512 inde
1563 467 1783 522 tractavit,

402 542 471 586 vel
494 541 612 602 quod
635 558 657 586 a
680 542 820 601 capite
841 541 1008 601 posuit,
1040 539 1109 585 vel
1132 539 1251 600 quod
1279 539 1325 582 in
1347 539 1433 582 fine
1455 536 1668 582 conclusit
1683 572 1693 592 ‚
1718 536 1787 580 vel

401 612 522 671 quod
543 614 586 655 in
610 612 753 657 medio
777 612 1032 657 collocavit?
1052 612 1095 656 Si
1116 612 1230 655 enim
1245 625 1334 654 non
1349 610 1392 653 in
1407 609 1530 653 vobis
1547 608 1788 653 sanctifica-

403 692 494 726 tum
516 681 648 727 fuerit
670 698 830 728 nomen
846 683 946 738 Dei,
971 691 1046 727 aut
1057 682 1091 726 si
1114 697 1202 726 non
1218 679 1513 740 pertinueritis
1535 680 1591 724 ad
1603 693 1788 738 regnum

402 753 504 807 Dei,
530 763 605 798 aut
627 753 662 798 si
682 769 771 798 non
791 754 838 797 in
858 753 981 798 vobis
1009 752 1123 796 facta
1155 750 1287 795 fuerit
1313 749 1515 794 voluntas
1546 749 1651 805 Dei,
1678 749 1790 793 sicut
1842 765 1870 815 μ’

402 823 447 866 in
481 822 616 879 coelo,
651 834 727 869 aut
747 825 781 868 si
803 840 892 868 non
913 839 988 869 vos
1019 827 1132 867 Deus
1165 822 1439 876 custodierit,
1478 835 1533 865 ne
1554 819 1721 864 intretis
1741 819 1789 863 in

402 894 686 939 tentationem
710 914 719 939 z
744 910 878 954 quare
900 894 1009 938 nihil
1030 894 1215 938 horum?
1237 891 1321 938 Sed
1336 891 1468 952 quid?
1491 893 1668 936 «Amen
1690 889 1789 935 dico

403 982 424 1004 »
460 965 607 1020 vobis,
632 966 734 1024 quia
753 966 787 1009 si
810 965 1055 1009 dimiseritis
1077 972 1255 1024 peccata
1271 963 1548 1007 hominibus:
1572 979 1593 1003 »
1613 970 1790 1021 propter
1834 988 1840 992 -

402 1033 535 1089 illud,
575 1053 592 1074 «
620 1035 798 1079 Dimitte
823 1035 949 1079 nobis
971 1034 1119 1079 debita
1137 1043 1281 1078 nostra
1298 1069 1308 1087 ‚
1335 1034 1446 1077 sicut
1467 1041 1510 1075 et
1533 1047 1611 1076 nos
1641 1031 1790 1076 dimit-

405 1122 424 1143 »
462 1104 594 1148 timus
616 1104 889 1149 debitoribus
911 1106 1085 1148 nostris.
1105 1124 1125 1145 »
1155 1103 1454 1148 Praetermissis
1486 1103 1690 1147 omnibus
1712 1116 1790 1161 pe-

404 1173 627 1218 titionibus
660 1190 767 1234 quas
799 1190 877 1218 nos
910 1174 1086 1229 docuit,
1122 1174 1240 1218 illam
1274 1173 1460 1217 maxime
1494 1171 1658 1216 docuit.
1693 1174 1792 1217 Non

400 1244 590 1287 muttum
610 1244 783 1288 fuerant
805 1244 876 1287 illa
893 1243 1263 1297 commendanda,
1288 1244 1334 1286 in
1357 1243 1518 1302 quibus
1535 1243 1568 1286 si
1590 1251 1792 1301 peccator

401 1323 486 1368 est,
509 1314 628 1369 unde
651 1323 827 1358 curetur
849 1323 1053 1372 agnoscat
1072 1333 1080 1357 z
1115 1312 1511 1357 commendandum
1529 1347 1540 1366 ,
1573 1311 1618 1355 in
1642 1327 1731 1372 quo
1758 1312 1792 1355 si

402 1384 669 1442 peccaveris,
696 1393 851 1428 caetera
873 1399 963 1428 non
984 1393 1047 1427 est
1068 1382 1185 1427 unde
1216 1383 1371 1426 sanari.
1400 1385 1492 1426 Hoc
1514 1383 1630 1426 enim
1659 1382 1792 1426 debes

402 1453 566 1498 dicere:
597 1474 616 1496 «
634 1455 812 1498 Dimitte
835 1455 961 1498 nobis
982 1454 1130 1498 debita
1151 1463 1312 1498 nostra.
1335 1472 1354 1494 »
1380 1456 1488 1506 Quae
1503 1453 1674 1497 debita?
1695 1455 1794 1499 Non

402 1522 522 1567 deest
544 1543 552 1568 :
579 1524 777 1568 homines
800 1539 964 1568 sumus.
986 1523 1122 1568 Paulo
1138 1524 1235 1583 plus
1250 1523 1423 1567 locutus
1446 1538 1542 1566 sum
1559 1538 1691 1583 quam
1716 1523 1794 1567 de-

404 1594 496 1647 bui,
523 1593 609 1636 dixi
634 1594 799 1653 aliquid
819 1594 940 1653 quod
964 1609 1054 1638 non
1076 1592 1238 1648 debui,
1264 1593 1335 1636 risi
1358 1592 1454 1652 plus
1471 1607 1605 1652 quam
1631 1593 1790 1649 debui,

406 1663 496 1706 bibi
521 1664 706 1722 amplius
728 1679 862 1723 quam
881 1664 1032 1718 debui,
1065 1663 1236 1708 comedi
1256 1664 1442 1723 amplius
1471 1679 1604 1723 quam
1637 1663 1790 1718 debui,

404 1732 549 1776 audivi
578 1734 766 1777 libenter
789 1733 909 1792 quod
945 1748 1035 1778 non
1059 1732 1215 1787 debui,
1236 1732 1324 1777 vidi
1345 1732 1532 1776 libenter
1549 1731 1671 1792 quod
1702 1747 1792 1777 non

403 1803 552 1857 debui,
579 1803 764 1861 cogitavi
785 1803 973 1848 libenter
995 1803 1117 1863 quod
1139 1819 1228 1848 non
1245 1803 1380 1847 debui
1399 1822 1407 1847 :
1439 1803 1649 1847 «Dimitte
1666 1803 1791 1848 nobis

407 1890 427 1913 »
462 1873 611 1917 debita
650 1883 794 1917 nostra
813 1908 824 1927 ,
873 1874 985 1918 sicut
1011 1883 1054 1917 et
1101 1888 1181 1917 nos
1222 1873 1482 1917 dimittimus
1519 1873 1791 1918 debitoribus

406 1961 425 1982 »
454 1944 626 1987 nostris.
654 1962 674 1983 »
699 1944 873 1998 Peristi‚
897 1944 930 1986 si
947 1944 1032 1989 hoc
1045 1943 1288 2002 perdidisti.

458 2016 586 2057 XIII.
615 2014 770 2057 Videte
785 2048 796 2068 ,
822 2013 974 2057 iratres
996 2014 1101 2069 mei3
1124 2012 1282 2067 videte,
1303 2012 1381 2056 filii
1403 2014 1509 2064 mei;
1535 2012 1694 2068 videte,
1714 2013 1791 2057 filii
1815 2016 1819 2019 ’

401 2085 475 2127 Dei
493 2119 503 2138 ‚
528 2083 672 2129 videte
702 2085 802 2143 quia
824 2082 921 2128 dico
943 2084 1080 2127 vobis.
1115 2087 1310 2142 Pugnate
1333 2099 1433 2127 cum
1463 2083 1594 2129 corde
1613 2093 1758 2129 vestro
1775 2119 1787 2139 ‚

401 2163 613 2212 quantum
637 2155 828 2213 potestis.
847 2157 904 2198 Et
921 2154 955 2198 si
973 2153 1166 2197 videritis
1183 2155 1291 2198 iram
1307 2163 1491 2198 vestram
1509 2164 1621 2199 stare
1638 2154 1791 2199 adver-

401 2239 471 2266 sus
487 2239 583 2279 vos⁷
610 2234 758 2282 rogate
781 2234 931 2268 contra
953 2223 1072 2267 illam
1096 2227 1234 2267 Deum
1256 2241 1264 2265 ε
1298 2225 1426 2269 faciat
1449 2234 1492 2268 te
1514 2228 1627 2269 Deus
1648 2225 1806 2270 victo-.

403 2308 489 2335 rom
516 2294 604 2347 tui,
638 2292 765 2338 faciat
795 2304 836 2338 te
860 2297 973 2337 Deus
995 2294 1203 2337 victorem
1219 2330 1229 2348 ,
1254 2310 1342 2337 non
1364 2295 1530 2338 inimici
1550 2296 1790 2339 forinsecus
1828 2342 1831 2344 ,

403 2363 489 2416 tui,
515 2363 588 2407 sed
606 2364 864 2408 intrinsecus
887 2364 1017 2407 animi
1043 2364 1119 2407 tuit
1143 2364 1294 2408 Aderit
1318 2365 1433 2407 enim
1452 2373 1495 2407 et
1516 2363 1658 2408 faciet.
1687 2364 1788 2409 Plus

397 2430 493 2474 vult
508 2441 557 2474 ut
570 2434 651 2476 hoc
665 2434 719 2478 ab
740 2433 814 2478 illo
828 2443 1024 2493 petamus
1036 2468 1046 2488 ,
1076 2448 1206 2492 quam
1236 2433 1443 2492 pluviam.
1460 2433 1625 2478 Videtis
1641 2434 1757 2478 enim
1771 2469 1783 2488 ‚

396 2502 629 2545 charissimi
643 2538 653 2557 ,
679 2514 785 2563 quiot
803 2505 1030 2563 petitiones
1048 2503 1196 2547 docuit
1226 2519 1303 2546 nos
1322 2504 1532 2548 Dominm
1554 2504 1774 2554 Christus,

449 2591 456 2607 ¹
474 2586 586 2616 matth.
606 2598 650 2622 vr,
675 2587 724 2627 τί).

1855 2574 1862 2925 ...u—*Q
1860 2557 1861 2566 ⁴
