1898 3178
367 229 452 266 626
807 237 837 262 s.
877 236 1104 262 annosum
1138 237 1319 266 Erlscori

364 311 406 345 et
439 301 547 344 v‘idit
596 309 905 344 transeuntem.
943 297 1020 342 Ille
1056 307 1200 342 autem
1234 298 1395 357 aspexit
1430 313 1553 351 eum,
1582 306 1624 344 et
1647 298 1705 341 ait
1734 317 1742 341 ;

371 390 390 411 «
415 370 641 425 Zacchaee,
667 368 880 413 descende
898 403 908 423 ,
934 367 1051 428 apud
1074 377 1113 411 te
1135 377 1305 427 oportet
1325 383 1393 411 me
1416 382 1604 415 manere.
1636 385 1654 408 n
1684 369 1749 410 Tu

361 439 539 500 pendes,
560 440 634 484 sed
653 455 740 484 non
762 448 803 483 te
817 439 1050 498 suspendo,
1066 440 1148 483 hoc
1168 448 1248 493 est,
1268 454 1356 483 11011
1369 447 1411 482 te
1429 436 1742 482 differoNole·

360 511 435 554 bas
457 511 602 554 videre
625 519 940 563 transeuntem,
962 509 1090 552 hodie
1113 524 1180 552 me
1194 508 1310 567 apud
1337 518 1375 551 te
1399 509 1588 551 invenies
1613 507 1739 551 111111-

365 589 544 624 tantem.
557 582 776 638 Ingressus
791 588 854 623 est
866 578 920 623 ad
932 593 1032 622 eum
1048 576 1491 637 Dominus.Repletus
1507 576 1578 621 ille
1593 576 1763 636 gaudio·

367 651 425 695 ait
444 670 452 695 :
469 669 489 693 «
505 649 742 695 Dimidium
756 665 901 694 rerum
914 665 1108 694 mearum
1122 648 1180 694 do
1196 648 1474 709 pauperibus.
1485 651 1623 692 »Ecce
1637 663 1751 709 quo-

366 721 498 767 modo
525 722 683 767 currit1
697 757 707 777 ,
734 721 810 782 qui
832 721 967 766 currit
987 720 1129 766 facere
1151 721 1309 766 amicos
1332 720 1386 765 de
1403 735 1650 764 mammona
1668 719 1752 764 ini-

366 794 556 854 quitatis.
574 795 630 838 Et
644 809 699 838 ne
714 809 811 838 reus
828 792 1003 838 aliunde
1017 802 1236 838 teneretur
1259 811 1267 838 :
1285 811 1303 834 «
1324 792 1366 837 Si
1383 792 1452 839 cui
1466 790 1631 851 aliquid
1651 790 1749 848 tuli,

374 884 392 907 »
411 866 485 921 ait,
503 864 799 925 quadruplum
814 864 1007 909 reddam.
1019 864 1208 908 »Inssixit
1223 864 1302 908 sibi
1321 864 1750 919 condemnationem,

368 952 424 981 ne
455 937 696 984 incurreret
729 935 1071 980 damnationem.
1098 937 1214 993 Ergo
1236 934 1312 994 qui
1341 934 1508 979 habetis
1536 933 1590 978 de
1614 934 1754 990 malo,

369 1006 496 1052 facite
528 1007 631 1051 inde
652 1007 835 1051 bonum.
862 1007 943 1060 Qui
976 1021 1066 1051 11011
1087 1006 1257 1050 habetis
1279 1004 1333 1050 de
1354 1005 1490 1060 malo,
1518 1005 1652 1050 nolite
1675 1020 1752 1053 ac-

369 1078 540 1138 quirere
562 1077 617 1123 de
638 1077 768 1121 malo.
788 1079 893 1121 Esto
909 1077 1050 1121 bonus
1070 1076 1207 1136 tuqui
1231 1076 1395 1120 bonum
1417 1075 1521 1120 facis
1543 1075 1597 1119 de
1613 1075 1727 1120 malo
1745 1094 1755 1121 ;

370 1158 414 1193 et
432 1163 533 1193 cum
557 1148 740 1207 coeperis
779 1146 943 1207 aliquid
968 1147 1072 1191 boni
1093 1146 1234 1190 facere
1249 1145 1303 1190 de
1325 1146 1439 1190 malo
1460 1181 1470 1201 ,
1496 1146 1586 1190 noli
1614 1161 1757 1190 rema-

371 1234 473 1263 nere
497 1228 543 1263 tu
563 1217 718 1262 malus.
742 1217 922 1264 Nummi
943 1217 1006 1261 tui
1031 1217 1406 1262 convertunturin
1429 1217 1594 1261 bonum
1612 1251 1623 1272 ,
1645 1226 1689 1261 et
1710 1226 1759 1261 tu

371 1305 566 1334 remanes
585 1288 727 1333 malus
743 1289 761 1330 ‘?

432 1362 506 1404 IV.
532 1362 608 1404 Est
630 1359 809 1419 quidem
826 1367 869 1402 et
891 1357 999 1402 alius
1021 1357 1267 1402 intellectus
1287 1378 1297 1416 3
1318 1373 1397 1402 nec
1419 1358 1561 1417 ipsum
1585 1358 1755 1402 tacebo.

372 1433 623 1475 Mammona
641 1429 880 1489 iniquitatis
897 1463 907 1483 ,
934 1427 1096 1472 divitiae
1118 1437 1219 1472 sunt
1250 1428 1397 1472 saeculi
1421 1443 1568 1472 omnes
1585 1464 1596 1483 ,
1619 1428 1761 1472 unde-

372 1515 562 1560 cumque
574 1499 673 1544 sint.
694 1498 1012 1557 Undecumque
1027 1498 1143 1541 enim
1158 1507 1494 1556 congregentur,
1511 1513 1762 1543 mammona

373 1570 613 1630 iniquitatis
635 1578 724 1624 est,
750 1569 795 1612 id
819 1578 904 1623 est,
932 1569 1093 1612 divitiae
1126 1578 1228 1612 sunt
1261 1569 1514 1629 iniquitatis.
1536 1569 1652 1623 Quid
1673 1579 1758 1625 est,

373 1641 535 1685 divitiae
552 1649 655 1685 sunt
681 1639 956 1698 iniquitatis?
978 1638 1167 1683 Pecunia
1191 1648 1275 1690 est,
1301 1655 1433 1698 quam
1453 1641 1627 1683 nomine
1652 1640 1764 1685 divi-

375 1712 533 1756 tiarum
562 1709 752 1770 appellat
773 1709 993 1769 iniquitas.
1023 1709 1066 1754 Si
1089 1709 1204 1752 enim
1233 1724 1353 1753 veras
1382 1709 1551 1754 divitias
1580 1711 1759 1770 quaeris,

376 1782 470 1826 aliae
487 1790 603 1826 sunt.
622 1780 798 1825 Talibus
812 1780 896 1824 Job
914 1778 1058 1823 nudus
1076 1779 1345 1834 abundabat,
1367 1781 1543 1840 quando
1560 1781 1604 1824 in
1624 1784 1763 1826 Deum

376 1868 449 1897 cor
470 1851 650 1912 plenum
670 1850 863 1894 habebat
879 1885 889 1904 ,
916 1859 958 1894 et
979 1849 1130 1893 laudes
1154 1852 1243 1894 Deo
1267 1848 1443 1908 perditis
1473 1851 1673 1894 omnibus
1695 1866 1763 1894 re-
1810 1839 1814 1843 ⁷

377 1923 458 1967 bus
476 1932 685 1982 tanquam
705 1935 894 1979 gemmas
921 1920 1246 1978 pretiosissimas
1265 1919 1514 1977 proferebat
1529 1922 1559 1964 ².
1590 1924 1650 1965 Dc
1672 1937 1762 1981 quo

377 1994 600 2047 thesauro,
625 1991 659 2035 si
681 1991 789 2034 1111111
812 1990 1034 2034 habebat?
1058 1993 1166 2048 lpsae
1189 1999 1290 2033 sunt
1317 2005 1429 2033 verae
1449 1989 1625 2035 divitiae.
1665 1995 1764 2040 Istae

379 2072 523 2108 autem
547 2062 601 2106 ab
624 2061 855 2118 iniquitate
877 2058 1151 2119 appellantur
1169 2058 1345 2103 divitiae.
1371 2061 1513 2104 Habes
1534 2059 1649 2115 illas,
1675 2077 1764 2105 non

379 2131 650 2193 reprehendo
682 2129 942 2175 :haereditas
970 2129 1114 2184 venit,
1142 2138 1264 2188 pater
1294 2138 1393 2174 tuus
1425 2131 1543 2175 dives
1577 2130 1686 2186 fuit,
1721 2140 1764 2175 et

378 2205 542 2249 dimisit
563 2203 658 2248 tibi.
686 2204 874 2247 Honeste
903 2201 1119 2261 acquisisti
1148 2219 1156 2244 :
1187 2199 1241 2243 dc
1263 2201 1388 2259 justis
1418 2201 1642 2245 laboribus
1669 2202 1763 2262 ple-

380 2290 480 2319 nam
505 2273 685 2321 domum
714 2272 869 2326 habes,
905 2287 993 2316 non
1028 2270 1314 2330 reprehendo.
1353 2274 1513 2315 Tamen
1542 2272 1670 2316 etiam
1705 2272 1765 2317 sic

381 2344 471 2390 noli
492 2343 585 2388 illas
602 2342 746 2387 dicere
762 2342 948 2386 divitias.
971 2344 1080 2387 Nam
1098 2341 1132 2384 51
1155 2340 1259 2384 dicis
1282 2340 1375 2385 illas
1391 2340 1582 2397 divitias,
1601 2343 1762 2387 amabis

382 2415 506 2460 illas:
532 2423 575 2458 et
595 2414 628 2458 51
664 2413 870 2458 amaveris
897 2411 1012 2468 illas,
1050 2412 1210 2471 peribis
1240 2427 1338 2456 cum
1377 2411 1474 2456 illis.
1509 2412 1668 2466 Perde,
1709 2427 1763 2457 ne

384 2500 530 2544 pereas
556 2503 565 2529 :
591 2483 728 2539 dona,
759 2493 809 2528 ut
837 2482 1031 2543 acquiras
1057 2501 1066 2526 z
1091 2483 1275 2538 semina,
1301 2492 1351 2527 ut
1371 2492 1519 2528 metas.
1542 2485 1627 2528 Has
1649 2482 1763 2528 divi—

431 2576 439 2592 ¹
460 2569 538 2602 Cod.
557 2571 641 2602 Cass.
655 2581 682 2603 u
697 2580 704 2600 :
720 2568 883 2607 Quomodo
895 2568 1020 2601 curavit
1038 2566 1158 2601 facere.
1174 2584 1215 2591 -
1237 2573 1249 2591 ²
1269 2568 1342 2600 Job.
1364 2578 1387 2608 1,
1402 2576 1455 2600 21.
