1898 3178
332 208 471 235 sermo
503 206 630 243 XLVI,
666 206 719 233 DE
752 204 1002 234 PAsTomBus
1034 207 1078 233 m
1111 207 1257 233 EZECH.
1433 196 1484 233 15

108 281 157 317 ut
176 281 340 317 tectum
362 271 550 330 aperias,
574 280 618 315 ct
638 271 828 330 deponas
851 272 907 316 ad
935 273 1168 317 Dominum
1189 271 1376 316 animam
1403 286 1482 331 pa-

107 341 353 399 ralyticam,
378 340 628 386 dissolutam
647 341 851 386 omnibus
872 342 1098 398 membris,
1124 350 1168 386 et
1188 350 1416 386 vacantem
1431 341 1487 385 ab

104 412 223 456 omni
244 425 373 470 opere
392 411 511 456 bono
524 445 535 466 ‚
561 419 780 469 gravatam
809 411 962 471 utique
983 412 1171 470 peccatis
1192 411 1278 456 suis
1294 445 1305 466 ,
1330 419 1374 455 et
1389 411 1486 454 lan-

103 489 307 540 guentem
328 482 482 527 morbo
519 481 769 542 cupiditatis
809 497 915 526 suae.
943 482 987 527 Si
1015 497 1115 541 ergo
1137 482 1345 528 dissoluta
1380 489 1485 526 sunt

107 552 303 597 membra
324 552 469 597 omnia
484 585 497 607 ,
521 561 565 597 et
585 560 650 596 est
665 551 873 611 paralysis
892 552 1071 597 interior
1087 586 1098 607 ,
1118 561 1169 596 ut
1185 550 1411 612 pervenias
1432 550 1488 596 ad

106 621 327 667 medicum
343 656 356 677 ,
392 621 536 680 (forte
567 622 684 667 enim
705 622 812 667 latet
842 620 1038 667 medicus
1052 656 1064 678 ,
1089 631 1133 666 et
1151 622 1268 667 intus
1290 630 1353 667 est
1368 656 1380 678 ,
1403 621 1489 666 hoc

106 700 187 747 est,
203 691 282 736 iste
293 706 420 737 verus
433 691 680 737 intellectus
695 691 741 737 in
758 692 989 752 Scripturis
1009 690 1207 737 occultus
1223 700 1302 747 est,
1320 693 1339 750 )
1354 706 1488 751 expo-

102 762 249 807 nendo
270 761 392 823 quod
413 761 635 807 occultum
656 771 719 807 est
738 762 855 822 aperi
874 771 1039 807 tectum
1057 797 1068 818 ‚
1101 770 1145 806 et
1168 762 1339 822 depone
1359 776 1488 820 para—

100 829 298 888 lyticum.
321 832 451 886 Quod
467 833 545 894 qui
562 849 653 878 non
673 832 839 878 faciunt
856 868 867 888 ,
898 842 941 878 et
963 833 1040 893 qui
1062 831 1204 877 facere
1225 832 1456 891 negligunt
1473 865 1486 887 ,

99 900 275 946 audistis
296 917 396 962 quae
416 902 598 947 audiant
618 921 627 948 :
649 921 670 945 «
693 901 819 956 Quod
836 902 948 947 male
970 901 1150 958 habuit,
1175 917 1266 946 non
1283 901 1489 946 corrobo-

103 987 124 1011 »
158 971 306 1030 rastis;
325 981 369 1017 et
384 973 506 1032 quod
522 972 867 1018 contribulatum
886 982 964 1029 est,
981 988 1071 1017 non
1090 971 1343 1031 colligastis.
1358 989 1380 1013 »
1391 974 1413 1016 J
1419 986 1489 1015 am

98 1040 200 1086 hinc
218 1040 419 1087 diximus.
446 1045 625 1088 Fractus
642 1043 758 1087 enim
778 1052 872 1087 erat
889 1051 1053 1088 terrore
1072 1041 1368 1087 tentationum
1389 1060 1398 1086 :
1418 1055 1488 1085 ac·

98 1109 204 1155 cidit
220 1111 386 1171 aliquid
403 1112 520 1157 unde
540 1112 663 1172 quod
685 1112 873 1157 fractum
897 1122 960 1156 est
976 1147 987 1167 ,
1008 1112 1241 1170 colligetur
1254 1146 1265 1166 ,
1286 1111 1486 1156 consola-

100 1180 160 1224 tio
188 1179 262 1224 illa
283 1198 294 1225 ;
318 1199 343 1222 ι(
366 1181 525 1224 Fidelis
547 1184 661 1224 Deus
698 1182 775 1240 qui
803 1196 892 1225 non
933 1196 1009 1225 vos
1043 1182 1157 1225 sinat
1177 1180 1336 1224 tentari
1357 1195 1487 1239 supra

102 1266 124 1291 »
157 1263 291 1309 quam
310 1248 489 1308 potestis
509 1248 648 1304 ferre,
673 1248 751 1293 sed
787 1249 916 1294 faciet
937 1264 1039 1294 cum
1075 1250 1316 1295 tentatione
1352 1250 1485 1294 etiam

102 1335 124 1360 »
157 1318 321 1363 exitum
338 1352 349 1374 ‚
373 1327 424 1362 ut
444 1318 613 1378 possitis
631 1319 842 1363 sustinere
856 1321 888 1362 ¹.
917 1337 936 1360 »

156 1389 278 1433 XIV.
307 1406 326 1428 «
347 1390 404 1432 Et
420 1388 542 1448 quod
564 1388 764 1444 errabat,
788 1403 879 1433 non
895 1388 1167 1433 revocastis2.
1186 1407 1206 1431 υ
1232 1391 1346 1434 Ecce
1368 1387 1489 1433 unde

99 1457 211 1502 inter
227 1458 453 1504 haereticos
475 1458 788 1518 periclitamur.
818 1461 913 1503 «Et
934 1458 1057 1519 quod
1078 1459 1251 1504 errabat
1264 1494 1275 1514 ,
1301 1475 1392 1504 non
1413 1474 1486 1503 re·-

104 1545 126 1570 »
159 1530 363 1588 vocastis,
391 1538 435 1574 et
468 1530 589 1590 quod
615 1530 765 1589 periit,
801 1544 892 1574 non
911 1529 1160 1590 inquisistis.
1188 1547 1210 1571 »
1236 1530 1349 1575 Hinc
1371 1530 1486 1574 inter

100 1612 255 1643 manus
274 1598 497 1644 latronum
514 1609 558 1644 et
572 1600 723 1644 dentes
744 1600 951 1659 luporum
974 1599 1217 1645 furentium
1244 1608 1486 1660 utcumque

101 1683 323 1714 versamur
346 1689 356 1714 z
382 1679 426 1714 et
445 1686 526 1730 pro
546 1671 611 1715 h-is
633 1669 834 1730 periculis
867 1669 1024 1714 nostris
1047 1679 1098 1714 ut
1115 1669 1245 1715 oretis
1261 1704 1272 1725 ,
1292 1685 1484 1715 oramus.

100 1738 159 1783 Et
178 1748 454 1784 contumaces
470 1749 573 1784 sunt
594 1755 716 1795 oves,
740 1740 843 1800 quia
864 1747 1125 1800 quaeruntur
1146 1748 1357 1796 errantes,
1378 1739 1485 1784 alie-

102 1821 179 1852 nas
199 1823 243 1852 se
274 1824 299 1852 a
319 1809 444 1854 nobis
473 1808 628 1854 dicunt
648 1824 793 1854 errore
814 1824 893 1854 suo
918 1818 961 1854 et
983 1808 1228 1868 perditione
1248 1825 1340 1854 sua.
1367 1808 1486 1863 Quid

102 1890 182 1922 nos
210 1877 375 1923 vultis?
396 1878 506 1940 quid
535 1894 613 1924 nos
638 1879 868 1940 quaeritis?
899 1880 1027 1932 Quasi
1059 1895 1150 1924 non
1171 1880 1262 1938 ipsa
1283 1895 1411 1924 causa
1432 1880 1488 1924 sit

104 1962 240 2007 quare
260 1964 330 1993 eas
349 1948 554 2005 velimus,
585 1959 629 1994 et
649 1965 785 2011 quare
813 1965 1088 2010 quaeramus,
1119 1950 1223 2010 quia
1250 1958 1421 2005 errant,
1447 1958 1493 1994 et

105 2027 307 2075 pereunt.
337 2019 380 2064 Si
402 2021 449 2064 in
470 2034 630 2076 errore,
645 2020 805 2080 inquit,
825 2035 938 2075 sum,
955 2020 990 2064 si
1010 2021 1056 2065 in
1081 2020 1279 2075 interitu,
1295 2019 1404 2080 quid
1421 2034 1492 2064 me

105 2087 198 2131 vis?
218 2088 325 2148 quid
345 2103 415 2132 me
443 2091 600 2148 quaeris
615 2091 635 2130 ἱ)
655 2091 767 2141 Quia
787 2091 832 2134 in
858 2105 1002 2134 errore
1021 2105 1087 2146 es,
1118 2105 1323 2136 revocare
1355 2089 1457 2135 volo
1478 2108 1488 2134 ε

108 2156 211 2215 quia
233 2158 408 2215 peristi,
431 2157 626 2202 invenire
644 2156 761 2202 volo.
795 2156 863 2202 Sic
881 2155 982 2201 volo
1010 2172 1151 2201 errare
1169 2192 1181 2212 ,
1201 2160 1260 2202 sic
1289 2158 1390 2202 volo
1415 2173 1494 2217 pe-

111 2225 208 2269 rire.
224 2226 292 2270 Sic
306 2227 369 2271 vis
390 2242 547 2282 errare,
562 2227 620 2271 sic
636 2226 699 2271 vis
717 2226 888 2285 perire?
904 2228 1079 2279 Quanto
1093 2226 1248 2270 melius
1262 2241 1343 2286 ego
1361 2227 1494 2271 nolo?

113 2297 292 2340 Prorsus
314 2296 454 2341 audeo
476 2296 643 2352 dicere,
677 2298 952 2356 importunus
982 2312 1093 2341 sum.
1120 2296 1265 2342 Audio
1289 2297 1404 2341 enim
1426 2297 1494 2341 di-

113 2375 284 2410 centem
305 2367 562 2425 Apostolum
582 2387 590 2411 :
612 2386 632 2408 «
649 2366 839 2411 Praedica
861 2367 1043 2411 verbum
1061 2402 1071 2422 ,
1097 2368 1208 2411 insta
1229 2376 1490 2427 opportune,

115 2452 138 2476 »
172 2435 419 2496 importune
434 2439 464 2479 ⁵.
496 2456 514 2477 »
540 2437 708 2489 Quibus
732 2439 1009 2497 opportune?
1031 2436 1193 2496 quibus
1211 2437 1494 2497 importune?

161 2526 170 2543 ¹
194 2531 207 2552 ι
226 2522 299 2552 Cor.
315 2531 347 2562 x,
370 2522 418 2553 13.
440 2537 478 2543 —‹
501 2529 511 2543 ²
529 2520 644 2553 Ezech.
668 2532 778 2563 xxxiv,
800 2522 831 2563 4.
854 2537 894 2545 -
914 2520 928 2544 ³
950 2531 969 2554 2
987 2521 1066 2553 Tim.
1091 2532 1136 2563 lv,
1158 2530 1191 2554 2.
