1898 3178
327 247 466 274 SERMO
497 247 668 285 Lxxxix,
704 250 758 275 DE
791 249 935 277 vEnsis
967 249 1131 278 MATTH.
1169 252 1260 278 xxi.
1406 240 1489 280 465

113 309 546 366 mathematicorum,
581 312 907 371 phanaticorum
923 349 934 369 ,
965 330 1178 374 augurum
1195 350 1206 370 ,
1232 316 1453 375 auspicum
1476 352 1486 371 ,

111 378 323 436 ebriosos,
363 380 624 436 luxuriosos,
659 382 878 442 quidquid
913 385 1025 429 inter
1056 401 1131 431 vos
1156 386 1369 431 malorum
1401 401 1491 430 esse

109 450 264 507 nostis,
297 459 512 510 quantum
538 452 737 510 potestis,
762 454 1004 513 improbate
1026 466 1076 501 ut
1097 456 1227 501 corde
1249 457 1486 514 recedatis,

107 527 151 564 et
172 519 436 579 redarguite,
476 530 526 565 ut
557 522 714 567 exeatis
735 523 859 582 inde,
890 534 933 570 et
969 526 1103 573 nolite
1145 527 1412 582 consentire,
1438 535 1487 570 ut

106 587 384 635 immundum
404 607 495 637 non
511 592 708 652 tangatis.

105 768 456 788 mmmm
461 771 1443 792 mmmmmmmmmmmmm
1448 775 1488 791 W

511 909 740 957 SERMO
783 912 1022 959 LXXXIX
1036 911 1064 958 ².

0 1082 6 1111 3
39 1059 42 1070 ²
100 1064 179 1111 De
201 1065 357 1112 verbis
377 1067 640 1131 Evangelii
658 1069 838 1115 [llattlz.
866 1090 959 1127 xxi,
986 1070 1068 1116 aba·
1094 1071 1235 1117 Jeszcs
1259 1071 1482 1117 arborem

37 1130 42 1134 ⁴
159 1138 389 1199 arefecit,
415 1148 462 1184 et
482 1137 541 1184 de
573 1138 665 1185 illis
686 1140 829 1186 chcoe
869 1160 991 1198 xxw,
1017 1141 1101 1187 abi
1130 1144 1273 1196 finxit
1292 1159 1343 1188 se
1378 1142 1481 1188 lotz-

88 1222 93 1226 ·
155 1223 263 1268 gius
284 1224 367 1254 cre.

154 1369 190 1410 Ι.
223 1368 380 1426 Lecrno
402 1367 691 1410 recentissima
712 1369 848 1411 sancti
870 1367 1094 1426 Evangelii
1117 1368 1370 1424 admonuit,
1397 1380 1484 1415 ter-

3 1446 13 1453 ·
97 1435 185 1479 ruit
221 1451 322 1491 nos,
362 1451 417 1480 ne
450 1434 553 1479 folia
575 1435 813 1480 habeamus
835 1445 877 1479 et
898 1437 1091 1480 fructum
1114 1453 1203 1482 non
1225 1440 1478 1486 habeamus.

43 1502 48 1569 ἰ
97 1507 192 1550 Hoc
214 1514 358 1549 autem
380 1505 568 1549 breviter
590 1505 819 1564 exponitur
845 1524 854 1550 ι
878 1521 933 1549 ne
955 1507 1087 1550 verba
1110 1507 1274 1563 adsint,
1298 1519 1341 1553 et
1368 1511 1482 1555 facta

10 1563 13 1567 ’
44 1583 51 1634 ⁴2
96 1574 252 1621 desint.
272 1577 458 1634 Magnus
476 1576 645 1619 terror?
663 1574 764 1627 Quis
787 1589 876 1618 non
898 1575 1048 1619 timeat
1069 1591 1170 1620 cum
1191 1578 1237 1620 in
1271 1579 1361 1637 ipsa
1392 1579 1485 1624 lec-

11 1668 15 1675 ·
46 1647 51 1659 '
95 1645 213 1690 tione
233 1643 369 1690 oculis
391 1644 531 1689 cordis
551 1643 715 1703 aridam
739 1643 936 1688 arborem
958 1644 1097 1700 videt,
1124 1654 1166 1689 et
1200 1646 1258 1690 sic
1280 1657 1330 1691 ut
1354 1649 1392 1692 ei
1414 1650 1482 1693 di-

94 1724 217 1759 catur
242 1733 251 1759 :
281 1732 302 1756 «
322 1716 558 1774 Nunquam
579 1713 623 1757 in
639 1721 682 1756 te
704 1713 871 1757 fructus
893 1723 1094 1758 nascatur
1112 1715 1158 1759 in
1180 1723 1432 1761 aeternum2.
1457 1737 1478 1760 »

0 1791 18 1819 3·
49 1831 53 1835 ,
79 1788 251 1831 ‘Terror
284 1786 492 1843 corrigat,
529 1784 738 1829 correctio
776 1782 943 1828 fructus
977 1785 1182 1843 proferat.
1214 1787 1314 1831 Sine
1343 1789 1479 1834 dubio

94 1856 211 1899 enim
243 1855 454 1900 Dominus
489 1853 685 1898 Christus
707 1852 977 1911 praevidebat
1010 1855 1208 1899 arborem
1242 1859 1478 1916 quamdam

0 1918 9 1951 5
44 1938 54 1982 J
81 1926 249 1971 'merito
272 1924 436 1970 aridam
458 1924 574 1978 fieri,
612 1923 732 1982 quod
767 1922 947 1966 haberet
974 1922 1100 1979 folia,
1125 1934 1168 1969 et
1199 1924 1366 1973 fructus
1387 1946 1478 1975 non

4 2004 8 2008 '
53 2021 59 2050 ;
93 1997 288 2042 haberet.
313 1999 377 2040 Ea
413 2004 476 2039 est
514 1997 764 2052 synagoga,
804 2009 893 2037 non
914 2003 1089 2049 vocata,
1126 1995 1201 2040 sed
1229 1999 1473 2057 reprobata.

53 2055 59 2085 ²
77 2068 202 2114 'Nam
223 2075 267 2111 et
285 2064 389 2110 inde
409 2073 588 2110 vocatus
608 2061 797 2123 populus
819 2062 918 2118 Dei,
946 2064 1016 2107 cui
1038 2065 1245 2109 veraciter
1266 2076 1309 2111 et
1336 2069 1477 2114 since-

9 2131 12 2136 ’
54 2143 61 2178 ⁴:
93 2139 196 2183 riter
216 2138 262 2182 in
301 2135 528 2195 Prophetis
551 2133 808 2194 expectabat
839 2132 1025 2178 salutare
1048 2135 1124 2178 Dei
1153 2138 1301 2180 Jesum
1330 2139 1476 2185 Chris-

0 2218 25 2247 ιε·
54 2242 57 2246 .
92 2217 203 2253 tum.
227 2209 286 2252 Et
301 2206 509 2266 quoniam
528 2203 715 2248 fideliter
732 2203 1007 2263 expectabat,
1033 2205 1190 2250 meruit
1214 2221 1473 2266 cognoscere

93 2287 365 2338 praesentem.
402 2276 513 2320 Inde
539 2275 655 2319 enim
675 2273 894 2333 Apostoli,
919 2273 1021 2318 inde
1042 2283 1132 2319 tota
1153 2276 1282 2321 turba
1306 2294 1470 2337 praece-

0 2344 28 2379 s*
52 2381 54 2385 -
93 2348 290 2394 dentium
306 2349 555 2407 jumentum
577 2344 750 2389 Domini
772 2353 815 2388 et
847 2343 1086 2388 dicentium
1105 2379 1115 2399 ,
1145 2363 1165 2386 «
1191 2348 1394 2394 Hosanna
1416 2353 1470 2395 ss-

11 2439 28 2459 ν.
95 2436 117 2462 u
149 2419 209 2465 lio
240 2417 394 2471 David,
424 2414 680 2460 benedictus
702 2414 779 2473 qui
796 2415 916 2458 venit
936 2414 982 2457 in
1004 2414 1180 2459 nomine
1200 2419 1373 2463 Domini
1389 2422 1420 2464 3.
1445 2440 1465 2464 »

139 2525 150 2540 ¹
168 2516 250 2550 Alias
272 2527 294 2558 9
312 2515 395 2547 inter
413 2513 514 2547 editos
528 2522 567 2545 ex
578 2512 664 2544 MSS.
685 2510 856 2543 Carthasim
874 2510 1019 2551 Majoris.
1047 2526 1089 2534 —
1106 2517 1120 2533 ²
1144 2512 1261 2545 Manli.
1283 2526 1346 2557 xm,
1372 2529 1468 2560 19.—

97 2572 110 2597 3
128 2574 208 2607 ibid.
229 2575 260 2605 9.

252 2636 387 2666 cxxv.
1218 2623 1269 2662 30
