1898 3178
343 284 482 314 SERMO
512 285 650 323 Lxm,
685 285 740 311 DE
772 283 919 313 vmzms
949 283 1115 314 MATTH.
1152 285 1247 312 vm.
1399 273 1478 313 251

107 469 1415 488 mmmmmmmxmxwmmbmxmmmm
1421 471 1486 486 ἱΝἉ

560 598 790 645 SERMO
827 599 980 645 LXIII
1004 596 1032 644 ¹.

104 762 168 804 De
199 759 340 805 verbis
362 759 586 818 Evangelii
612 760 768 804 Matth.
795 778 876 804 v111
903 778 912 803 :
944 756 1014 804 Et
1046 758 1336 805 ascendente
1360 777 1415 805 eo
1438 762 1486 806 in

593 828 864 875 noviculam
879 864 890 885 ,
918 838 1006 874 etc.

161 991 196 1032 Ι.
239 987 304 1033 ΒΕ
329 988 516 1032 lectione
535 988 826 1032 recentissima
862 989 997 1032 sancti
1021 987 1269 1048 Evangelii,
1294 988 1486 1033 donante

99 1059 286 1104 Domino
301 1094 312 1114 ,
338 1058 537 1118 alloquor
558 1074 653 1114 VOS,
681 1068 722 1103 et
740 1060 784 1102 in
799 1058 875 1103 illo
897 1060 1124 1115 exhortor,
1145 1069 1195 1104 ut
1212 1070 1363 1105 contra
1381 1070 1485 1104 tem-

96 1139 284 1190 pestates
309 1139 351 1174 et
373 1131 534 1174 fluctus
554 1130 699 1174 saeculi
722 1131 852 1189 hujus
871 1145 960 1174 non
979 1129 1165 1174 dormiat
1187 1129 1293 1174 fides
1314 1131 1360 1174 in
1386 1146 1485 1175 cor-

97 1200 226 1245 dibus
245 1201 409 1245 vcstris.
430 1203 527 1246 Non
545 1201 659 1244 enim
676 1217 822 1245 revera
843 1201 1052 1245 Dominus
1078 1201 1276 1246 Christus
1300 1211 1483 1246 mortem

95 1271 251 1314 habuit
272 1272 316 1314 in
338 1279 551 1329 potestate
565 1306 576 1328 ,
607 1286 809 1314 somnum
829 1287 917 1315 non
940 1271 1096 1315 habuit
1116 1271 1162 1314 in
1184 1280 1416 1331 potestate,
1442 1281 1485 1316 et

96 1339 207 1386 forte
235 1340 579 1399 omnipotentem
604 1341 881 1399 navigantem
908 1356 1084 1385 somnus
1107 1343 1258 1400 pressit
1279 1343 1479 1387 invitum.

95 1413 189 1456 Hoc
207 1412 240 1455 si
255 1410 522 1456 credideritis
534 1447 544 1466 ‚
566 1410 727 1456 dormit
746 1411 788 1455 in
803 1411 926 1456 vobis
944 1431 952 1456 z
971 1412 1003 1455 si
1021 1421 1166 1456 autem
1179 1413 1226 1457 in
1237 1412 1358 1458 vobis
1376 1414 1484 1472 vigi-

92 1483 154 1527 lat
178 1483 401 1536 Christus,
426 1481 577 1540 vigilat
599 1481 704 1526 fides
726 1491 883 1527 vestra.
915 1483 1150 1542 Apostolus
1173 1484 1279 1529 dicit
1305 1504 1314 1529 ε
1345 1503 1366 1527 «
1391 1487 1483 1529 Ha-

2 1590 7 1597 .
74 1546 117 1594 ⁴»
151 1553 290 1596 bitare
307 1553 530 1598 Christum
552 1568 629 1612 per
650 1552 782 1596 fidem
804 1554 848 1596 in
872 1552 1078 1598 cordibus
1100 1555 1293 1599 vestris2.
1320 1573 1341 1596 »
1367 1557 1482 1613 Ergo

91 1633 135 1669 et
155 1639 333 1668 somnus
353 1623 512 1668 Christi
531 1624 702 1681 signum
719 1633 782 1667 est
801 1625 1074 1668 sacramenti.
1099 1626 1358 1683 Navigantes
1380 1636 1482 1671 sunt

0 1720 2 1729 ·
30 1716 38 1730 r
91 1695 247 1738 animae
266 1693 312 1737 in
330 1692 448 1751 ligno
465 1693 673 1739 saeculum
694 1703 981 1738 transeuntes.
1003 1696 1148 1738 Etiam
1166 1695 1285 1740 navis
1307 1695 1380 1740 illa
1397 1699 1483 1740 Ec-

0 1802 8 1819 ,
89 1763 262 1808 clesiam
283 1764 513 1821 figurabat.
550 1766 607 1807 Et
628 1763 787 1823 singuli
809 1764 973 1824 quippe
996 1765 1158 1825 templa
1185 1776 1287 1810 sunt
1311 1767 1411 1821 Dei,
1438 1776 1481 1811 et

18 1849 32 1882 ιε
87 1834 390 1894 unusquisque
407 1835 453 1877 in
470 1833 600 1879 corde
618 1850 696 1878 suo
718 1835 892 1892 navigat
919 1853 927 1880 ε
949 1851 1030 1879 nec
1055 1835 1158 1880 facit
1178 1835 1476 1895 naufragium,

27 1931 33 1944 i
88 1904 121 1947 si
141 1904 259 1949 bona
281 1904 458 1962 cogitat.

146 1976 205 2018 II.
232 1973 402 2018 Audisti
428 1972 696 2028 convitium,
729 1982 885 2017 ventus
916 1983 980 2018 est
1012 1993 1020 2020 :
1047 1974 1183 2019 iratus
1216 1991 1283 2031 es,
1318 1976 1478 2021 fluctus

20 2060 29 2104 ξ
86 2053 162 2088 est.
188 2046 331 2088 Vento
349 2044 482 2103 igitur
503 2044 636 2088 flante
655 2080 666 2100 ,
685 2044 824 2088 fluctu
847 2054 1054 2104 surgente
1071 2081 1082 2099 ,
1107 2045 1376 2104 periclitatur
1396 2062 1474 2092 na-

26 2151 29 2154 .
85 2115 168 2170 vis,
188 2112 458 2174 periclitatur
473 2130 547 2159 cor
564 2125 711 2170 tuum,
732 2115 918 2160 fluctuat
931 2131 1006 2160 cor
1024 2124 1170 2161 tuum.
1194 2116 1358 2162 Audito
1374 2133 1476 2163 con-

22 2213 29 2229 .=
84 2184 190 2231 vitio
211 2185 421 2231 vindicari
442 2186 656 2231 desideras
682 2206 691 2231 ε
717 2196 761 2231 et
782 2202 883 2232 ecce
905 2188 1153 2233 vindicatus
1186 2204 1251 2243 es,
1284 2198 1328 2233 et
1361 2190 1475 2236 malo

27 2263 34 2297 .’
87 2255 226 2300 alieno
259 2255 457 2310 cedens3,
488 2256 627 2300 fecisti
655 2256 946 2315 naufragium.
980 2260 1038 2303 Et
1065 2275 1201 2319 quare
1233 2260 1344 2304 hoc?
1364 2261 1475 2314 Quia

25 2360 29 2381 ;
86 2325 248 2371 dormit
278 2326 324 2370 in
354 2335 398 2370 te
418 2326 630 2371 Christus.
664 2328 782 2381 Quid
811 2339 898 2384 est,
932 2330 1097 2375 dormit
1119 2332 1166 2374 in
1187 2340 1230 2375 te
1252 2332 1476 2377 Christus?

22 2445 27 2450 ‚
86 2395 257 2440 Oblitus
279 2410 322 2440 es
343 2397 564 2441 Christum
598 2417 606 2442 ε
631 2398 781 2442 Excita
815 2414 917 2457 ergo
955 2400 1208 2455 Christum,
1248 2402 1474 2447 recordare

86 2467 328 2521 Christum,
351 2466 523 2524 evigilet
547 2467 593 2510 in
613 2476 653 2511 te
678 2468 875 2513 Christus
902 2489 911 2514 z
938 2469 1165 2514 considera
1186 2470 1327 2515 illum.
1354 2472 1472 2525 Quid

148 2569 157 2585 ¹
176 2563 258 2595 Alias
277 2563 295 2595 3
319 2564 400 2595 inter
425 2564 547 2596 additos
569 2575 585 2595 a
605 2565 842 2597 Parisiensibus.
869 2583 910 2589 —
932 2574 943 2590 ²
964 2567 1081 2609 Ephes.
1111 2579 1158 2608 111,
1194 2579 1245 2610 17.
1266 2585 1307 2591 —
1329 2567 1341 2591 3
1361 2569 1469 2602 Forte

91 2619 236 2659 gaudens.
