1898 3178
349 234 433 273 634
787 242 820 270 s.
857 242 1086 279 Aussnsnm
1119 243 1299 270 Emscom

348 311 558 356 mentitur
584 329 593 355 z
613 309 791 370 quando
814 318 958 353 autem
978 317 1028 353 tu
1050 308 1215 353 orando
1236 309 1430 352 mentiris
1451 309 1497 352 in
1518 309 1608 368 ipsa
1630 323 1727 352 ora-

349 384 466 427 tione
487 381 768 426 convinceris.
790 383 886 426 Non
905 380 1019 423 enim
1037 382 1150 424 Deus
1168 389 1217 424 ut
1231 389 1273 424 te
1287 379 1516 424 convincat
1532 388 1658 424 testes
1675 378 1731 423 ad

350 463 392 497 te
409 454 578 513 quaerit.
606 452 691 505 Qui
713 451 792 495 tibi
814 450 991 495 dictavit
1011 449 1187 506 Preces,
1213 451 1446 495 advocatus
1463 459 1526 494 est
1548 459 1648 494 tuus
1669 469 1677 494 :
1698 450 1732 493 si

348 524 543 569 mentiris
563 558 574 578 ,
600 523 716 567 testis
734 531 796 566 est
821 540 831 567 :
857 522 891 565 si
920 537 1009 566 non
1039 530 1081 565 te
1109 522 1310 581 corrigis,
1342 522 1476 581 judex
1505 521 1585 565 erit
1612 529 1729 564 tuus.

349 598 465 653 Ergo
487 603 530 638 et
550 593 620 638 dic
635 629 645 648 ‚
672 602 714 637 et
733 592 816 637 fac.
843 593 953 646 Quia
967 593 1001 636 si
1020 608 1109 637 non
1129 592 1234 637 dicis
1251 628 1262 647 ‚
1283 601 1432 637 contra
1451 594 1522 651 jus
1543 590 1734 651 petendo

350 681 439 710 non
462 666 665 724 impetras
687 684 695 709 ε
720 664 754 708 si
769 673 913 708 autem
936 662 1041 708 dicis
1059 673 1101 708 et
1118 676 1206 708 non
1224 664 1351 718 facis,
1372 663 1502 707 etiam
1520 661 1735 706 mendacii

352 751 451 779 reus
473 735 567 778 eris.
602 737 698 779 Non
730 743 792 778 est
815 749 901 793 qua
922 744 1068 777 versus
1091 735 1169 778 iste
1204 743 1446 778 transeatur
1462 768 1473 788 ,
1506 732 1587 777 nisi
1616 730 1736 792 quod

352 805 537 850 dicimus
556 805 802 864 impleatur.
824 804 1048 864 Numquid
1071 804 1215 847 delere
1231 804 1363 848 istum
1385 817 1557 848 versum
1576 803 1738 862 poteri-

353 891 450 920 mus
465 875 519 919 de
533 875 729 920 oratione
742 883 886 919 nostra
901 876 918 919 Ρ
934 878 1002 918 Au
1017 874 1146 918 vultis
1164 883 1213 917 ut
1228 873 1337 917 illud
1350 874 1408 917 ibi
1426 875 1478 917 sit
1497 893 1506 918 ε
1523 892 1542 914 «
1561 872 1739 917 Dimitte

356 965 377 988 ³)
403 946 528 990 nobis
543 946 691 989 debita
707 954 851 988 nostra
867 964 875 988 :
903 962 920 985 n
938 954 980 988 et
995 943 1215 988 deleamus
1230 943 1349 1003 quod
1363 944 1573 1003 sequitur,
1591 962 1609 984 «
1624 943 1742 987 Sicut

358 1035 379 1058 n
405 1026 447 1060 et
470 1031 546 1060 nos
561 1015 820 1059 dimittimus
839 1015 1109 1059 debitoribus
1131 1015 1316 1059 nostris?
1342 1017 1470 1059 »Non
1485 1013 1665 1069 delebis,
1686 1029 1741 1056 ne

357 1096 457 1130 ante
471 1085 666 1129 delearis.
689 1088 741 1129 In
758 1085 952 1129 oratione
979 1099 1079 1141 ergo
1097 1085 1202 1128 dicis
1230 1103 1238 1128 ε
1267 1104 1286 1126 «
1308 1088 1395 1140 Da3
1423 1103 1442 1125 n
1470 1084 1592 1135 dicis,
1623 1102 1642 1124 ι(
1669 1084 1743 1127 Di-
1797 1102 1801 1104 ’

361 1175 381 1198 »
415 1157 538 1200 mitte
572 1175 580 1200 z
623 1175 642 1196 »
678 1165 725 1199 ut
755 1156 937 1214 accipias
975 1155 1093 1214 quod
1122 1171 1211 1199 non
1243 1155 1409 1211 babes3
1456 1164 1499 1198 et
1529 1153 1744 1198 relaxetur

358 1228 437 1272 tibi
462 1226 582 1287 quod
601 1226 834 1286 deliquisti.
863 1229 978 1284 Ergo
1000 1226 1062 1269 vis
1086 1226 1299 1285 accipere,
1326 1224 1380 1268 da
1407 1244 1415 1269 z
1441 1224 1504 1268 vis
1522 1233 1572 1268 ut
1590 1224 1741 1268 dimit·

359 1308 474 1343 tatur
497 1298 577 1342 tibi
592 1332 603 1352 ,
625 1297 809 1341 dimitte.
831 1299 975 1340 Brevis
990 1296 1233 1355 complexio
1251 1305 1327 1339 est.
1352 1298 1499 1354 Ipsum
1520 1295 1741 1339 Christum

360 1368 461 1413 audi
489 1368 572 1412 alio
603 1368 700 1411 loco
727 1386 735 1411 ;
779 1367 1014 1420 nimitum,
1046 1376 1089 1410 et
1117 1366 1363 1410 dimittetur
1382 1366 1529 1422 vobis3
1554 1364 1674 1419 date,
1702 1372 1745 1407 et

360 1439 536 1483 dabitur
566 1437 699 1481 vobis.
726 1437 965 1489 Dimittite,
1004 1446 1046 1480 et
1079 1436 1324 1479 dimittetur
1356 1436 1477 1480 vobis
1526 1434 1642 1488 Quid
1674 1434 1745 1478 di·-

362 1510 572 1553 mitteris‘?
591 1508 718 1561 Quod
740 1509 784 1551 in
813 1507 934 1551 vobis
963 1506 1033 1550 alii
1063 1515 1366 1565 peccaverunt.
1398 1504 1512 1558 Quid
1541 1514 1583 1548 et
1622 1504 1747 1548 vobis
1811 1551 1817 1553 ,

362 1580 636 1623 dimittetur?
670 1578 799 1631 Quod
832 1578 1052 1635 peccastis.
1098 1577 1321 1620 Dimittite.
1364 1580 1497 1630 Date,
1536 1584 1578 1619 et
1619 1575 1747 1618 ‹tabi-

363 1660 434 1694 tur
474 1650 596 1693 vobis
631 1649 750 1708 quod
789 1647 1072 1700 desideratis,
1115 1647 1245 1690 vitam
1285 1647 1535 1690 aeternam1.
1579 1645 1746 1689 Fulcite

364 1719 562 1779 pauperis
596 1719 727 1762 vitam
762 1717 1067 1776 temporalem,
1109 1725 1347 1760 sustentate
1384 1715 1584 1774 pauperis
1614 1714 1745 1757 vitam

363 1790 685 1850 praesentalem,
722 1799 765 1833 et
799 1804 878 1848 pro
907 1789 987 1831 isto
1018 1796 1104 1831 tam
1127 1802 1261 1847 parvo
1291 1796 1552 1845 terrenoque
1586 1785 1747 1829 semine

366 1861 581 1921 accipietis
602 1876 788 1904 messem
813 1860 943 1904 vitam
963 1868 1187 1903 aeternam.
1208 1861 1365 1902 Amen.

415 1965 425 1979 ¹
446 1960 522 1989 Luc.
543 1969 587 1998 vi,
605 1957 659 1998 37,
680 1955 732 1987 38.

640 2220 742 2251 FINIS
765 2219 861 2250 TOMl
889 2211 1100 2249 CENTESMI
1124 2215 1476 2252 VlGESIMl—QUINTI.
