1898 3178
252 253 392 284 sEmvro
422 254 487 293 m,
521 254 575 281 DE
605 229 838 281 coneonmi
870 249 1037 281 ΜΑΤΤΗ.
1072 253 1124 281 ET
1155 253 1249 281 Luc,
1353 243 1438 284 119

64 320 222 365 mitatu
256 335 360 376 suo,
395 320 508 363 inter
534 333 606 363 eos
643 317 807 363 scilicet
834 319 910 378 qui
941 333 1087 363 secum
1120 318 1435 380 ambulabant3

65 400 109 436 et
142 406 231 436 non
270 404 372 434 eum
404 389 701 444 invenientes,
746 388 911 433 turbati
962 388 1185 434 redierunt
1218 391 1441 449 Jerosoly-

63 476 206 520 mam3
240 475 430 520 eumque
458 459 754 519 disputantem
789 459 837 503 in
875 458 1039 519 templo
1071 475 1172 505 cum
1201 461 1442 508 senioribus

63 534 364 587 invenerunt,
400 547 501 576 cum
541 540 677 587 esset,
721 538 773 575 ut
807 530 917 587 dixi,
947 545 1164 576 annorum
1193 531 1441 578 duodecim.

66 602 150 649 Sed
193 602 301 663 quid
342 603 528 648 mirum?
563 603 760 648 Verbum
795 603 874 647 Dei
905 618 1134 664 nunquam
1171 612 1286 650 tacet
1318 624 1328 651 :
1369 605 1447 651 sed

63 689 153 720 non
175 689 343 735 semper
374 674 563 719 auditur.
602 674 828 719 Invenitur
848 687 950 732 ergo
979 674 1027 718 in
1047 674 1212 734 templo
1228 711 1239 731 ,
1274 684 1317 721 et
1339 675 1444 722 dicit

62 745 101 789 ei
134 754 273 789 mater
304 746 395 805 ejus
423 764 434 791 ι
467 764 488 788 «
521 743 635 798 Quid
665 744 791 790 nobis
821 742 962 790 fecisti
990 744 1079 789 sic‘?
1106 747 1234 789 Pater
1270 754 1373 792 tuus
1402 756 1446 792 et

68 835 87 856 »
122 830 203 874 ego
221 815 417 860 dolentes
443 817 747 876 quaerebamus
768 824 826 860 te.
842 818 932 860 »Et
952 814 1046 871 ille,
1080 834 1098 857 «
1123 818 1222 863 Non
1244 817 1444 862 sciebatis

65 903 86 927 »
121 887 224 946 quia
242 895 414 946 oportet
429 901 499 931 me
513 887 558 931 in
574 887 640 932 his
654 902 744 932 esse
764 903 864 947 quae
878 887 1015 932 Patris
1031 886 1116 931 mei
1133 888 1288 932 sunt1?
1309 906 1330 930 n
1348 889 1443 934 Hoc

59 967 289 1018 propterea
311 957 418 1003 dixit
436 994 446 1014 ‚
463 975 549 1019 qua
572 958 709 1004 Filius
736 959 816 1004 Dei
838 967 928 1003 erat
947 959 993 1003 in
1017 958 1178 1019 templo
1199 960 1294 1005 Dei.
1321 961 1444 1003 Tem-

59 1027 183 1088 plum
207 1029 322 1073 enim
354 1028 466 1074 illud
495 1045 585 1075 non
607 1038 699 1074 erat
719 1030 898 1089 Joseph‚
927 1029 1003 1074 sed
1023 1030 1117 1074 Dei.
1146 1031 1279 1086 Ecce,
1300 1029 1444 1090 inquit

60 1099 240 1159 aliquis,
274 1115 364 1145 non
395 1115 440 1144 se
473 1102 684 1145 concessit
711 1115 801 1146 esse
834 1099 974 1145 filium
1005 1101 1183 1160 Joseph.
1217 1100 1445 1145 Attendite

59 1170 283 1230 aliquanto
304 1171 535 1231 patientius
548 1208 558 1227 ‚
583 1171 737 1217 fratres
752 1207 763 1228 ‚
783 1181 961 1232 propter
982 1171 1197 1230 angustias
1218 1170 1441 1230 temporis,

58 1249 110 1285 ut
128 1242 315 1285 sermoni
347 1241 580 1286 sufficiant.
606 1243 720 1287 Cum
743 1241 916 1286 dixisset
935 1242 1070 1286 Maria
1096 1260 1105 1286 :
1141 1259 1162 1283 «
1187 1244 1315 1286 Pater
1340 1252 1443 1286 tuus

59 1327 81 1352 »
117 1319 161 1355 et
201 1325 283 1370 ego
314 1310 511 1355 dolentes
545 1311 849 1371 quaerebamus
892 1320 962 1369 te3
1003 1329 1025 1352 n
1060 1310 1134 1355 ille
1174 1310 1397 1370 respondit
1428 1329 1438 1356 ε

60 1399 79 1421 «
113 1383 212 1427 Non
233 1380 434 1426 sciebatis
456 1382 560 1442 quia
592 1382 638 1425 in
672 1382 738 1426 his
765 1389 939 1442 oportet
963 1396 1033 1425 me
1069 1396 1159 1426 esse
1183 1395 1283 1441 quae
1305 1381 1443 1426 Patris

58 1468 80 1492 »
113 1452 200 1495 mei
221 1454 349 1496 sunt?
380 1470 401 1494 »
430 1454 530 1497 Non
560 1452 676 1496 enim
700 1452 758 1497 sic
785 1466 830 1496 se
854 1451 1030 1497 volebat
1055 1466 1146 1496 esse
1182 1450 1323 1495 silium
1340 1450 1442 1496 illo-

55 1537 175 1577 rum,
196 1531 358 1567 utnon
387 1521 699 1580 intelligeretur
733 1522 870 1566 Filius
902 1522 994 1566 Dei.
1022 1521 1158 1566 Filius
1195 1522 1311 1565 enim
1331 1520 1437 1576 Dei,

54 1607 224 1652 semper
242 1592 378 1637 Filius
395 1593 493 1648 Dei,
518 1607 668 1637 creans
698 1591 795 1637 illos
822 1592 953 1651 ipsos.
974 1591 1110 1635 Filius
1132 1600 1279 1636 autem
1298 1591 1441 1636 homi-

53 1662 120 1707 nis
143 1677 195 1707 ex
220 1672 436 1722 tempore,
469 1671 597 1717 natus
629 1662 684 1706 de
712 1662 888 1720 Virgine
921 1662 1013 1706 sine
1031 1661 1194 1707 semine
1219 1660 1436 1716 maritali,

53 1743 278 1794 parentem
300 1743 446 1778 tamen
462 1733 656 1778 hahebat
671 1741 924 1794 utrumque.
936 1732 1063 1778 Unde
1075 1733 1160 1778 hoc
1176 1731 1440 1792 probamus?

53 1806 150 1848 Jam
171 1804 279 1849 dixit
300 1804 434 1850 Maria
455 1823 463 1848 :
494 1822 514 1847 «
535 1806 790 1849 Pater.tuus
817 1813 861 1849 et
881 1819 963 1864 ego
985 1802 1183 1850 dolentes
1205 1804 1437 1865 quaereba-

53 1892 75 1917 »
108 1890 206 1920 mus
227 1884 285 1920 te.
309 1893 331 1917 »
851 1928 864 1938 ,

107 1948 274 1993 XVIII.
299 1946 446 1992 Primo
472 1961 562 1991 non
603 1954 665 1990 est
692 1946 1064 2006 praetermittenda
1082 1980 1094 2001 ‚
1128 1946 1305 2002 fratres,
1337 1962 1434 1993 ma-

0 2043 2 2048 ·
47 2017 160 2060 xime
172 2026 351 2077 propter
359 2016 629 2076 disciplinam
642 2015 939 2073 foeminarum,
954 2031 1151 2061 sororum
1165 2025 1428 2075 nostrarum,

47 2094 136 2130 tam
153 2096 300 2132 sancta
328 2085 538 2131 modestia
560 2087 747 2146 Virginis
763 2087 926 2133 Mariae.
952 2087 1174 2134 Christum
1185 2097 1429 2148 pepererat,

0 2172 4 2179 ·
47 2155 240 2215 Angelus
263 2157 320 2201 ad
340 2172 434 2201 eam
455 2167 633 2202 venerat
650 2193 662 2213 ‚
687 2165 731 2202 et
752 2157 919 2202 dixerat
940 2158 979 2201 ei
1003 2173 1015 2202 :
1043 2176 1064 2200 «
1082 2160 1195 2203 Ecce
1215 2158 1432 2219 concipies

0 2243 5 2251 ·
50 2243 72 2268 »
106 2227 152 2270 in
183 2235 325 2281 utero,
371 2235 414 2271 et
449 2228 588 2286 paries
627 2227 767 2272 filium
784 2263 796 2284 ,
841 2237 885 2273 et
927 2228 1102 2273 vocabis
1135 2243 1298 2274 nomen
1339 2230 1431 2290 ejus

0 2314 6 2322 ·
49 2314 71 2339 »
106 2299 132 2341 J
135 2312 271 2341 esum.
289 2297 369 2341 Hic
382 2297 464 2342 erit
480 2313 678 2357 magnus,
696 2307 740 2343 et
755 2299 891 2344 Filius
903 2298 1110 2345 Altissimi
1125 2299 1392 2346 vocabitur2.
1405 2317 1428 2343 »

96 2376 267 2412 eruerat
288 2382 438 2428 parere
455 2368 617 2413 Filium
631 2369 859 2427 Altissimi‚
883 2379 927 2416 et
949 2379 1040 2416 erat
1050 2370 1295 2417 humillima
1315 2391 1326 2419 z
1348 2389 1431 2420 nec

2 2430 6 2470 Ἰ
69 2452 92 2481 e
119 2438 276 2483 marito
291 2473 302 2494 ‚
327 2453 408 2483 nec
430 2439 477 2482 in
489 2438 641 2484 ordine
660 2440 848 2486 nominis
869 2440 1129 2502 praeferebat
1144 2476 1157 2498 ‚
1175 2451 1227 2487 ut
1239 2442 1428 2492 diceret:

90 2522 144 2566 go
167 2517 212 2553 et
242 2517 366 2568 pater
395 2518 521 2568 tuus3
551 2509 626 2554 sed
657 2528 676 2553 «
707 2514 835 2557 Pater
856 2521 984 2568 tuus,
1013 2511 1158 2573 inquit
1175 2546 1188 2570 ,
1211 2522 1256 2558 et
1281 2528 1377 2573 ego.
1401 2532 1423 2557 »

97 2601 106 2617 ¹
127 2596 204 2628 Luc.
225 2606 262 2636 11,
281 2594 336 2637 48,
357 2595 411 2638 49.
431 2613 471 2619 -
490 2603 502 2619 ²
519 2596 565 2628 Id*
586 2608 607 2636 1,
629 2597 682 2638 31,
703 2597 754 2630 32.
