1898 3178
384 272 522 303 SERMO
551 271 673 310 unz,
707 271 762 298 ne
795 269 941 300 vmzms
972 271 1168 299 MmuAEAE.
1412 261 1466 300 87

90 341 272 387 lendum
294 338 538 384 conductus
565 351 623 381 es.
651 335 719 380 Ibi
739 335 961 380 credendo
987 350 1247 397 cooperare,
1283 337 1363 381 ubi
1380 352 1471 384 non

83 421 135 456 -te
155 410 273 457 videt
295 408 569 468 cooperarius
605 415 733 461 tuus,
769 405 846 450 sed
866 405 985 451 videt
1021 415 1064 451 te
1097 407 1306 453 Dominus
1336 415 1469 455 tuus:

94 501 115 525 «
150 485 298 526 Justus
320 494 370 523 ex
381 479 468 522 fide
483 478 630 522 vivit1.
658 495 679 519 »
703 480 797 521 Hoc
818 491 914 536 age.

148 553 203 594 V.
227 552 252 594 J
256 565 324 594 am
347 549 575 609 dejudicio
591 549 731 607 priore
749 546 976 591 Dominico
998 545 1235 606 disputavi²
1250 582 1263 604 ‚
1286 557 1338 594 ut
1350 548 1475 609 judi-

89 636 206 666 cares
229 629 272 665 te
293 620 459 679 ipsum,
484 628 528 663 et
550 634 650 663 cum
671 627 715 662 te
736 617 949 662 invenires
975 631 1226 677 perversum
1245 653 1258 675 ‚
1281 634 1372 664 non
1392 621 1475 666 tibi

90 690 367 745 blandiretis‚
391 689 467 734 sed
489 690 723 747 corrigeres
741 697 805 743 te,
826 697 870 732 et
888 689 1012 732 fieres
1031 697 1196 745 rectus,
1221 699 1264 735 et
1284 691 1366 735 tibi
1386 691 1474 751 pla·

89 769 205 806 ceret
226 764 340 805 Deus
361 769 519 804 rectus.
546 763 655 803 Nam
679 768 822 803 rectus
843 762 957 803 Deus
978 774 1181 818 perverso
1202 775 1293 805 non
1314 762 1473 821 placet.

89 831 164 875 Vis
186 840 237 875 ut
257 829 339 874 tibi
352 830 520 890 placeat
537 840 678 874 rectus
702 831 837 875 Deus?
853 832 959 874 Esto
984 838 1141 874 rectus.
1170 831 1325 875 Judica
1345 841 1390 876 te
1409 833 1478 892 ip-

87 910 184 944 sum
204 935 215 956 ‚
252 899 343 944 noli
370 901 450 943 tibi
486 900 672 959 placere.
703 899 830 953 Quod
851 899 932 943 tibi
949 899 995 942 in
1015 908 1060 943 te
1081 901 1237 945 merito
1253 901 1473 961 displicet,

87 971 244 1029 castiga
256 1005 267 1025 ‚
283 970 466 1015 emenda
477 1005 488 1026 ‚
508 971 689 1029 corrige.
710 970 931 1029 Scriptura
943 978 1089 1014 sancta
1105 970 1159 1014 sit
1172 971 1253 1015 tibi
1266 979 1478 1032 tanquam

86 1041 332 1100 speculum.
360 1041 594 1100 Speculum
618 1042 702 1085 hoc
726 1040 862 1085 habet
881 1039 1158 1100 splendorem
1179 1057 1270 1086 non
1289 1043 1476 1088 menda-

86 1126 182 1156 cem
196 1146 208 1167 ,
219 1112 497 1170 splendorem
510 1127 599 1156 non
618 1110 869 1156 adulantem
881 1145 892 1165 ‚
907 1110 1071 1154 nullius
1084 1126 1313 1170 personam
1330 1127 1478 1158 aman-

86 1191 191 1226 tem.
219 1184 454 1225 Formosus
478 1197 544 1235 es,
565 1181 807 1225 formosum
824 1189 868 1224 te
884 1179 945 1223 ibi
961 1179 1082 1224 vides
1104 1199 1114 1225 z
1134 1179 1282 1225 foedus
1295 1196 1340 1226 es
1356 1216 1369 1238 ,
1388 1181 1478 1227 foe-

89 1251 197 1295 dum
225 1259 268 1294 te
291 1251 353 1294 ibi
375 1251 511 1295 vides.
548 1252 630 1296 Sed
658 1265 760 1294 cum
784 1249 931 1294 foedus
958 1251 1208 1307 accesseris,
1233 1261 1278 1297 et
1302 1251 1475 1298 foedum

86 1330 128 1365 te
149 1321 211 1364 ibi
227 1320 407 1375 videris,
428 1320 518 1365 noli
541 1334 742 1365 accusare
764 1318 987 1378 speculum
1016 1339 1026 1364 ε
1050 1319 1106 1364 ad
1122 1329 1165 1365 te
1182 1317 1301 1377 redi,
1326 1338 1414 1368 non
1432 1333 1476 1369 te

86 1389 200 1434 fallit
221 1389 445 1449 speculum
463 1425 474 1444 ‚
504 1399 554 1434 tu
574 1399 616 1433 te
638 1388 728 1434 noli
748 1388 914 1433 fallere.
937 1389 1091 1434 Judica
1118 1390 1176 1435 de
1197 1400 1263 1446 te,
1287 1394 1475 1439 contris·-

86 1469 174 1504 tare
196 1459 252 1503 de
273 1469 348 1503 tua
364 1459 590 1516 foeditate3
621 1469 669 1503 ut
690 1474 791 1503 cum
813 1459 968 1503 abieris
990 1468 1034 1504 et
1050 1461 1291 1506 discesseris
1317 1463 1472 1520 tristis,

83 1529 231 1574 foedus
246 1564 258 1584 ‚
283 1538 502 1573 correctus
524 1529 659 1588 possis
682 1529 822 1572 redire
842 1527 1073 1574 formosus.
1096 1532 1209 1576 Cum
1227 1547 1331 1591 ergo
1348 1534 1472 1593 judi·-

83 1600 246 1644 caveris
262 1609 306 1644 te
320 1601 463 1658 ipsum
479 1600 570 1643 sine
588 1599 860 1653 adulatione,
876 1600 1025 1658 judica
1047 1609 1091 1644 et
1106 1602 1354 1660 proximum
1369 1619 1470 1648 cum

83 1669 328 1713 dilectione.
347 1673 424 1713 Est
443 1670 557 1712 enim
577 1667 697 1728 quod
709 1667 899 1727 judice5‚
922 1669 1043 1728 quod
1060 1670 1196 1714 vides.
1221 1672 1335 1715 Fieri
1356 1675 1471 1718 enim

81 1749 225 1800 potest
239 1775 250 1794 ‚
276 1749 326 1783 ut
349 1739 514 1798 aliquid
536 1738 636 1781 mali
664 1739 832 1793 videas,
853 1737 972 1782 unde
992 1739 1224 1785 sordescas.
1251 1743 1365 1787 Fieri
1386 1759 1470 1804 po-

82 1821 188 1865 test,
215 1821 264 1855 ut
282 1810 447 1854 malum
463 1826 588 1854 suum
611 1810 701 1868 ipse
722 1809 944 1868 proximus
959 1818 1061 1854 tuus
1082 1812 1163 1856 tibi
1179 1815 1466 1872 confiteatur⁷

82 1890 126 1925 et
146 1881 305 1940 prodat
327 1881 465 1924 amico
486 1880 606 1938 quod
629 1888 795 1923 texerat
817 1879 1009 1924 inimico.
1041 1882 1171 1934 Quod
1204 1884 1363 1929 videris
1393 1888 1468 1946 ju-

83 1952 177 1996 dica
196 1971 205 1996 ε
231 1951 353 2012 quod
372 1967 462 1995 non
483 1951 603 1995 vides
619 1985 630 2004 ‚
657 1953 745 1994 Deo
767 1949 954 2001 dimitte.
978 1951 1165 2004 Quando
1186 1963 1330 1998 autem
1346 1956 1469 2016 judi-

82 2033 151 2066 cas
167 2057 178 2077 ‚
203 2020 332 2079 dilige
355 2020 577 2065 hominem
593 2056 603 2075 ‚
629 2019 770 2064 oderis
791 2020 961 2065 vitium.
993 2021 1091 2066 Noli
1119 2033 1298 2083 propter
1325 2026 1468 2071 homi-

55 2127 58 2130 .
82 2107 183 2135 nem
200 2091 377 2148 diligere
394 2091 546 2134 vitium
566 2126 576 2145 ,
599 2105 680 2133 nec
696 2099 874 2149 propter
890 2091 1045 2135 vitium
1062 2093 1202 2138 odisse
1224 2095 1463 2142 hominem.

84 2165 227 2206 Homo
249 2162 469 2220 proximus
487 2171 587 2205 tuus
610 2171 673 2205 est
695 2181 703 2205 :
725 2160 880 2205 vitium
903 2162 1129 2207 inimicum
1149 2166 1349 2223 proximo
1369 2176 1465 2214 tuo.

85 2234 208 2276 Tunc
231 2247 346 2275 amas
370 2232 556 2276 amicum
574 2267 585 2287 ,
613 2233 647 2275 si
668 2230 808 2276 oderis
829 2232 950 2291 quod
972 2243 1102 2279 nocet
1123 2236 1276 2281 amico.
1303 2237 1347 2282 Si
1374 2254 1468 2285 cre-

85 2301 150 2344 dis
166 2337 177 2354 ‚
198 2300 329 2358 facis3
359 2319 378 2341 «
399 2301 506 2353 Quia
523 2303 664 2360 justus
685 2317 738 2344 ex
759 2301 846 2345 fide
862 2302 984 2347 vivit.
1003 2321 1024 2344 »

145 2374 221 2414 VI.
249 2372 378 2424 Quod
411 2371 606 2415 abundat
632 2373 677 2415 in
711 2373 841 2416 rebus
861 2373 1083 2429 humanis,
1114 2375 1199 2420 hoc
1226 2377 1340 2423 dico.
1374 2381 1468 2426 Ali-

86 2442 265 2500 quando
283 2441 419 2485 amico
436 2451 513 2485 tuo
527 2441 776 2486 charissimo
792 2442 993 2504 inimicus
1011 2453 1074 2487 est
1088 2444 1243 2505 aliquis
1255 2483 1266 2503 ,
1287 2450 1363 2509 qui
1377 2462 1468 2497 erat

88 2511 249 2555 amicus
271 2511 512 2556 amborum.
540 2512 761 2570 Incipiunt
781 2527 870 2557 esse
892 2512 947 2557 de
967 2514 1107 2559 tribus
1127 2516 1273 2563 amicis
1294 2520 1384 2566 duo
1398 2521 1468 2567 in—

135 2602 144 2617 ¹
161 2598 239 2627 Rom
272 2608 297 2634 1,
322 2600 369 2627 ιδ.
394 2614 434 2618 -—
461 2604 472 2618 ²
500 2597 577 2628 Vide
596 2607 692 2637 supra
711 2597 812 2629 Serm.
832 2607 943 2630 nvm-
