1898 3178
422 197 503 237 244
851 206 884 234 S·
921 207 1154 235 AUGUSTINI
1187 207 1368 236 izi-iscom

416 273 631 318 {imbriam
653 288 743 318 non
763 271 956 330 tetigisti.
985 274 1130 331 Tange
1152 281 1194 316 et
1216 273 1260 316 in
1284 273 1367 317 hoc
1387 271 1605 316 fimbriam
1619 306 1629 326 ,
1658 273 1798 331 recipe

410 343 609 389 salutem.
629 344 749 389 Sicut
763 356 860 386 eam
875 350 919 385 te
935 350 1113 401 tangere
1135 343 1364 388 docuimus
1387 343 1432 386 in
1451 358 1502 386 eo
1526 342 1646 402 quod
1663 344 1799 403 scrip-

412 423 506 458 tum
529 423 591 458 est
611 433 619 458 :
642 432 662 455 «
680 412 766 466 Qui
787 412 944 457 viderit
960 410 1139 457 fratrem
1156 413 1202 458 in
1219 413 1351 458 idolio
1369 413 1721 458 recumbentem1
1744 432 1753 458 :
1773 431 1793 455 »

412 494 541 544 tange
573 484 693 528 illam
726 492 769 527 et
797 484 853 528 de
876 483 1111 529 Divinitate
1144 484 1320 529 Christi.
1346 488 1408 528 De
1430 484 1594 528 Judaeis
1624 483 1800 529 dicebat

408 555 559 600 eadem
580 554 753 599 fimbria
779 574 787 600 :
818 573 838 597 «
864 557 1063 608 Quorum
1084 564 1249 615 patres,
1275 564 1319 599 et
1340 569 1391 598 ex
1411 555 1571 615 quibus
1599 555 1797 600 Christus

412 644 432 667 »
467 625 708 670 secundum
731 640 904 670 carnem
922 660 933 680 ,
959 626 1035 685 qui
1057 634 1121 670 est
1136 641 1266 685 super
1287 626 1433 670 omnia
1450 628 1565 669 Deus
1587 624 1797 670 benedic-

411 714 430 736 »
470 704 536 740 tus
558 696 605 740 in
631 695 789 741 saecula
803 698 835 739 ².
854 713 876 737 »
902 698 1015 741 Ecce
1040 695 1086 739 in
1107 711 1239 755 quem
1260 710 1413 739 verum
1445 697 1586 739 Deum
1612 699 1795 754 pecca'S,

407 766 514 811 dum
531 767 768 811 discumbis
790 766 907 825 apud
925 765 1027 811 deos
1048 765 1193 810 falsos.

464 839 521 881 X.
547 839 645 883 Non
666 847 754 892 est,
791 836 961 897 inquit,
988 839 1102 880 Deus
1121 857 1132 893 3
1157 835 1261 895 quia
1284 835 1460 893 genium
1483 845 1546 880 est
1569 837 1796 895 Carthagi-

406 909 483 952 nis.
511 909 642 962 Quasi
679 909 712 952 si
741 912 855 953 Mars
883 916 959 952 aut
989 906 1230 951 Mercurius
1265 916 1389 962 esset,
1415 910 1530 951 Deus
1552 917 1675 952 essct.
1711 907 1795 952 Sed

403 979 625 1038 quomodo
648 980 702 1023 ab
724 979 826 1038 ipsis
855 978 1066 1021 habeatur
1082 1013 1092 1032 ,
1121 979 1323 1035 attende3
1343 993 1433 1022 non
1455 978 1562 1038 quid
1583 979 1652 1021 sit.
1685 980 1793 1022 Nam

404 1059 446 1094 et
470 1064 549 1108 ego
572 1059 719 1093 tecum
741 1049 828 1092 scio
845 1083 855 1103 ,
874 1048 976 1107 quia
997 1047 1104 1106 lapis
1126 1057 1203 1091 est.
1229 1048 1270 1092 Si
1289 1048 1465 1107 genium
1488 1057 1794 1092 ornamentum

402 1131 464 1165 est
485 1121 693 1181 aliquod·7
718 1120 832 1164 cives
855 1119 1129 1178 Carthaginis
1154 1119 1266 1163 bene
1298 1120 1467 1175 vivant,
1495 1130 1536 1164 et
1567 1120 1647 1179 ipsi
1664 1129 1795 1165 crunt

403 1197 578 1250 genium
609 1191 895 1248 Carthaginis.
936 1190 978 1234 Si
1000 1199 1147 1233 autem
1184 1190 1360 1248 genium
1404 1189 1671 1235 daemonium
1705 1201 1789 1246 est,

364 1278 367 1279 ⁷
403 1262 559 1307 audisti
583 1273 625 1307 et
651 1262 713 1306 ibi
735 1281 743 1306 :
775 1281 794 1303 «
817 1264 924 1314 Quae
955 1261 1183 1305 immolant
1205 1263 1363 1305 Gentes
1380 1297 1390 1317 ,
1411 1252 1685 1306 daemonibus
1707 1263 1792 1306 im-

406 1352 426 1374 »
463 1333 656 1387 molant,
692 1341 735 1375 et
764 1347 854 1375 non
875 1334 995 1374 Deo:
1023 1330 1125 1375 nolo
1159 1346 1235 1375 vos
1257 1332 1392 1376 socios
1425 1332 1518 1375 fieri
1549 1331 1791 1377 daemonio-

406 1423 426 1445 »
462 1419 559 1448 rum
578 1406 610 1445 3.
635 1422 654 1444 »
680 1403 889 1447 Novimus
911 1401 1014 1461 quia
1036 1417 1123 1446 non
1146 1411 1208 1445 est
1224 1405 1363 1460 Deu53
1389 1403 1557 1447 utinam
1575 1412 1617 1447 et
1631 1403 1710 1463 ipsi
1731 1404 1792 1448 sic

402 1475 549 1519 norint
570 1494 577 1518 ;
594 1474 672 1518 sed
693 1481 870 1533 propter
895 1487 965 1516 eos
984 1472 1060 1531 qui
1081 1472 1165 1516 hoc
1182 1488 1271 1516 non
1293 1482 1457 1517 norunt
1471 1473 1682 1528 infirmos,
1701 1489 1792 1518 non

402 1545 534 1590 debet
555 1545 722 1604 percuti
748 1543 1010 1588 conscientia
1031 1543 1239 1602 ipsorum.
1262 1546 1355 1589 Hoc
1372 1553 1522 1589 monet
1534 1543 1784 1604 Apostolus.

401 1619 512 1661 Nam
533 1624 576 1659 et
596 1613 660 1658 illi
682 1614 802 1674 quod
824 1628 988 1657 numen
1010 1613 1260 1657 habeantet
1277 1629 1356 1673 pro
1378 1615 1559 1660 numine
1573 1615 1790 1674 accipiant

401 1686 518 1730 illam
533 1677 734 1729 'statuam
751 1720 761 1739 ‚
788 1700 859 1728 ara
881 1693 1079 1727 testatur.
1108 1682 1221 1735 Quid
1248 1683 1337 1729 illic
1366 1683 1468 1729 facit
1491 1700 1562 1730 ara
1580 1720 1591 1740 ,
1617 1686 1652 1729 si
1677 1685 1791 1729 illud

401 1772 491 1801 non
512 1756 698 1800 habetur
720 1770 799 1814 pro
818 1754 1028 1797 numine?
1051 1756 1189 1798 Nemo
1211 1754 1317 1797 mihi
1341 1754 1482 1799 dicat:
1505 1757 1602 1800 Non
1621 1764 1685 1799 est
1705 1771 1790 1799 nu-

401 1835 502 1870 men
520 1862 530 1880 ,
556 1842 645 1870 non
663 1835 723 1869 est
746 1829 875 1868 Deus.
898 1827 994 1868 Jam
1017 1822 1103 1866 dixi
1121 1859 1131 1875 ,
1154 1824 1329 1868 Utinam
1345 1825 1404 1869 sic
1425 1825 1506 1884 ipsi
1523 1825 1670 1870 norint
1686 1826 1787 1881 hoc,

401 1897 622 1958 quomodo
647 1896 844 1941 novimus
881 1909 1030 1938 omnes
1068 1907 1161 1937 nos.
1203 1893 1287 1937 Sed
1319 1894 1427 1952 quid
1461 1894 1677 1950 habeant,
1709 1912 1788 1955 pro

399 1984 486 2027 qua
510 1983 554 2011 re
576 1966 788 2020 habeant,
814 1963 922 2024 quid
942 1962 1004 2006 ibi
1026 1961 1187 2007 faciant
1203 1997 1214 2017 ,
1240 1977 1311 2007 ara
1343 1963 1416 2007 illa
1445 1973 1643 2009 testatur.
1669 1967 1789 2011 Con-
1848 2021 1852 2031 ⁸
1882 2023 1885 2027 ,

401 2040 504 2083 vicit
521 2037 719 2083 omnium
749 2035 987 2080 colentium
1017 2042 1208 2088 mentes,
1243 2049 1333 2079 non
1356 2035 1586 2081 convincat
1614 2051 1785 2082 recum·
1848 2035 1852 2077 i
1881 2038 1896 2066 ¹¹1

400 2111 567 2155 bentes.
1847 2080 1851 2136 Ι
1881 2094 1898 2137 ¹³¹

458 2184 537 2226 XI.
566 2178 650 2226 Sed
673 2194 761 2223 non
793 2186 992 2237 premant
1026 2175 1286 2231 Christiani,
1311 2176 1343 2220 si
1366 2187 1571 2236 premunt
1604 2179 1781 2237 Pagani.
1845 2139 1850 2252 ¹
1878 2164 1898 2207 [ἕ

403 2254 570 2311 Corpus
592 2249 754 2296 Christi
776 2257 854 2292 est.
888 2249 1042 2293 Nonne
1070 2246 1154 2290 hoc
1180 2245 1455 2303 dicebamus,
1493 2249 1595 2308 quia
1629 2264 1784 2308 corpus
1844 2243 1894 2311 ¹¹¹.

403 2322 560 2366 Christi
592 2319 895 2380 premebatur,
935 2326 979 2361 et
1014 2332 1104 2360 non
1139 2317 1431 2375 tangebatur?
1454 2317 1687 2362 Tolerabat
1712 2317 1785 2362 ille
1842 2282 1895 2385 ἒξξῃ

400 2382 665 2450 prementes,
700 2389 924 2451 quaerebat
945 2396 1187 2446 tangentes,
1211 2391 1355 2448 Atque
1377 2387 1544 2431 utinam
1560 2423 1570 2443 ‚
1601 2388 1794 2446 fratres„
1841 2382 1897 2422 ’Ἥ

399 2478 422 2506 a
446 2463 626 2521 Paganis
643 2471 864 2521 prematur
885 2474 1041 2519 corpus
1055 2459 1237 2514 Christi,
1259 2475 1281 2504 a
1304 2459 1463 2520 quibus
1485 2460 1624 2519 premi
1641 2459 1776 2516 solet,
1838 2446 1843 2546 ἱ
1872 2450 1898 2551 ’Λίξ

448 2553 455 2569 ¹
482 2559 493 2578 1
515 2549 680 2587 Cor.v111,
708 2558 758 2579 10.
778 2561 818 2569 ω-
833 2552 846 2568 ²
866 2548 958 2578 Rom.
980 2554 1026 2584 ix,
1047 2543 1078 2576 5.
1103 2560 1144 2566 -
1165 2541 1178 2567 3
1202 2554 1214 2575 1
1236 2542 1310 2577 Cor.
1330 2554 1365 2585 x,
1391 2551 1445 2576 20.

1836 2617 1840 2676 Ξ
