1898 3178
425 229 502 267 406
857 236 890 265 5.
926 238 1155 265 Aucusnm
1179 240 1359 267 Emscom

419 308 495 367 qui
519 308 681 366 primus
703 303 893 363 pertavit,
920 312 963 348 et
987 319 1063 348 uos
1084 319 1182 348 cum
1201 306 1366 365 peccati
1383 306 1646 366 obligatione
1669 323 1800 366 gene-

419 379 544 424 ravit.
572 377 773 422 Pervenit
795 390 934 435 usque
963 375 1018 419 ad
1054 375 1215 432 Adam,
1248 386 1290 421 et
1312 388 1598 422 numerantur
1618 393 1798 437 genera-

418 451 554 494 tiones
587 447 863 506 septuaginta
893 455 1057 505 septem
1084 465 1093 491 ;
1120 447 1204 491 hoc
1227 457 1313 503 est,
1348 465 1371 492 a
1394 448 1567 493 Christo
1588 464 1726 510 usque
1747 450 1802 494 ad

417 522 557 566 Adam
578 553 589 574 ,
629 533 735 577 quas
773 517 961 561 diximus
995 519 1267 577 septuaginta
1296 528 1460 578 septem
1481 540 1492 578 3
1518 529 1560 564 et
1581 520 1637 564 ab
1658 521 1800 565 Adam

416 606 557 651 usque
583 589 637 634 ad
652 589 873 634 Christum
896 590 1169 648 septuaginta
1187 599 1369 649 septem.
1399 592 1443 635 Si
1468 607 1572 650 ergo
1590 592 1711 637 nulla
1730 607 1804 651 ge-

417 661 585 706 neratio
605 661 892 720 praetermissa
914 669 977 705 est
993 696 1004 716 ‚
1025 661 1147 705 nulla
1168 660 1295 720 culpa
1315 662 1580 720 praeteritur,
1610 663 1688 707 ubi
1714 679 1803 709 non

417 733 577 777 debeat
593 732 775 791 ignosci.
812 734 922 778 Nam
944 732 1043 777 ideo
1075 733 1211 791 ipsius
1238 733 1515 792 septuaginta
1537 742 1703 793 septem
1731 749 1804 793 ge-

416 803 662 847 nerationes
681 802 967 858 enumeravit,
993 818 1125 862 quem
1147 817 1383 846 numerum
1403 804 1613 848 Dominus
1634 804 1679 847 in
1696 819 1801 863 pec-

416 884 615 920 catorum
647 874 898 918 remissione
935 874 1281 932 commendavit3
1306 874 1519 934 quoniam
1542 890 1564 919 a
1588 875 1801 935 baptismo

415 947 552 1006 coepit
573 961 851 1001 enumerare,
877 945 954 989 ubi
974 946 1118 989 omnia
1141 954 1319 1004 peccata
1341 945 1585 990 solvuntur.

475 1018 552 1060 VI.
587 1019 645 1060 Et
665 1017 710 1060 in
727 1017 837 1072 hoc,
869 1014 1044 1071 fratres,
1091 1015 1236 1060 adhuc
1269 1016 1451 1076 accipite
1484 1025 1802 1061 sacramentum

413 1087 567 1146 majus.
594 1089 647 1130 In
667 1087 982 1146 septuagesimo
1012 1086 1197 1145 septimo
1237 1102 1420 1131 numero
1452 1088 1710 1145 mysterium
1739 1096 1803 1132 est
1846 1114 1849 1144 ⁴3

413 1157 674 1202 remissionis
696 1166 990 1216 peccatorum.
1027 1160 1110 1202 Tot
1131 1159 1427 1216 generationes
1456 1158 1741 1203 inveniuntur
1777 1174 1803 1203 a
1848 1179 1852 1220 ζ

415 1228 588 1274 Christo
605 1243 744 1288 usque
757 1226 813 1272 ad
824 1226 982 1272 Adam.
995 1227 1161 1272 Deinde
1172 1244 1225 1286 pa
1233 1228 1304 1272 ulo
1322 1228 1570 1287 diligentius
1584 1229 1802 1286 interroga
1849 1241 1853 1287 ξ
1878 1247 1898 1277 ’ς

416 1299 548 1358 ipsius
572 1298 745 1342 numeri
767 1306 1005 1352 secretum,
1031 1296 1307 1356 latebrasque
1329 1298 1421 1356 ejus
1443 1297 1617 1357 inquire
1645 1316 1654 1342 ε
1679 1298 1802 1356 pulsa
1848 1344 1850 1352 k

415 1369 687 1427 diligentius,
726 1377 775 1412 ut
797 1368 1018 1427 aperiatur
1039 1367 1146 1422 tibi,
1178 1368 1352 1412 Justitia
1372 1367 1466 1425 lege
1497 1368 1574 1412 Dei
1595 1377 1764 1412 constat
1789 1388 1798 1413 ;
1844 1364 1850 1420 f,
1894 1355 1898 1407 i

410 1455 563 1485 verum
597 1448 675 1482 est.
700 1440 808 1483 Nam
841 1438 909 1481 lex
936 1437 982 1481 in
1013 1437 1166 1482 decem
1193 1437 1419 1497 praeceptis
1450 1438 1796 1484 commendatur.
1851 1435 1853 1437 ’

410 1510 515 1555 Ideo
532 1509 604 1553 ille
642 1509 832 1553 debebat
865 1507 1017 1552 decem
1038 1508 1176 1552 millia
1210 1508 1492 1553 talentorum.
1521 1511 1617 1569 Ipse
1639 1518 1702 1554 est
1727 1509 1800 1554 ille

415 1580 708 1626 memorabilis
745 1580 985 1637 Decalogus
1011 1580 1195 1639 scriptus
1223 1579 1362 1638 digito
1388 1580 1488 1635 Dei,
1512 1578 1695 1625 traditus
1717 1596 1798 1641 po-

409 1651 517 1711 pulo
540 1666 616 1710 per
633 1653 829 1707 Moysem
850 1647 1068 1693 famulum
1085 1649 1178 1693 Dei.
1204 1650 1401 1694 Debebat
1420 1664 1520 1708 ergo
1550 1650 1624 1694 ille
1646 1651 1798 1696 decem

409 1721 544 1767 millia
565 1721 830 1766 talentorum
857 1740 867 1765 ε
887 1720 1032 1765 omnia
1050 1730 1226 1780 peccata
1250 1721 1489 1779 significat,
1514 1731 1692 1781 propter
1712 1738 1798 1766 nu-
1847 1759 1849 1762 .

410 1807 579 1837 merum
596 1792 715 1850 legis.
736 1791 935 1835 Debebat
955 1799 999 1835 et
1014 1789 1087 1835 ille
1103 1800 1281 1836 eentum
1298 1791 1497 1836 denarios
1515 1811 1524 1837 :
1545 1807 1634 1836 non
1651 1793 1796 1839 minus
1840 1812 1841 1817 ¹

406 1866 460 1910 ab
482 1864 637 1909 eodem
660 1878 858 1908 numero.
885 1865 994 1909 Nam
1016 1872 1060 1907 et
1082 1864 1242 1907 centies
1264 1872 1442 1908 centurn
1458 1863 1508 1907 fit
1526 1865 1678 1907 decem
1699 1864 1797 1908 mil-

408 1937 463 1981 lia
481 1958 491 1994 3
516 1945 559 1980 et
581 1935 723 1980 decies
745 1934 870 1990 deni,
895 1943 1089 1978 centum.
1114 1936 1172 1979 Et
1193 1933 1265 1979 ille
1283 1934 1433 1978 decem
1451 1933 1586 1978 millia
1608 1933 1795 1980 talento*

410 2023 529 2062 rum,
555 2015 599 2051 et
628 2006 701 2050 ille
723 2004 864 2051 decies
894 2005 1042 2049 denos.
1069 2008 1107 2050 A
1137 2005 1329 2062 legitimo
1352 2008 1468 2048 enim
1491 2020 1673 2050 numero
1704 2022 1794 2055 non
1831 2022 1848 2036 ··

409 2094 624 2124 recessum
647 2086 732 2131 est,
758 2077 804 2120 in
838 2091 926 2135 quo
947 2085 1136 2135 utroque
1168 2076 1358 2119 invenies
1393 2084 1579 2136 utraque
1596 2086 1788 2136 peccata9

413 2154 604 2209 Uterque
621 2147 815 2202 debitor,
842 2156 884 2191 et
901 2156 1085 2206 uterque
1101 2146 1239 2192 veniae
1258 2146 1506 2205 deplorator
1527 2156 1571 2191 et
1585 2148 1792 2207 impetra-

410 2232 478 2266 tor
505 2241 513 2265 :
544 2220 618 2264 sed
640 2218 712 2262 ille
730 2233 875 2262 servus
892 2216 1052 2272 malus,
1078 2232 1224 2263 servus
1244 2218 1459 2277 ingratus,
1485 2218 1682 2278 iniquus,
1708 2234 1790 2264 noa
1835 2230 1838 2232 ’

407 2292 489 2336 luit
515 2290 752 2350 rependere
794 2288 916 2350 quod
958 2289 1148 2348 accepit,
1173 2288 1315 2335 noluit
1342 2299 1546 2349 praestare
1576 2289 1698 2350 quod
1727 2289 1798 2338 illi*

405 2362 586 2421 indigno
607 2361 851 2420 praestitum
869 2358 968 2404 fuit.

463 2435 562 2476 VII.
586 2431 742 2476 Videte
759 2447 883 2490 ergo,
905 2430 1058 2474 fratres
1079 2449 1088 2475 z
1111 2430 1301 2490 Quisque
1318 2430 1470 2489 incipit
1490 2445 1514 2474 a
1535 2429 1752 2489 baptismo
1771 2450 1784 2488 3

400 2501 508 2544 liber
530 2502 641 2556 exit,
668 2501 841 2546 dimissa
861 2509 962 2545 sunt
983 2499 1046 2544 illi
1068 2499 1219 2544 decem
1254 2499 1389 2543 millia
1412 2499 1680 2545 talentorum
1707 2519 1716 2544 ε
1743 2508 1784 2550 et

403 2586 504 2615 cum
526 2571 697 2627 exierit,
718 2572 909 2617 invenire
927 2570 1061 2615 habet
1092 2585 1350 2616 conservum
1370 2585 1499 2633 suum
1521 2569 1779 2616 debitorem.

1824 2542 1826 2558 g
1870 2547 1872 2550 .
1883 2546 1891 2553 v-
