1898 3178
387 253 525 282 sunno
558 252 708 289 XLvn,
743 252 796 278 ΒΕ
828 248 977 279 ονιΒυ3
1008 251 1053 279 nt
1085 250 1232 278 Ezncn.
1442 241 1497 279 73

120 321 303 367 verbum
337 320 383 363 in
405 333 465 374 se,
488 317 682 362 dicentes
698 335 707 361 ε
726 316 856 370 Quod
877 316 1001 361 vobis
1023 314 1206 361 dicimus
1226 313 1512 363 crediteznos-

120 391 347 437 laudamus
370 389 555 435 verbum
571 389 618 432 in
637 387 850 442 Domino,
870 386 1086 443 dicentes,
1123 386 1250 441 Quod
1278 387 1402 431 nobis
1433 387 1500 432 di-

120 463 232 507 citur
246 475 270 504 a
293 460 479 505 Domino
498 458 738 504 credamus.
770 459 867 503 Non
882 458 963 501 erit
979 459 1055 517 qui
1075 472 1154 503 nos
1170 465 1350 509 terreat3
1368 458 1470 518 quia
1487 478 1496 503 :

122 550 144 574 «
163 535 216 575 ln
229 534 319 575 Deo
335 529 525 574 laudabo
542 543 802 583 sermonem,
818 528 865 571 in
882 527 1068 572 Domino
1085 528 1275 571 laudabo
1291 528 1496 574 verbum:

121 619 142 643 »
176 602 222 646 in
245 605 334 646 Deo
355 600 538 661 speravi,
559 615 648 644 non
661 599 826 643 timebo
843 599 952 658 quid
965 596 1096 642 faciat
1116 598 1222 643 mihi
1237 599 1499 645 homozNon

119 690 141 714 »
175 673 256 718 erit
283 674 359 733 qui
385 688 456 717 eos
478 681 652 717 terreat,
682 689 703 713 »

175 745 384 788 XXVIII.
402 745 490 788 «Et
502 742 698 787 excitabo
713 741 772 786 eis
783 740 1048 801 plantarium
1061 740 1178 800 pacis
1188 743 1247 784 ¹.»
1256 744 1502 787 Testamen-

116 823 212 858 tum
226 814 343 874 pacis
353 849 365 870 ,
385 814 649 874 plantarium
667 813 800 873 pacis.
816 812 1038 857 Germinet
1052 811 1173 871 quod
1186 811 1354 871 plantat
1367 815 1497 867 Deus,

116 894 161 929 et
182 885 421 944 extirpetur
449 883 572 945 quod
605 883 834 929 seminavit
863 883 1107 927 haereticus.
1137 883 1268 937 Quod
1287 883 1503 943 plantavit

115 957 230 999 Deus
251 955 307 999 de
334 971 378 1002 se
396 989 408 1011 ‚
434 954 489 999 de
512 954 706 999 Ecclesia
724 969 829 999 sua:
854 954 909 998 de
936 969 979 998 se
1007 953 1055 997 in
1071 952 1208 1009 coelo,
1232 953 1287 998 de
1310 951 1502 998 Ecclesia

115 1024 161 1068 in
188 1033 330 1083 terra,
358 1024 413 1069 de
427 1040 473 1069 se
497 1040 626 1085 super
640 1039 789 1070 omnes
810 1024 959 1079 coelos,
977 1023 1035 1068 de,
1049 1023 1240 1069 Ecclesia
1261 1039 1339 1083 per
1353 1038 1502 1068 omnes

115 1104 249 1140 terras
275 1114 286 1141 ι
304 1097 389 1140 hoc
410 1095 623 1155 plantavit
638 1099 766 1140 Deus.
792 1096 904 1139 Veni
921 1105 1067 1139 autem
1084 1096 1195 1150 huc,
1213 1104 1304 1140 esto
1321 1096 1367 1138 in
1381 1104 1502 1154 parte

115 1166 301 1220 Donati,
326 1166 371 1208 in
393 1165 483 1210 sola
505 1166 650 1210 Africa
675 1175 739 1209 est
765 1164 956 1208 Ecclesia
984 1184 993 1210 :
1015 1180 1106 1209 non
1126 1164 1339 1224 plantavit
1362 1168 1499 1220 Deus,

116 1251 206 1280 non
228 1250 415 1294 agnosco
436 1234 633 1293 plantam
654 1235 746 1278 Dei.
771 1233 1096 1279 Eradicandum
1118 1244 1182 1279 est
1204 1234 1324 1294 quod
1343 1234 1503 1295 loque-

116 1308 196 1359 ris,
230 1322 322 1351 non
359 1306 608 1364 rigandum.
640 1308 738 1349 «Et
761 1305 958 1349 excitabo
981 1306 1040 1349 eis
1060 1305 1326 1364 plantarium
1347 1308 1464 1366 pacis
1490 1326 1498 1352 :

123 1396 142 1420 >›
178 1386 221 1422 et
250 1379 340 1438 jam
370 1391 461 1422 non
488 1386 618 1421 erunt
636 1377 711 1436 qui
742 1376 1084 1421 exterminentur
1111 1375 1225 1420 fame
1251 1377 1298 1420 in
1322 1386 1448 1421 terra.
1478 1395 1498 1418 n

117 1451 250 1503 Vere,
275 1447 428 1492 fratres
446 1483 457 1503 ,
482 1447 586 1507 quia
608 1447 744 1491 fames
765 1456 829 1492 est
847 1466 856 1491 :
877 1446 1058 1506 quaerite
1072 1446 1272 1491 etvidete
1291 1457 1502 1506 quantam

116 1518 276 1564 famem
297 1519 519 1578 patiantur
546 1536 554 1562 z
583 1527 626 1561 et
662 1518 784 1577 quod
806 1518 927 1577 pejus
958 1526 1019 1561 est
1036 1552 1046 1572 ,
1082 1517 1245 1561 circum
1264 1534 1310 1562 os
1336 1519 1502 1564 habent

116 1605 257 1635 escam
273 1624 284 1645 ,
309 1588 386 1633 sed
398 1604 489 1633 non
504 1587 770 1632 manducant
790 1606 798 1631 :
819 1603 994 1646 prorsus
1012 1587 1235 1647 quomodo
1253 1590 1358 1647 aegri
1382 1590 1503 1634 fasti-

117 1660 190 1706 dio
205 1696 217 1715 ,
257 1675 369 1719 saepe
401 1660 649 1706 moriuntur
665 1693 676 1713 ,
701 1673 791 1702 non
812 1659 913 1718 quia
943 1658 1063 1701 deest
1093 1657 1214 1717 quod
1238 1660 1471 1705 comedant
1487 1697 1499 1717 ,

116 1731 192 1776 sed
223 1732 325 1791 quia
353 1728 581 1775 comedere
600 1727 759 1772 nolunt
786 1737 829 1772 et
860 1736 1126 1772 aversantur.
1153 1730 1263 1773 Nam
1283 1730 1437 1790 utique
1460 1741 1503 1776 et

118 1801 351 1861 Scripturae
367 1801 447 1844 ista
460 1799 705 1858 loquuntur
726 1817 734 1842 ε
760 1807 803 1842 et
820 1798 893 1842 hic
910 1799 1064 1858 utique
1087 1807 1130 1842 et
1150 1799 1212 1842 ibi
1232 1809 1357 1845 sonat
1379 1801 1502 1846 Psal-

118 1888 213 1917 mus
239 1891 248 1917 z
273 1890 294 1914 «
313 1870 785 1917 Commemorabuntur
802 1879 846 1913 et
867 1879 1177 1914 convertentur
1195 1870 1250 1915 ad
1266 1873 1502 1918 Dominum

119 1962 140 1985 »
175 1943 364 1987 universi
397 1943 504 1985 fines
531 1950 679 1994 terrae,
715 1949 758 1984 et
787 1940 1034 1984 adorabunt
1065 1940 1111 1983 in
1146 1952 1383 2001 conspectu
1413 1946 1503 2005 ejus

120 2032 140 2056 »
176 2013 388 2058 universae
409 2011 560 2071 patriae
592 2010 788 2069 gentium
801 2013 833 2051 2.
868 2029 889 2052 »
925 2013 1039 2055 Ecce
1064 2026 1160 2055 esca
1192 2021 1255 2056 est
1287 2014 1427 2072 posita
1456 2016 1503 2060 in

118 2083 294 2129 vasculo
315 2103 324 2128 :
349 2083 383 2126 si
400 2097 528 2127 sanus
551 2096 659 2126 esses
677 2090 720 2124 et
736 2081 1036 2137 manducares,
1054 2083 1271 2142 numquid
1284 2083 1346 2128 ibi
1360 2100 1501 2130 rema-

119 2156 272 2200 neres?
310 2172 330 2196 «
353 2156 411 2198 Et
436 2159 525 2210 jam
557 2167 648 2196 non
669 2161 798 2196 erunt
829 2153 906 2211 qui
938 2153 1278 2197 exterminentur
1310 2154 1425 2200 fame
1456 2158 1501 2202 in

121 2245 142 2268 »
176 2235 289 2270 terra
307 2260 318 2280 ,
343 2226 498 2284 etjam
528 2239 618 2268 non
651 2223 889 2283 portabunt
918 2223 1201 2269 maledictum
1237 2227 1446 2284 gentium.
1478 2246 1498 2270 »

117 2299 229 2342 Vere
250 2331 261 2352 ,
284 2295 459 2350 fratres,
479 2295 712 2339 intantum
729 2294 904 2339 culmen
925 2295 971 2338 in
988 2295 1164 2339 nomine
1182 2296 1340 2340 Christi
1359 2308 1500 2343 erecta

53 2420 56 2422 ¹
118 2377 182 2412 est
210 2366 403 2411 Ecclesia
419 2400 430 2421 ‚
465 2374 514 2409 ut
526 2367 619 2425 jam
642 2365 972 2410 confundantur
996 2381 1145 2409 omnes
1167 2365 1394 2423 maledici,
1420 2385 1500 2414 nec

119 2437 308 2482 audeant
320 2436 592 2481 maledicere.
610 2438 704 2482 Hoc
720 2436 863 2482 solum
881 2437 963 2481 illis
978 2437 1197 2493 remansit,
1215 2439 1334 2497 quod
1349 2449 1498 2484 contra

119 2524 198 2554 nos
234 2507 381 2553 dicant
405 2523 414 2549 ε
440 2510 579 2560 Quare
611 2507 727 2551 inter
771 2523 846 2553 vos
875 2523 963 2553 non
995 2508 1274 2557 consentitis?
1307 2509 1497 2555 Gentiles

169 2603 178 2620 ἲ
198 2595 314 2629 Ezech.
327 2606 440 2637 xxxiv,
460 2605 513 2638 29.
538 2613 577 2620 --
604 2602 616 2619 ²
638 2594 723 2626 Psal.
742 2605 807 2635 κῃ,
825 2595 877 2627 28.
