1898 3178
339 217 477 245 51111Μο
509 217 746 255 Lxxxxvm,
784 218 837 244 1111
871 216 1015 244 veneis
1046 215 1209 244 MATTH.
1244 216 1311 243 ΧΧ.
1426 206 1509 245 457

133 299 403 345 perseverare
431 285 477 327 in
504 283 746 341 clamando.
772 284 921 328 Dicam
943 283 1063 344 quod
1093 283 1222 327 multi
1248 298 1418 328 mecum
1438 300 1510 329 ex-

132 355 242 415 perti
270 355 436 398 suntin
468 353 641 397 nomine
673 353 833 397 Christi
857 373 866 398 2
891 369 980 399 non
1002 354 1117 397 enim
1151 362 1286 398 cessat
1319 353 1509 400 Ecclesia

131 425 236 470 tales
263 440 428 484 parere.
454 426 567 468 Cum
604 424 787 484 quisque
809 426 1075 470 Christianus
1096 425 1278 484 coeperit
1303 425 1415 469 bene
1443 427 1510 470 vi-

130 511 230 542 vere
250 531 260 551 ,
281 495 448 539 fervere
476 494 601 539 bonis
623 494 848 554 operibus,
874 495 1178 555 mundumque
1200 505 1476 541 contemnere
1498 518 1509 555 3

129 568 175 612 in
189 568 279 627 ipsa
298 567 488 612 novitate
512 581 693 627 operum
724 582 901 611 suorum
923 567 1085 627 patitur
1117 568 1442 627 reprehensores
1469 578 1512 614 et

129 638 466 684 contradictores
494 637 672 698 frigidos
704 639 983 684 Christianos.
1013 640 1056 685 Si
1089 647 1234 683 autem
1263 655 1510 698 persevera·-

127 709 260 765 verit,
285 718 329 753 et
349 724 421 754 eos
444 709 719 769 superaverit·
739 709 1046 769 perdurando,
1078 718 1121 754 01
1149 724 1239 754 non
1258 708 1464 754 defecerit
1488 727 1508 754 a

129 779 254 824 bonis
292 780 494 838 operibus
522 799 530 824 :
566 780 698 824 iidem
727 779 807 840 ipsi
825 782 913 840 jam
944 780 1266 840 obsequentur,
1301 781 1377 839 qui
1409 790 1508 824 ante

127 850 437 910 prohibebant.
472 850 640 894 Tandiu
674 851 788 895 enim
822 851 1063 910 corripiunt
1094 860 1137 894 et
1172 851 1430 910 perturbant
1463 860 1507 895 et

126 929 291 975 vetant,
309 919 507 980 quandiu
529 921 610 964 sibi
630 921 725 965 cedi
741 935 865 981 posse
879 930 1166 980 praesumunt.
1188 921 1229 965 Si
1247 930 1390 964 autem
1408 921 1510 965 victi

127 989 291 1035 fuerint
311 991 626 1049 perseverantia
648 992 994 1050 proficientium,
1019 1000 1280 1036 convertunt
1296 1006 1360 1045 se,
1384 1000 1426 1034 et
1445 990 1512 1034 di-

126 1076 222 1106 cere
244 1061 483 1121 incipiunt:
509 1064 694 1120 Magnus
727 1063 880 1116 homo,
916 1071 1088 1107 sanctus
1116 1063 1274 1116 1101110,
1304 1061 1405 1105 felix
1440 1062 1509 1105 cui

126 1135 239 1177 Deus
263 1132 488 1177 concessit.
510 1135 758 1188 Honorant,
784 1133 1078 1192 gratulantur,
1101 1132 1390 1187 benedicunt,
1416 1133 1510 1176 lau-

126 1201 233 1247 dant
258 1222 267 1248 :
294 1201 518 1264 quomodo
546 1202 618 1247 illa
645 1203 774 1247 turba
794 1219 894 1263 quae
926 1219 1027 1248 cum
1059 1203 1245 1248 Domino
1284 1212 1389 1246 erat,
1414 1206 1509 1262 Ipsa

124 1274 388 1334 prohibebat
404 1290 459 1319 ne
480 1274 582 1318 caeci
603 1273 841 1318 clamarent
861 1294 868 1318 :
896 1274 971 1319 sed
989 1283 1220 1335 postquam
1248 1273 1311 1317 illi
1341 1274 1398 1318 ita
1416 1273 1508 1318 cla-

123 1354 353 1389 maverunt
369 1379 379 1399 ,
403 1354 453 1388 ut
478 1354 747 1388 mererentur
769 1345 910 1389 audiri
942 1354 985 1389 et
1007 1346 1238 1404 impetrare
1266 1345 1509 1389 misericor-

124 1415 238 1460 diam
263 1415 460 1472 Domini,
496 1416 587 1475 ipsa
614 1415 743 1460 turba
772 1431 943 1460 rursum
967 1415 1070 1460 dicit
1093 1435 1102 1460 ι
1134 1435 1154 1458 «
1178 1418 1317 1460 Vocat
1336 1431 1410 1460 vos
1433 1419 1508 1459 Je-

126 1505 147 1529 »
182 1502 267 1531 sus.
295 1505 315 1528 »
342 1489 440 1531 Jam
463 1495 506 1530 et
522 1487 764 1531 hortatores
780 1487 909 1542 fiunt,
931 1488 1008 1547 qui
1026 1486 1158 1546 paulo
1175 1495 1275 1530 ante
1303 1487 1509 1545 corripie-

123 1556 231 1602 bant
244 1566 294 1601 ut
314 1566 522 1601 tacerent.
547 1556 671 1601 Solus
694 1565 841 1600 autem
856 1556 929 1600 ille
946 1572 1034 1601 non
1054 1565 1235 1601 vocatur
1257 1572 1281 1600 3
1303 1557 1504 1611 Domino,

122 1628 198 1688 qui
215 1642 306 1671 non
325 1625 495 1672 laborat
511 1627 556 1670 in
578 1628 662 1672 1100
700 1626 874 1670 53001110.
905 1626 989 1670 Sed
1006 1626 1102 1685 quis
1134 1626 1179 1669 in
1208 1627 1289 1670 hac
1312 1627 1400 1670 vita
1418 1642 1507 1671 non

51 1698 55 1705 '
121 1697 291 1743 laborat
306 1698 351 1741 in
375 1698 560 1757 peccatis
586 1689 629 1742 01
649 1698 695 1741 111
712 1696 1016 1757 iniquitatibus
1034 1697 1149 1740 suis?
1174 1697 1217 1741 Si
1239 1705 1383 1740 autem
1409 1712 1506 1741 om-

120 1783 196 1812 nes
225 1768 429 1812 laborant
444 1803 455 1823 ,
473 1768 676 1813 omnibus
691 1767 858 1812 dictum
880 1776 943 1811 est
962 1787 970 1811 :
993 1786 1012 1808 «
1033 1767 1189 1810 Venite
1206 1766 1260 1811 ad
1276 1782 1343 1811 me
1357 1782 1505 1812 omnes

56 1855 57 1859 ¹
123 1856 145 1880 ))
179 1838 255 1899 qui
276 1837 526 1890 laboratis1.
552 1856 572 1878 »
600 1838 643 1882 Si
666 1847 811 1881 autem
832 1837 1036 1882 omnibus
1056 1836 1224 1881 dictum
1255 1847 1346 1892 est,
1372 1853 1506 1897 quare

122 1907 297 1967 culpam
330 1917 450 1952 tuam
486 1907 638 1951 tribuis
670 1907 890 1953 invitatori
923 1911 1031 1951 tuo?
1059 1907 1202 1950 Veni?
1224 1909 1321 1952 Non
1343 1908 1423 1951 tibi
1456 1909 1506 1952 fit

52 1994 56 2024 ὲ
122 1988 303 2038 angusta
321 1979 476 2024 domus
494 1980 584 2039 ejus
607 1998 615 2023 :
641 1978 800 2038 pariter
818 1979 873 2022 ab
891 1977 1108 2033 omnibus,
1129 1987 1268 2022 totum
1288 1994 1311 2022 a
1325 1979 1503 2037 singulis

120 2050 365 2110 possidetur
401 2064 586 2108 regnum
605 2049 682 2093 Dei
707 2069 716 2093 ι
747 2057 966 2093 crescente
994 2064 1286 2108 possessorum
1321 2064 1504 2095 numero

52 2171 55 2178 ,
121 2137 211 2166 11011
230 2121 444 2165 minuitur
460 2156 470 2175 ,
509 2121 610 2180 quia
642 2136 731 2166 non
753 2120 977 2166 dividitur.
1022 2121 1266 2181 Unicuique
1288 2121 1503 2178 integrum

121 2202 208 2247 est,
234 2192 356 2252 quod
378 2191 650 2236 concorditer
672 2191 859 2237 habetur
881 2208 903 2236 3
926 2192 1089 2236 multis.

179 2265 303 2307 XIX.
327 2265 420 2307 Hoc
452 2272 597 2307 tamen
629 2263 674 2308 in
694 2264 901 2322 mysterio
922 2263 1117 2308 lectionis
1138 2263 1266 2322 hujus
1294 2264 1503 2322 cognovi-

121 2347 216 2378 mus
235 2369 246 2389 ,
272 2332 426 2379 fratres
441 2370 452 2389 ,
477 2334 597 2394 quod
626 2334 716 2379 aliis
741 2335 952 2379 librorum
976 2342 1226 2378 sanctorum
1249 2333 1353 2378 locis
1377 2350 1501 2393 aper-

121 2404 281 2448 tissime
303 2415 447 2459 sonat,
473 2420 562 2449 esse
593 2405 709 2450 intus
733 2405 779 2448 in
809 2405 999 2449 Ecclesia
1029 2413 1069 2447 et
1106 2404 1244 2447 bonos
1268 2413 1310 2447 et
1342 2405 1498 2460 malos,

121 2474 241 2534 quod
271 2490 384 2534 saepe
434 2474 616 2519 dicimus
657 2475 927 2520 frumentum
951 2484 992 2519 ct
1018 2475 1197 2533 paleam.
1232 2477 1369 2519 Nemo
1402 2485 1502 2519 ante

170 2559 181 2575 ¹
200 2557 318 2591 Matth.
335 2568 377 2598 xi,
399 2558 451 2589 28.
