1898 3178
360 167 412 208 58
784 180 818 207 s.
853 159 1082 208 Aueusrim
1109 176 1293 207 nuscum

358 259 501 290 remus
523 245 602 289 nisi
638 245 719 305 ipsi
739 243 900 289 dicenti
927 243 1198 289 crederemus
1214 248 1256 300 ,)
1288 260 1308 286 «
1336 245 1387 288 In
1410 243 1735 302 magnitudine,

360 335 381 359 »
416 316 581 375 inquit,
601 315 914 360 revelationum
935 330 990 358 ne
1007 314 1212 371 extollar,
1232 313 1357 359 datus
1380 323 1445 358 est
1462 314 1568 358 mihi
1590 315 1740 360 stimu-

361 404 382 428 »
416 386 483 430 lus
505 387 643 430 carnis
665 400 794 440 meae,
819 383 997 443 angelus
1018 387 1211 440 Satanae,
1237 386 1312 445 qui
1334 399 1404 429 me
1421 383 1735 444 colaphizet1.»

357 460 420 504 Ne
436 473 598 502 cornua
621 457 819 515 erigeret,
834 455 1093 516 colaphizari
1107 472 1151 501 se
1165 456 1352 501 dicebat.
1369 459 1583 516 «Propter
1601 455 1738 516 quod,

361 546 381 570 »
416 528 585 587 inquit,
607 536 672 571 ter
688 527 924 571 Dominum
946 528 1109 586 rogavi,
1125 537 1175 572 ut
1193 527 1384 571 auferret
1405 541 1504 585 eum
1528 543 1552 571 a
1572 542 1643 570 me
1661 547 1672 584 3
1698 535 1743 571 et

362 616 383 639 >›
418 597 523 642 dixit
542 596 673 641 mihi:
697 596 866 642 Sufficit
887 598 966 641 tibi
982 598 1115 656 gratia
1137 613 1249 652 mea,
1275 612 1376 640 nam
1396 597 1535 641 virtus
1550 596 1597 640 in
1616 597 1741 641 infir-

362 684 381 709 »
418 667 568 711 mitate
604 667 868 727 perficitur2.
895 686 915 709 »
942 670 1081 721 Quam
1114 676 1178 712 est
1215 682 1318 726 ergo
1345 666 1494 710 utilior
1515 666 1742 711 infirmitas

358 753 457 798 quae
478 738 716 797 perficitur,
737 753 869 798 quam
883 736 957 782 illa
979 738 1159 782 firmitas
1176 753 1275 797 quae
1294 736 1481 796 impellit
1503 751 1620 792 oves,
1643 752 1743 797 quae

357 807 540 852 ventilat
562 817 612 852 ut
629 807 843 852 excludat.
873 808 1008 853 Filius
1036 824 1138 867 ergo
1161 807 1300 851 malus
1319 807 1411 867 ipse
1432 822 1500 862 es,
1524 816 1575 851 tu
1595 816 1638 851 te
1655 808 1744 867 jus-

358 888 453 924 tum
475 879 596 924 dicis.
622 898 642 921 «
668 879 803 923 Filius
826 879 966 923 malus
983 880 1072 939 ipse
1089 895 1132 923 se
1149 880 1318 939 justum
1340 877 1461 933 dicit,
1487 878 1649 922 exitum
1666 893 1745 922 au-

363 968 383 991 »
419 958 506 993 tem
544 965 672 993 suum
693 965 782 994 non
804 950 956 994 abluit.
975 968 994 991 »
1011 949 1251 1003 Attendite,
1271 947 1423 992 fratres
1441 948 1549 1003 mei,
1574 956 1747 992 senten·

358 1020 462 1064 tiam
482 1019 716 1080 quamdam
740 1020 916 1064 brevem
937 1035 1120 1064 numero
1142 1019 1378 1064 verborum
1394 1054 1405 1074 ,
1426 1018 1502 1064 sed
1523 1019 1743 1077 ingentem

358 1088 551 1148 pondere
573 1090 776 1133 veritatis.
802 1092 979 1133 Justum
1001 1105 1044 1133 se
1075 1089 1199 1143 dicit,
1233 1098 1282 1144 ut
1305 1097 1427 1133 exeat
1453 1097 1497 1132 et
1523 1087 1741 1132 excludat.

359 1161 532 1203 Justum
567 1174 611 1202 se
639 1158 766 1213 dicit,
798 1158 874 1202 sed
903 1157 1042 1202 malus
1065 1167 1130 1202 est
1151 1177 1160 1203 z
1184 1157 1284 1202 ideo
1316 1159 1478 1202 exitum
1507 1172 1635 1202 suum
1657 1173 1748 1202 non

360 1228 510 1273 abluit.
533 1228 649 1282 Quid
672 1238 756 1283 est,
781 1243 871 1272 non
890 1227 1059 1272 abluit?
1075 1230 1173 1273 Non
1197 1237 1372 1285 purgat,
1408 1243 1499 1272 non
1520 1226 1743 1283 defendit,

359 1316 449 1346 non
467 1308 656 1344 excusat.
669 1302 813 1352 Quare
835 1299 950 1343 enim
969 1308 1011 1343 te
1027 1299 1230 1358 separasti
1244 1300 1262 1342 Ξ)
1274 1314 1409 1358 quare
1431 1299 1582 1343 existi?
1603 1301 1748 1352 Quare

359 1371 439 1415 tibi
460 1371 607 1415 tremit
627 1385 723 1425 cor,
749 1369 927 1429 quando
949 1369 1071 1413 audis
1091 1384 1142 1412 ex
1162 1368 1283 1412 libris
1305 1368 1460 1413 divinis
1485 1387 1494 1413 ε
1523 1387 1543 1410 «
1568 1371 1635 1413 Ex
1663 1385 1747 1414 no-

364 1460 384 1484 »
419 1442 485 1486 bis
503 1441 725 1497 exierunt,
751 1442 826 1486 sed
848 1457 937 1486 non
964 1450 1087 1484 erant
1110 1456 1160 1484 ex
1182 1440 1334 1484 nobis³
1360 1459 1369 1484 ι
1397 1457 1417 1481 »
1444 1440 1479 1483 si
1504 1448 1653 1484 tamen
1673 1440 1746 1484 illa

363 1512 478 1558 mala
511 1511 748 1566 fortitudo,
788 1527 875 1571 qua
908 1525 1008 1555 oves
1040 1511 1117 1555 Dei
1152 1509 1362 1569 impellis,
1386 1518 1430 1554 et
1449 1510 1654 1568 impingis
1668 1545 1680 1565 ,
1705 1520 1749 1555 et

361 1582 544 1628 ventilas
560 1617 570 1637 ,
606 1582 817 1641 permittit
844 1591 1077 1626 tremorem
1100 1579 1156 1624 ad
1186 1595 1261 1624 cor
1282 1579 1442 1623 tuum?
1463 1581 1575 1625 Nam
1595 1580 1749 1640 utique

362 1668 463 1698 cum
485 1653 628 1696 audis:
645 1654 743 1695 «Ex
765 1651 891 1695 nobis
909 1651 1122 1704 exierunt,
1138 1651 1210 1694 sed
1232 1665 1320 1694 non
1342 1658 1466 1694 erant
1486 1664 1537 1693 ex
1554 1649 1680 1695 nobis
1698 1670 1706 1696 :
1723 1669 1744 1692 η

362 1723 434 1768 ille
466 1722 730 1782 loquebatur
759 1721 836 1781 qui
866 1721 912 1764 in
944 1719 1135 1765 Ecclesia
1163 1729 1268 1764 erat.
1300 1719 1492 1765 Ecclesia
1525 1729 1619 1765 toto
1641 1721 1748 1765 orbe

362 1792 520 1837 diffusa
542 1801 626 1846 est,
653 1801 702 1835 tu
724 1791 831 1851 quid
847 1791 951 1835 facis
969 1788 1103 1835 foris?
1124 1792 1275 1849 Neque
1293 1790 1410 1833 enim
1432 1804 1513 1848 ego
1535 1790 1748 1835 annuntio

361 1863 599 1908 Ecclesiam
622 1871 715 1906 toto
737 1861 843 1905 orbe
864 1860 1067 1905 diffusam
1084 1879 1092 1905 ι
1110 1861 1339 1919 Prophetae
1358 1859 1744 1916 annuntiaverunt,

362 1932 559 1993 Apostoli
586 1932 980 1986 annuntiaverunt,
1005 1932 1096 1990 ipse
1125 1931 1336 1974 Dominus
1366 1930 1644 1975 annuntiavit
1664 1933 1748 1975 Ec—

363 2003 538 2048 clesiam
558 2011 651 2047 toto
673 2003 779 2046 orbe
813 2001 1033 2045 diffusam.
1060 2000 1194 2045 Modo
1223 2014 1325 2044 cum
1362 1999 1558 2044 Psalmus
1578 1999 1747 2059 legere-

361 2085 454 2130 tur,
479 2073 725 2118 audivimus
751 2092 760 2117 ;
785 2091 805 2114 «
817 2074 914 2117 Non
933 2070 1103 2130 repellit
1120 2071 1328 2115 Dominus
1346 2068 1519 2129 plebem
1541 2072 1740 2115 suam‘.»

363 2148 588 2205 Tanquam
610 2152 902 2204 quaereretur,
927 2142 1096 2196 Quam?
1125 2160 1145 2184 «
1168 2141 1381 2195 Quoniam
1405 2142 1450 2185 in
1473 2138 1606 2186 manu
1624 2143 1717 2202 ejus
1734 2177 1746 2196 ,

365 2234 386 2257 »
421 2215 593 2276 inquit,
616 2215 723 2258 fines
739 2223 879 2257 terrae.
910 2231 929 2254 »
957 2215 1052 2272 Ipse
1073 2226 1165 2256 non
1185 2210 1383 2271 repellit,
1407 2220 1451 2256 et
1470 2221 1520 2256 tu
1541 2211 1745 2272 impellis.

363 2284 553 2344 Impellis
569 2320 579 2339 ,
612 2283 815 2338 ventilas,
839 2282 1033 2327 excludis
1049 2317 1059 2336 ,
1083 2283 1220 2342 jactas
1242 2282 1470 2326 traditores
1487 2317 1499 2337 ,
1534 2297 1625 2327 non
1646 2297 1750 2342 pro-

363 2355 457 2398 bas.
483 2356 656 2398 Cornua
677 2362 779 2397 sunt
801 2353 879 2397 ista
910 2351 1158 2397 ventilantis
1173 2387 1184 2406 ,
1222 2367 1312 2396 non
1334 2351 1625 2396 mansuetudo
1655 2367 1753 2411 pas-

365 2425 515 2469 centis.
543 2426 654 2468 Ecce
692 2424 818 2483 plebs
849 2423 926 2467 Dei
956 2423 1002 2466 in
1024 2422 1185 2467 finibus
1207 2431 1333 2467 terrae
1356 2442 1364 2467 :
1390 2437 1490 2467 ecce
1518 2420 1641 2482 plebs
1673 2423 1750 2467 Dei

414 2515 424 2529 ¹
445 2517 463 2539 2
487 2509 559 2541 Cor.
581 2518 683 2550 x11,7.
703 2525 742 2531 -
769 2515 781 2530 ²
805 2507 885 2541 Ibid.
915 2508 947 2549 8,
966 2519 998 2550 9.
1027 2524 1067 2530 —
1089 2506 1100 2529 3
1124 2519 1135 2538 1
1158 2509 1249 2540 Joan.
1273 2519 1308 2549 n,
1333 2518 1382 2548 ¹9·
1402 2522 1444 2530 -
1461 2505 1477 2535 4
1496 2506 1577 2539 Psal.
1597 2516 1687 2548 πᾶσιν,
1708 2505 1740 2548 4
