1898 3178
415 275 554 302 senno
587 274 711 310 XLVI,
749 275 801 300 m:
834 273 984 302 ovmus
1016 276 1060 302 IN
1094 273 1239 300 zzncn.
1451 263 1500 298 61

130 354 242 383 rasse
262 337 544 393 contenditis3
568 352 702 396 quare
731 338 848 396 apud
869 353 944 382 vos
971 347 1074 382 sunt
1100 337 1206 382 tales
1231 345 1274 380 et
1297 336 1432 380 tales?
1453 339 1510 380 Et

130 408 191 452 illi
230 407 406 452 fortasse
436 408 538 467 quia
572 423 729 466 negare
758 423 847 452 non
877 409 1067 463 audent,
1093 408 1194 467 quia
1226 422 1274 450 ea
1302 407 1511 450 dicuntur

128 493 226 537 quae
249 478 383 523 oculis
406 478 684 538 objiciuntur.
707 481 818 523 Sunt
838 478 1017 538 quidem
1041 478 1158 537 apud
1181 493 1258 522 nos
1279 477 1409 532 tales,
1435 477 1511 520 sed

127 547 345 608 numquid
367 563 516 592 omnes
538 563 685 592 sumus
705 548 838 592 tales?
857 547 1046 607 Optime.
1074 547 1210 592 Video
1229 562 1331 606 ergo
1348 556 1392 591 te
1406 547 1510 591 foris

128 632 228 661 cum
250 618 577 677 peccatoribus:
614 632 748 678 quare
773 633 863 662 non
886 618 1029 661 intus?
1050 620 1213 662 Merces
1242 618 1357 662 enim
1387 633 1512 676 sepa-

128 688 305 732 rationis
326 697 412 732 tuae
430 702 520 732 esse
536 687 713 743 debuit,
736 703 837 732 cum
860 697 1086 747 peccatore
1105 703 1193 732 non
1211 688 1369 732 vivere.
1397 688 1438 732 Si
1455 687 1516 732 fo-

128 758 185 802 ris
204 758 263 803 sic
285 772 417 814 esses,
437 768 486 803 ut
508 759 657 818 quales
681 767 722 802 te
739 759 865 818 fingis
886 757 1047 816 fugisse
1070 774 1160 803 non
1183 759 1385 812 haberes,
1411 775 1515 818 quo-

128 844 217 888 quo
238 828 370 873 modo
391 827 550 872 ferrem
573 829 887 888 separationem
916 838 1052 873 tuam.
1085 827 1296 873 Attendat
1317 844 1418 887 ergo
1436 829 1515 872 iste

127 898 306 958 cupiens
328 913 417 943 esse
431 899 723 954 Christianus,
747 899 826 943 ubi
848 899 902 944 sit
918 933 929 955 ,
954 899 1224 945 Christianus
1246 918 1254 943 ε
1281 899 1400 943 videt
1420 897 1516 942 illos

128 969 491 1028 separatosssquasi
511 985 533 1012 a
552 969 875 1028 peccatoribus,
900 969 1050 1028 plenos
1067 970 1381 1029 peccatoribus.
1404 972 1518 1013 Rur-

127 1054 198 1082 sus
213 1038 657 1096 attendatEcclesiam
673 1040 833 1085 Christi
847 1040 1085 1084 secundum
1103 1039 1370 1097 probabilem
1384 1040 1517 1084 vitam

127 1124 300 1153 morum
315 1110 482 1166 generis
493 1110 675 1153 humani
691 1144 702 1164 ,
722 1111 965 1154 secundum
981 1127 1090 1170 quos
1112 1127 1252 1155 mores
1274 1120 1416 1169 potest
1429 1112 1517 1169 ipse

127 1180 258 1222 etiam
277 1179 452 1222 veniens
473 1179 528 1222 de
546 1178 707 1223 saeculo
729 1188 971 1238 utcumque
987 1180 1182 1239 judicare
1208 1200 1217 1225 2
1243 1180 1362 1224 videt
1380 1189 1423 1223 et
1448 1180 1518 1223 hic

128 1246 295 1307 aliquos
314 1247 478 1292 sobrios
494 1281 504 1301 ‚
536 1247 702 1307 aliquos
724 1247 942 1305 ebriosos3
968 1248 1134 1307 aliquos
1158 1258 1380 1308 pascentes
1411 1261 1517 1307 pau-

128 1331 250 1376 peres
266 1352 276 1372 ,
292 1317 459 1376 aliquos
473 1317 669 1376 rapinam
682 1331 827 1360 rerum
840 1317 1078 1360 alienarum
1095 1327 1348 1376 appetentes
1359 1352 1370 1373 ‚
1389 1328 1517 1362 etcae-

130 1395 220 1431 tera
237 1386 339 1431 talia
356 1407 365 1431 :
386 1387 503 1431 videt
516 1386 587 1431 hic
599 1421 609 1441 ,
628 1386 747 1431 videt
761 1395 805 1430 et
817 1387 892 1430 ibi.
914 1387 1221 1447 Attendatjam
1238 1391 1374 1432 Deum
1387 1423 1398 1442 ,
1413 1388 1519 1448 quid

129 1458 245 1502 dicat
265 1458 320 1501 de
340 1457 530 1501 Ecclesia
545 1472 621 1501 sua
648 1476 656 1501 z
677 1457 843 1501 invenit
861 1460 998 1501 Deum
1019 1476 1027 1501 z
1047 1457 1264 1501 dicentem
1278 1473 1356 1517 per
1369 1473 1519 1502 omnes

130 1536 277 1585 gentes
294 1526 530 1571 Ecclesiam
546 1541 693 1583 suam3
713 1526 879 1570 invenit
896 1530 1035 1570 Deum
1057 1527 1185 1571 etiam
1208 1527 1254 1570 in
1270 1527 1349 1571 ista
1372 1528 1520 1572 simili-

129 1597 283 1641 tudine
315 1597 579 1642 zizaniorum
599 1597 817 1641 dicentem
839 1615 847 1641 :
874 1616 893 1637 «
915 1600 1028 1654 Ager
1051 1607 1115 1641 est
1142 1598 1213 1641 hic
1231 1597 1421 1641 mundus
1438 1601 1466 1641 ¹.
1497 1617 1516 1638 »

129 1671 227 1715 Non
243 1683 345 1727 ager
359 1677 423 1712 est
439 1667 607 1725 Africa3
632 1667 708 1711 sed
726 1668 798 1711 hic
816 1667 1019 1711 mundus.
1048 1671 1129 1711 Per
1144 1677 1286 1712 totum
1303 1668 1519 1712 mundum

130 1739 402 1784 frumentum
415 1773 425 1793 ‚
449 1753 527 1798 per
549 1747 691 1782 totum
707 1739 923 1782 mundum
943 1738 1102 1782 zizania
1116 1773 1127 1794 ,
1147 1741 1163 1796 (
1180 1748 1326 1783 tamen
1343 1754 1442 1797 ager
1457 1749 1520 1784 est

132 1809 322 1853 mundus
341 1843 351 1864 ‚
373 1809 606 1852 seminator
625 1807 759 1851 Filius
769 1808 978 1863 hominis,
1000 1823 1204 1853 messores
1226 1809 1404 1868 Angeli,
1430 1825 1520 1854 non

133 1879 349 1939 principes
364 1877 800 1933 circumcellionum,
818 1881 835 1935 )
856 1893 1045 1923 crescere
1061 1888 1297 1938 utrumque
1309 1895 1448 1939 usque
1467 1879 1522 1923 ad

132 1965 314 1995 messem
333 1969 342 1995 :
360 1965 449 1995 non
463 1965 654 1994 crescere
671 1949 829 1993 zizania
845 1983 855 2004 ,
874 1958 915 1993 et
925 1948 1170 1993 decrescere
1184 1949 1402 1993 frumenta
1415 1970 1426 2006 3
1445 1949 1521 1993 sed

135 2029 373 2080 utrumque
386 2034 576 2064 crescere
595 2034 734 2078 usque
756 2018 809 2062 ad
830 2033 1023 2062 messem.
1049 2021 1189 2072 Quam
1212 2021 1424 2062 messem?
1447 2022 1523 2078 lp-

137 2105 233 2134 sum
251 2088 352 2134 audi
376 2108 385 2134 :
409 2107 429 2131 «
446 2089 595 2133 Messis
616 2098 679 2133 est
700 2088 798 2132 finis
819 2089 965 2132 saeculi
979 2092 996 2114 2
1016 2123 1024 2132 .
1053 2107 1073 2129 »
1100 2088 1235 2133 Audit
1252 2089 1345 2133 haec
1367 2087 1520 2148 plane,

138 2169 180 2204 et
200 2169 314 2204 recte
326 2159 525 2219 judicans
537 2159 646 2219 quid
662 2159 796 2203 dicit?
813 2162 910 2204 Non
923 2175 996 2204 ero
1011 2160 1054 2203 in
1069 2158 1141 2204 illa
1159 2159 1401 2204 concisione
1416 2180 1428 2217 3
1443 2160 1525 2204 hac

139 2246 213 2275 ero
228 2265 238 2285 ‚
259 2239 303 2274 et
322 2231 462 2274 bonus
484 2245 557 2274 ero
584 2231 629 2273 in
646 2229 823 2273 nomine
839 2230 930 2289 ejus
943 2230 1065 2289 cujus
1088 2245 1161 2274 ero
1184 2249 1192 2274 :
1219 2239 1261 2273 et
1278 2230 1418 2273 bonus
1432 2246 1522 2284 ero,

141 2316 230 2345 non
240 2315 309 2343 me
317 2300 460 2358 ipsum
469 2300 635 2344 bonum
648 2298 806 2343 faciens
818 2300 909 2354 ,sed
919 2300 974 2342 ab
984 2299 1057 2344 illo
1070 2300 1161 2343 fieri
1171 2309 1400 2358 expectans
1413 2320 1424 2357 3
1435 2315 1525 2343 non

143 2385 212 2414 me
220 2370 361 2429 ipsum
370 2370 535 2414 bonum
544 2370 604 2428 etj
612 2379 756 2414 ustum
767 2368 1010 2423 dicens‚sed
1018 2370 1073 2412 ab
1082 2369 1158 2413 illo
1167 2368 1250 2412 dici
1259 2369 1522 2413 desiderans.

145 2444 300 2495 Intrat,
333 2441 383 2484 fit
409 2439 660 2485 catholicus.
692 2442 805 2483 Ecce
827 2440 917 2498 ipse
948 2439 1088 2483 abluit
1115 2440 1356 2497 ingressum
1378 2455 1524 2494 suum,

147 2508 275 2553 ablue
289 2518 332 2553 et
352 2517 401 2554 tu
417 2510 578 2553 exitum
595 2518 736 2571 tuum.
758 2512 855 2554 Non
873 2517 993 2568 potes
1020 2527 1028 2552 z
1054 2527 1074 2550 «
1093 2508 1228 2553 Filius
1247 2509 1364 2553 enim
1385 2509 1524 2553 malus

199 2612 208 2629 1
226 2594 343 2627 Matth.
362 2605 435 2636 xm,
455 2595 507 2629 38,
528 2611 569 2618 -
589 2601 602 2617 ²
622 2594 703 2627 lbid.
725 2594 777 2636 39.
