1898 3178
394 237 477 276 330
815 243 850 274 s.
886 243 1117 272 Aueusnm
1148 243 1330 272 zmscom

393 327 497 373 pore
524 311 682 357 similes
714 325 862 355 sumus
895 308 1027 354 servis
1052 307 1135 352 illis
1153 343 1164 364 ‚
1205 309 1261 353 de
1295 308 1456 369 quibus
1483 307 1649 352 dictum
1671 317 1734 353 est
1759 328 1767 353 :

397 403 417 425 «
451 383 549 438 Vis,
584 383 696 425 imus
725 390 768 424 et
801 379 1045 439 colligimus
1079 380 1192 423 ea1‘?
1217 397 1237 421 »
1265 379 1530 423 Volebamus
1562 379 1677 423 enim
1696 414 1708 434 ‚
1738 380 1771 422 si

392 454 486 498 fieri
518 452 674 513 possit,
714 451 886 495 nullum
923 449 1087 495 malum
1109 464 1331 493 remanere
1367 450 1480 494 inter
1507 449 1660 494 bonos.
1687 448 1773 494 Sed

392 525 557 569 dictum
572 532 637 567 est
657 522 803 568 nobis:
823 542 844 565 «
866 521 1001 568 Sinite
1021 530 1207 581 utraque
1228 535 1416 565 crescere
1432 535 1572 580 usque
1588 518 1645 564 ad
1666 534 1775 564 mes-

394 613 415 637 »
451 609 541 639 sem
554 596 587 635 ².
617 612 636 635 ›-›
662 595 841 647 Quare?
863 593 988 638 Tales
1002 592 1118 636 enim
1139 591 1238 636 estis
1253 626 1264 646 ,
1291 599 1342 634 ut
1362 589 1455 634 falli
1476 590 1660 650 possitis.
1686 593 1775 635 De-

392 666 526 725 nique
554 664 656 708 audi
680 683 691 710 2
718 683 740 707 «
767 667 831 711 Ne
862 663 998 718 sorte,
1034 662 1141 707 dum
1162 660 1294 707 vultis
1331 661 1550 705 eradicare
1583 660 1774 717 zizania,

395 754 417 778 »
452 735 678 781 eradicetis
695 735 826 780 simul
846 744 890 780 et
911 735 1105 779 triticum
1121 735 1182 778 ³.»
1197 732 1313 786 Quid
1326 731 1431 777 boni
1445 730 1779 777 facitiSPNonne

392 823 575 853 messem
597 823 739 853 meam
757 816 901 853 vestra
925 806 1149 865 diligentia
1181 804 1436 849 vastabitis?
1457 804 1644 848 Venient
1663 817 1780 848 mes-

393 895 508 924 sores
532 898 541 924 :
564 888 609 923 et
637 879 835 938 exposuit
857 879 933 938 qui
966 886 1069 921 sunt
1088 889 1295 920 messores
1321 893 1330 919 :
1361 894 1382 917 «
1405 877 1614 920 Messores
1633 883 1780 918 autem

395 969 416 992 »
452 950 606 1009 Angeli
628 951 772 994 sunt4.
801 968 821 992 »
849 952 934 995 Nos
960 947 1159 992 homines
1189 961 1361 1001 sumus,
1386 944 1542 1004 Angeli
1572 960 1780 990 messores

392 1029 508 1064 sunt.
536 1020 709 1064 Erimus
738 1019 917 1080 quidem
940 1027 983 1063 et
1015 1033 1093 1062 nos
1111 1052 1121 1072 ,
1162 1017 1195 1061 si
1232 1031 1412 1061 cursum
1440 1014 1776 1076 perfecerimus,

393 1090 582 1151 :equales
611 1091 787 1150 Angelis
820 1090 929 1134 Dei:
968 1088 1043 1133 sed
1077 1087 1209 1132 modo
1245 1086 1424 1148 quando
1457 1087 1779 1131 stomachamur

393 1170 543 1206 contra
565 1161 717 1216 malos⁷
739 1160 883 1204 adhuc
896 1160 1093 1204 homines
1115 1174 1279 1203 sumus.
1296 1161 1353 1202 Et
1373 1173 1451 1202 nos
1474 1157 1606 1202 modo
1629 1157 1780 1202 audire

392 1232 603 1276 debemus
625 1252 634 1276 ε
664 1251 684 1274 «
705 1235 980 1291 Quapropter
1002 1230 1079 1290 qui
1101 1245 1145 1273 se
1162 1238 1287 1288 putat
1304 1238 1415 1273 stare
1429 1263 1440 1283 ‚
1466 1237 1617 1273 caveat
1636 1243 1692 1272 ne
1713 1244 1780 1273 ca-

396 1321 416 1344 »
451 1301 526 1346 dat
542 1304 572 1346 ⁵.
597 1320 617 1344 »
643 1303 808 1346 Putatis
826 1301 964 1355 enim,
990 1299 1142 1344 fratres
1161 1300 1269 1354 mei,
1290 1299 1392 1359 quia
1414 1299 1491 1342 ista
1512 1299 1671 1342 zizania
1689 1314 1778 1343 non

394 1372 635 1417 ascendunt
657 1371 824 1431 apsidas
839 1373 855 1412 ?
870 1371 1036 1415 Putatis
1053 1371 1153 1430 quia
1175 1369 1379 1414 deorsum
1401 1377 1519 1424 sunt,
1540 1378 1583 1413 et
1607 1385 1778 1414 sursum

394 1459 484 1488 non
516 1445 649 1487 sunt?
683 1443 857 1487 Utinam
886 1443 969 1486 hoc
996 1457 1087 1486 non
1119 1441 1266 1484 simus.
1297 1459 1316 1482 «
1341 1440 1450 1484 Mihi
1472 1449 1621 1485 autem
1649 1441 1779 1485 mini-

397 1534 417 1557 »
452 1531 574 1559 mum
595 1524 683 1570 est,
720 1524 770 1558 ut
801 1530 825 1558 a
855 1514 980 1558 vobis
996 1511 1213 1572 judicer&
1252 1530 1272 1553 »
1300 1512 1404 1556 Dico
1436 1526 1540 1555 sane
1567 1512 1779 1557 Charitati

394 1589 581 1641 Vestrae,
617 1595 659 1629 et
682 1585 727 1628 in
749 1584 906 1644 apsidis
935 1593 1038 1629 sunt
1065 1582 1286 1626 frumenta
1303 1617 1314 1637 ‚
1335 1591 1436 1626 sunt
1453 1582 1614 1627 zizania
1633 1604 1644 1641 3
1668 1592 1712 1627 et
1733 1584 1778 1628 in

394 1656 566 1717 populis
580 1666 681 1700 sunt
703 1655 938 1710 frumenta,
959 1664 1061 1698 sunt
1082 1654 1381 1698 zizania.Boni
1406 1652 1592 1698 tolerent
1612 1654 1748 1699 malos
1766 1673 1775 1700 ι

393 1726 498 1770 mali
525 1735 776 1780 mutentur,
801 1735 845 1770 et
865 1726 1089 1770 imitentur
1116 1724 1271 1768 bonos.
1302 1725 1486 1779 Omnes,
1511 1725 1546 1768 si
1571 1724 1666 1768 fieri
1693 1740 1778 1784 po-

394 1807 477 1842 test
492 1833 503 1853 ‚
534 1798 589 1842 ad
608 1801 746 1842 Deum
770 1797 1064 1856 pertineamus
1088 1815 1097 1840 2
1119 1811 1269 1840 omnes
1290 1793 1498 1839 malitiam
1522 1795 1668 1839 saeculi
1690 1796 1777 1840 hu—

388 1870 463 1928 jus
480 1869 524 1911 in
541 1867 656 1911 illius
677 1866 969 1911 misericordia
984 1865 1232 1910 evadamus.
1245 1867 1498 1918 Quaeramus
1513 1864 1603 1910 dies
1619 1866 1776 1922 bonos,

394 1939 494 1998 quia
515 1939 562 1982 in
582 1938 735 1982 diebus
752 1937 875 1981 malis
896 1952 1065 1981 sumus:
1081 1935 1158 1980 sed
1175 1935 1220 1979 in
1240 1934 1394 1979 diebus
1411 1935 1534 1979 malis
1555 1951 1645 1980 non
1668 1936 1779 1981 blas-

394 2010 649 2069 phememus
666 2043 677 2063 ‚
702 2017 752 2052 ut
773 2008 829 2052 ad
850 2008 988 2052 bonos
1010 2006 1100 2050 dies
1121 2006 1347 2066 pervenire
1368 2006 1596 2065 possimus.

444 2125 452 2140 ι
473 2117 595 2149 Matth.
614 2128 670 2157 χιι,
689 2119 743 2148 28.
765 2133 807 2139 -
825 2115 936 2149 ²1bid.
961 2116 1014 2148 3οᾸ
1032 2132 1073 2138 -
1095 2113 1209 2148 ³1bid.
1229 2123 1284 2156 29.
1309 2132 1349 2138 -
1368 2113 1383 2139 Δ
1398 2114 1481 2147 mid.
1502 2092 1555 2158 3⁷9.
1575 2132 1617 2138 —
1634 2113 1650 2138 ⁵
1669 2126 1681 2148 1
1701 2118 1775 2149 eor.

396 2184 429 2214 x,
453 2182 503 2205 12.
527 2170 598 2196 -6
623 2172 736 2213 Id.1v‚
757 2172 790 2203 3.
