1898 3178
1880 144 1883 169 l

455 272 539 312 324
886 282 919 310 s.
955 283 1184 311 Aucusnm
1217 285 1395 312 Emscom
1876 175 1882 321 i

450 359 545 394 tum
568 349 717 394 orbem
745 347 971 407 praedicari
1000 347 1129 404 fecit,
1157 358 1200 393 et
1217 349 1360 394 adhuc
1382 349 1586 410 quaedam
1614 349 1743 394 arbor
1764 349 1833 394 in·
1874 379 1878 410 Ι

449 420 672 464 fructuosa
710 419 959 477 permansit.
998 422 1074 464 Est
1115 419 1317 480 quaedam
1357 419 1501 464 adhuc
1535 436 1632 479 pars
1669 421 1834 479 generis
1873 466 1875 479 ¹

449 490 657 545 humani,
682 505 782 550 quae
799 490 943 534 adhuc
965 505 1008 534 se
1035 506 1126 535 non
1146 491 1338 549 corrigit.
1365 491 1601 535 Intercedit
1623 491 1831 548 colonus,
1872 481 1875 492 ’

448 577 527 622 pro
548 561 676 621 plebe
711 570 805 606 orat
827 561 1058 620 Apostolus
1081 581 1089 607 :
1115 581 1134 604 «
1163 562 1312 607 Flecto
1328 597 1338 617 ,
1370 563 1540 623 inquit,
1578 578 1717 622 genua
1740 578 1836 606 mea
1869 563 1873 597 ὅ
1894 605 1895 609 ,

450 651 471 674 »
508 647 586 692 pro
621 632 743 676 vobis
765 632 821 676 ad
844 636 1041 688 Patrem,
1074 643 1124 677 ut
1159 634 1203 676 in
1226 634 1436 678 charitate
1467 632 1645 677 radicati
1667 643 1709 677 et
1730 633 1837 677 fun·
1890 658 1895 681 r

452 722 472 745 υ
509 703 622 757 dati,
648 703 823 747 valeatis
846 705 1172 764 apprehendere
1194 720 1293 748 cum
1329 704 1532 748 omnihus
1555 705 1712 748 sanctis
1737 720 1836 765 quac

450 791 471 815 »
506 775 560 819 sit
581 774 771 819 latitudo
793 784 836 819 et
856 775 1088 835 longitudo
1106 811 1115 829 ,
1140 775 1327 820 altitudo
1346 785 1387 820 et
1405 775 1676 835 profundum
1696 796 1706 832 3
1732 792 1838 835 cog·
1864 795 1866 832 3

449 862 471 887 n
506 861 683 891 noscere
728 846 858 890 etiam
909 846 1302 906 supereminentem
1352 846 1576 891 scientiam
1618 847 1837 891 charitatis

449 935 470 958 »
505 917 686 971 Christi,
713 926 762 961 ut
782 916 1051 976 impleamini
1068 917 1113 960 in
1132 933 1306 960 omnem
1331 917 1648 976 plenitudinem
1668 918 1745 961 Dei
1760 919 1789 961 ¹.
1812 936 1832 959 »

450 987 688 1031 Flectendo
712 1003 852 1046 genua
886 1003 964 1046 pro
988 989 1113 1030 nohis
1147 987 1377 1032 intercedit
1399 987 1516 1047 apud
1541 986 1837 1047 patremfami-

447 1057 541 1113 lias,
566 1073 620 1102 ne
638 1058 920 1101 eradicemur.
943 1060 1060 1116 Ergo
1084 1058 1184 1117 quia
1207 1074 1379 1103 necesse
1401 1068 1530 1102 estut
1551 1059 1710 1113 veniat,
1733 1074 1836 1117 aga·

447 1144 545 1173 mus
562 1138 612 1173 ut
633 1128 879 1173 fructuosos
903 1145 979 1173 nos
998 1129 1204 1173 inveniat.
1226 1129 1535 1174 Circumfossio
1563 1131 1727 1174 arboris
1742 1164 1753 1185 ,
1775 1139 1838 1174 est

447 1200 670 1245 humilitas
693 1201 959 1260 poenitentis.
973 1201 1124 1245 Omnis
1143 1202 1257 1245 enim
1277 1201 1387 1246 fossa
1405 1201 1595 1246 humilis.
1613 1202 1837 1261 Cophinus

453 1272 676 1325 stercoris,
715 1271 860 1315 sordes
887 1272 1172 1330 poenitentise.
1200 1271 1316 1324 Quid
1339 1272 1453 1315 enim
1489 1282 1676 1316 stercore
1697 1271 1837 1315 sordi-

451 1341 578 1386 dius?
600 1352 643 1386 et
660 1352 829 1396 tamen,
854 1341 887 1384 si
915 1342 1024 1384 bene
1050 1342 1204 1395 utaris,
1231 1341 1339 1400 quid
1360 1342 1661 1386 fructuosius?

512 1416 586 1457 IV.
612 1414 673 1458 Sit
701 1429 804 1471 crgo
828 1413 1128 1471 unusquisque
1151 1414 1280 1456 arhor
1312 1413 1422 1457 bona
1444 1432 1452 1457 ε
1476 1429 1564 1456 non
1586 1428 1628 1456 se
1651 1412 1833 1456 arbitre-

452 1493 523 1528 tur
543 1484 705 1527 habere
728 1483 894 1528 fruetus
922 1483 1080 1537 bonos,
1109 1483 1142 1526 si
1172 1492 1320 1526 manet
1342 1483 1471 1527 arbor
1494 1482 1620 1527 mala.
1643 1486 1739 1527 Non
1757 1485 1836 1528 erit
1884 1486 1887 1511 ³

452 1556 620 1600 fructus
644 1555 782 1598 honus
804 1590 814 1609 ,
848 1553 928 1597 nisi
960 1554 1124 1596 arboris
1150 1554 1293 1597 bonae.
1315 1556 1437 1597 Muta
1460 1569 1553 1608 cor,
1578 1563 1621 1597 et
1643 1554 1835 1598 mutabi-

452 1635 524 1671 tur
544 1641 666 1685 opus.
694 1626 870 1683 Extirpa
888 1624 1197 1683 cupiditatem,
1223 1622 1371 1683 planta
1401 1624 1653 1668 charitatem
1683 1643 1692 1669 :
1722 1643 1741 1666 «
1769 1626 1836 1669 Si-

453 1716 473 1740 »
510 1707 586 1742 cut
608 1697 723 1740 enim
749 1695 865 1739 radix
888 1703 950 1738 est
973 1694 1167 1737 omnium
1192 1693 1407 1738 malorum
1428 1695 1668 1754 cupiditas2
1691 1714 1700 1739 ε
1734 1714 1753 1735 n
1780 1697 1834 1740 sic
1881 1711 1884 1725 ¹

452 1778 495 1812 et
518 1768 637 1811 radix
661 1768 856 1810 omnium
887 1766 1102 1809 bonorum
1133 1765 1332 1809 charitas.
1355 1765 1470 1818 Quid
1491 1780 1592 1823 ergo
1610 1766 1852 1810 mussitant:

451 1840 650 1885 homines
672 1839 784 1881 inter
808 1853 866 1892 se,
885 1837 950 1881 vel
976 1835 1265 1890 contendunt,
1287 1836 1479 1880 dicentes
1502 1856 1510 1880 ε
1534 1837 1647 1890 Quid
1669 1847 1731 1881 est
1753 1838 1832 1881 bo-

451 1927 558 1956 num
573 1914 590 1952 ·?
612 1912 648 1953 O
666 1910 699 1953 si
722 1910 864 1963 scires,
891 1908 998 1968 quid
1021 1917 1082 1951 est
1106 1907 1270 1951 bonum
1290 1908 1297 1950 1
1319 1907 1446 1960 Quod
1468 1908 1629 1952 habere
1652 1909 1728 1963 vis,
1747 1924 1830 1953 non

451 1992 515 2027 est
537 1981 662 2026 valde
687 1981 851 2024 bonum
875 1998 883 2023 z
910 1978 1028 2039 quod
1052 1994 1139 2021 esse
1162 1994 1249 2021 non
1263 1978 1340 2032 vis,
1366 1979 1449 2022 hoc
1471 1987 1534 2021 est
1555 1979 1736 2023 bonum.
1765 1980 1835 2040 Vis·

454 2054 567 2097 enim
591 2051 749 2095 habere
769 2050 993 2094 sanitatem
1018 2048 1236 2107 corpori53
1262 2049 1345 2092 hoc
1375 2058 1436 2092 est
1455 2049 1621 2092 bonum
1643 2069 1651 2094 :
1678 2065 1758 2094 nec
1776 2044 1834 2093 tal
1866 2092 1868 2095 ,

453 2139 554 2168 men
579 2131 702 2182 putes
737 2135 942 2178 magnum
974 2120 1140 2163 bonum
1163 2134 1251 2162 esse
1268 2154 1278 2173 ,
1306 2118 1425 2178 quod
1449 2120 1582 2163 habet
1612 2129 1655 2164 et
1677 2119 1824 2164 malus,

453 2198 621 2240 Aurum
645 2202 687 2236 et
709 2199 938 2250 argentum
954 2190 1115 2234 habere
1137 2190 1198 2233 vis
1217 2210 1228 2247 3
1249 2205 1348 2233 ecce
1369 2199 1412 2233 et
1434 2190 1517 2234 hoc
1538 2189 1652 2245 dico,
1668 2190 1836 2249 bonurrr
1865 2232 1867 2238 ,

454 2275 547 2324 est,
569 2264 644 2309 sed
672 2264 706 2308 si
728 2263 839 2306 bene
868 2276 968 2306 usus
992 2260 1123 2304 fueris
1147 2280 1155 2304 ε
1181 2261 1292 2304 bene
1326 2269 1471 2304 autem
1502 2276 1591 2304 non
1613 2261 1767 2315 uteris,
1799 2276 1829 2361 si
1861 2269 1864 2274 “

453 2337 591 2381 malus
613 2334 758 2379 fueris.
779 2336 840 2377 Ac
852 2348 928 2392 per
948 2332 1032 2376 hoc
1048 2346 1200 2375 aurum
1221 2340 1262 2374 et
1280 2340 1506 2388 argentum
1531 2330 1651 2374 malis
1668 2330 1826 2393 malurr¹

453 2418 541 2462 est,
571 2406 695 2450 bonis
720 2405 885 2449 bonum
907 2412 969 2447 est
996 2422 1004 2446 :
1036 2418 1124 2446 non
1150 2402 1252 2461 quia
1271 2417 1342 2446 eos
1366 2402 1504 2445 bonos
1527 2417 1680 2445 aurum
1701 2411 1744 2445 et
1765 2398 1825 2476 ab}
1858 2425 1859 2432 κ

453 2486 630 2536 gentum
664 2475 793 2531 facit,
823 2475 896 2518 sed
929 2473 1029 2533 quia
1065 2472 1201 2516 bonos
1222 2472 1409 2526 invenit,
1441 2472 1486 2514 in
1507 2487 1633 2516 usum
1665 2472 1842 2524 bonum
1892 2474 1898 2494 ³

449 2549 731 2594 convertitur.
752 2549 973 2591 Honorem
996 2545 1157 2588 habere
1174 2545 1237 2589 vis
1253 2580 1263 2600 ,
1288 2544 1454 2589 bonum
1473 2553 1537 2589 est
1564 2562 1574 2589 2
1597 2543 1673 2588 sed
1689 2552 1732 2588 et
1748 2544 1820 2588 hor
1835 2525 1895 2639 iffi?

1814 2608 1819 2680 ἐ
1842 2608 1898 2640 llll(

1886 904 1889 935 „*„
1885 860 1891 896 .-..
1884 812 1892 842 μ.
1888 796 1891 803 ⁴
1888 741 1892 749 .

1869 1967 1898 1996 [10ss

499 2640 507 2657 ¹
531 2633 645 2674 Ephes.
669 2643 717 2674 111,
737 2630 852 2674 14-17.
870 2648 910 2654 —
931 2637 944 2654 ²
970 2641 980 2663 1
1002 2630 1081 2662 Tim.
1108 2640 1150 2670 vi,
1175 2639 1223 2662 10.
