1898 3178
375 194 458 234 350
803 206 837 235 s.
873 205 1109 236 AUGUSTml
1142 208 1321 235 Erlscom

373 393 696 410 mmm
1614 392 1754 408 mm

803 535 1034 582 SERMO
1071 534 1334 582 LXXV111.

372 723 433 764 De
455 720 597 764 verbis
619 720 843 779 Evangelii
864 721 1020 766 Matth.
1041 739 1097 765 xv
1120 739 1129 765 :
1153 719 1395 782 Egressus
1412 717 1554 763 Jesas
1576 716 1636 762 de
1660 717 1753 763 Ge-

429 789 658 835 nes-,areth
673 826 683 842 ‚
718 791 910 835 secessit
944 792 993 835 ιή
1024 799 1192 850 partes
1221 789 1270 834 T
1253 789 1342 849 yrc'
1371 798 1417 834 et
1455 787 1671 845 Sidonis,
1706 798 1754 833 et

429 876 538 906 ecce
558 860 730 906 mulier
750 859 1055 917 Chananoea,
1076 870 1164 905 etc.

430 1033 464 1074 Ι.
496 1033 747 1076 CHANANAEA
779 1031 859 1075 ista
894 1029 1078 1084 mulier,
1119 1045 1218 1090 quae
1240 1028 1372 1074 modo
1411 1029 1537 1074 nobis
1565 1029 1753 1075 lectione

368 1100 615 1159 evangelica
662 1101 966 1146 commendata
1006 1109 1096 1154 est,
1131 1100 1298 1159 praebet
1336 1100 1461 1144 nobis
1497 1099 1753 1144 humilitatis

367 1170 612 1230 exemplum
628 1205 638 1225 ‚
656 1180 699 1215 et
718 1170 886 1230 pietatis
903 1170 1016 1213 viam
1038 1189 1047 1213 :
1075 1170 1129 1214 ab
1147 1169 1393 1214 humilitate
1406 1170 1452 1213 in
1472 1169 1557 1214 alta
1579 1184 1753 1229 surgere

370 1240 573 1285 ostendit.
610 1244 716 1285 Erat
752 1249 895 1285 autem
910 1275 920 1293 ‚
958 1240 1084 1284 sicuti
1126 1249 1330 1299 apparet,
1376 1255 1464 1284 non
1497 1239 1551 1283 de
1589 1238 1753 1300 populo

367 1311 496 1355 Israel
510 1346 520 1365 ‚
544 1310 663 1354 unde
685 1311 968 1365 Patriarchae‚
989 1309 1107 1353 unde
1131 1311 1362 1370 Prophetae
1379 1345 1389 1365 ‚
1411 1309 1528 1353 unde
1553 1318 1753 1369 parentes

368 1381 541 1426 Domini
562 1380 698 1424 nostri
720 1383 823 1424 Jesu
843 1379 1003 1425 Christi
1035 1378 1275 1423 secundum
1299 1394 1499 1436 carnem3
1523 1380 1642 1423 unde
1663 1379 1754 1438 ipsa

368 1451 490 1510 virgo
505 1451 639 1495 Maria
656 1485 667 1506 ‚
688 1466 786 1510 quae
803 1449 971 1510 peperit
992 1450 1230 1494 Christum.
1257 1452 1355 1495 Non
1380 1465 1482 1508 ergo
1505 1464 1555 1493 ex
1574 1450 1655 1494 isto
1673 1465 1754 1509 po-

369 1521 474 1581 pulo
496 1530 587 1565 erat
607 1521 702 1565 haec
723 1519 879 1564 mulier
905 1539 913 1563 :
933 1519 1008 1564 sed
1030 1529 1120 1564 erat
1145 1535 1196 1563 ex
1218 1520 1447 1564 Gentibus.
1475 1522 1583 1565 Nam
1600 1555 1610 1575 ,
1641 1520 1753 1566 sicut

369 1592 640 1645 audivimus,
671 1590 839 1634 secessit
870 1589 1079 1633 Dominus
1109 1590 1153 1632 in
1179 1598 1320 1648 partes
1352 1590 1453 1647 Tyri
1488 1599 1530 1634 et
1554 1589 1749 1643 Sidonis,

368 1672 411 1707 et
433 1661 534 1705 inde
551 1661 707 1705 mulier
728 1661 975 1706 Chananaea
997 1659 1051 1703 de
1073 1660 1233 1704 finibus
1255 1659 1338 1704 illis
1355 1676 1521 1720 egressa
1537 1695 1548 1716 ‚
1574 1661 1751 1720 petebat

369 1732 631 1776 beneficium
661 1731 966 1775 instantissime
983 1731 1188 1775 curandae
1209 1730 1309 1774 fih'ae
1331 1747 1420 1775 suae
1437 1766 1447 1786 ,
1468 1747 1567 1791 quae
1594 1731 1706 1776 male
1725 1749 1750 1777 a

364 1802 581 1847 daemonio
598 1802 881 1845 vexabatur2.
904 1803 1044 1858 Tyrus
1067 1810 1111 1844 et
1135 1800 1270 1845 Sidon
1291 1816 1381 1844 non
1403 1810 1526 1845 erant
1557 1801 1751 1846 civitates

367 1872 518 1932 populi
535 1871 690 1925 Israel,
715 1871 791 1914 sed
821 1871 1026 1914 Gentium
1055 1889 1063 1914 ι
1090 1870 1285 1929 quamvis
1307 1871 1460 1914 vicinae
1482 1870 1544 1914 illi
1566 1871 1746 1931 populo.

368 1942 595 1988 Clamabat
611 1957 714 2000 ergo
732 1941 856 1984 avida
869 1939 1128 1999 impetrandi
1146 1940 1360 1996 beneficii,
1374 1940 1631 2001 fortiterque
1647 1941 1752 2001 pul-

368 2013 489 2057 sabat
513 2032 521 2058 :
543 2022 587 2057 et
611 2010 963 2056 dissimulabatur
995 2011 1050 2054 ab
1073 2025 1144 2065 ea,
1168 2026 1259 2055 non
1279 2020 1329 2054 ut
1362 2011 1651 2056 misericordia
1672 2028 1750 2056 ne·
1819 2033 1832 2044 ·

369 2092 564 2141 garetur,
590 2081 665 2127 sed
694 2091 743 2125 ut
760 2079 1023 2125 desiderium
1061 2079 1392 2139 accenderetur3
1416 2097 1496 2126 nec
1512 2086 1515 2087 ⁷
1533 2081 1673 2127 solum
1700 2091 1750 2126 ut

369 2153 632 2197 desiderium
654 2150 985 2205 accenderetur,
1011 2149 1108 2205 sed,
1127 2150 1240 2194 sicut
1268 2161 1368 2196 ante
1391 2151 1505 2207 dixi,
1525 2162 1575 2197 ut
1603 2152 1751 2196 humi-

368 2223 464 2267 litas
496 2223 889 2269 commendaretur.
927 2221 1155 2266 Clamabat
1189 2237 1291 2281 ergo
1319 2231 1529 2282 tanquam
1564 2223 1750 2269 Domino

370 2309 458 2337 non
489 2294 715 2346 audiente,
755 2291 830 2337 sed
851 2290 971 2351 quod
993 2289 1186 2334 facturus
1208 2301 1300 2336 erat
1333 2292 1379 2335 in
1401 2291 1570 2337 silentio
1601 2291 1750 2353 dispo-

370 2374 514 2408 nente.
542 2363 747 2423 Discipuli
769 2371 1031 2422 rogaverunt
1067 2377 1145 2420 pro
1177 2361 1250 2406 illa
1272 2363 1530 2418 Dominum,
1555 2372 1598 2407 et
1626 2364 1747 2408 dixe-

370 2444 471 2478 runt
497 2454 505 2479 ;
535 2454 556 2477 «
579 2435 756 2479 Dimitte
782 2434 924 2488 illam,
949 2432 1050 2493 quia
1079 2431 1238 2477 clamat
1259 2442 1357 2493 post
1386 2449 1480 2479 nos.
1515 2452 1536 2475 »
1568 2437 1624 2479 Et
1648 2433 1741 2491 ille,

417 2547 426 2563 ¹
446 2540 530 2572 Alias
549 2540 590 2572 de
603 2542 758 2583 Tempore
777 2538 829 2582 74.
851 2556 892 2564 —-
912 2545 924 2562 ²
939 2538 1053 2572 matth.
1070 2549 1125 2580 xv,
1145 2546 1200 2581 22,
1216 2543 1281 2571 etc,
