1898 3178
401 239 483 278 508
833 250 865 277 S·
902 247 1131 277 AUGUSTINI
1164 249 1344 277 EPISCOPI

400 316 585 376 reprobo
602 331 691 361 vos.
720 318 769 359 In
792 324 882 359 arte
906 330 1000 359 mea
1017 330 1106 360 non
1123 330 1197 360 vos
1215 329 1400 374 agnosco
1412 349 1422 369 ‚
1449 329 1514 358 ars
1530 328 1622 358 mea
1642 315 1777 359 nescit

399 388 502 432 vitia
534 387 642 432 :hoc
667 394 729 429 est
752 394 897 429 autem
914 400 1122 444 magnum
1141 421 1152 441 ‚
1173 395 1215 430 et
1236 385 1371 430 nescit
1388 385 1487 429 vitia
1505 419 1516 440 ,
1556 394 1598 429 et
1611 384 1779 445 judicat

399 458 518 502 vitia.
551 457 695 502 Nescit
716 455 942 513 faciendo,
962 457 1129 517 judicat
1159 456 1401 516 arguendo.
1426 458 1493 503 Sic
1514 472 1617 516 ergo
1647 459 1779 502 «Non

402 547 422 570 >›
458 528 559 572 novi
579 543 670 574 vos,
696 545 715 568 »

457 600 600 642 XVII.
628 601 804 653 lerunt,
840 598 1112 644 intraverunt
1134 599 1328 659 quinque
1356 599 1608 657 prudentes.
1636 600 1778 651 Quam

401 668 528 713 multi
549 670 646 714 estis
664 705 674 725 ,
695 669 847 714 fratres
869 670 980 725 mei,
1007 671 1052 714 in
1074 670 1250 714 nomine
1267 669 1427 714 Christi
1447 688 1455 714 :
1475 669 1561 713 sint
1580 669 1626 712 in
1658 669 1781 713 vobis

401 739 597 799 quinque
629 740 891 799 prudentes,
915 739 991 784 sed
1012 739 1146 784 nolite
1174 739 1371 800 quinque
1390 740 1600 783 homines.
1626 739 1720 784 Sint
1736 739 1783 782 in

400 809 522 855 vobis
554 811 749 872 quinque
770 812 1006 870 prudentes
1021 846 1031 866 ‚
1070 810 1124 854 ad
1151 811 1276 855 istam
1299 809 1576 870 prudentiam
1598 808 1783 870 quinarii

401 882 571 925 numeri
596 882 874 941 pertinentes.
900 882 1057 926 Veniet
1078 881 1193 925 enim
1213 882 1346 937 hora,
1367 890 1410 925 et
1437 879 1615 941 quando
1641 880 1784 924 nesci-

400 967 497 997 mus
513 988 524 1008 ,
557 953 716 997 veniet.
758 953 901 998 Media
938 961 1064 996 nocte
1094 952 1264 1008 veniet,
1302 952 1490 1010 vigilate.
1524 951 1592 996 Sic
1629 950 1784 996 clausit

401 1022 714 1081 Evangelium:
737 1023 973 1082 «Vigilate,
992 1023 1092 1082 quia
1110 1023 1280 1067 nescitis
1294 1022 1409 1066 diem
1420 1037 1563 1082 neque
1575 1023 1781 1066 horam.»

403 1094 446 1136 Si
459 1108 562 1151 ergo
576 1092 806 1136 dormituri
821 1107 983 1147 sumUS,
995 1093 1218 1152 quomodo
1229 1092 1475 1151 vigilamus:
1489 1091 1783 1150 Cordevigila‚

402 1162 487 1206 fide
500 1162 630 1222 vigila
645 1198 655 1218 ‚
682 1178 756 1222 spe
774 1162 901 1220 vigila
915 1197 925 1217 ,
946 1163 1154 1207 charitate
1167 1162 1315 1222 vigila,
1332 1162 1536 1222 operibus
1564 1162 1690 1220 vigila
1718 1181 1726 1206 :
1745 1170 1788 1205 et

401 1234 578 1294 quando
596 1249 775 1294 corpore
790 1233 1060 1290 dormiveris,
1078 1235 1223 1279 veniet
1238 1243 1410 1294 tempus
1433 1243 1483 1278 ut
1498 1248 1657 1292 surgas.
1676 1235 1787 1278 Cum

402 1314 547 1350 autem
581 1306 810 1350 surrexeris
829 1340 839 1359 ‚
872 1320 1069 1363 praepara
1101 1304 1337 1363 lampades.
1365 1306 1487 1347 Tunc
1523 1319 1612 1347 non
1646 1303 1789 1347 extin-

403 1384 590 1432 guantur
605 1409 615 1429 ‚
653 1384 758 1418 tunc
795 1375 998 1417 interiore
1044 1374 1318 1418 conscientiae
1354 1372 1450 1417 oleo
1490 1381 1746 1431 vegetentur
1774 1391 1783 1417 :

404 1455 507 1489 tunc
525 1459 704 1504 sponsus
719 1443 791 1488 ille
814 1444 1075 1503 incorporeis
1099 1443 1278 1488 nexibus
1301 1443 1606 1503 amplectatur,
1620 1451 1726 1487 tunc
1745 1451 1787 1487 te

404 1515 654 1560 introducat
676 1516 720 1559 in
742 1515 922 1560 domum
938 1551 953 1571 ,
978 1515 1056 1559 ubi
1083 1530 1309 1575 nunquam
1341 1514 1552 1569 dormias,
1573 1514 1651 1558 ubi
1674 1529 1789 1558 nun-

403 1601 534 1645 quam
553 1595 626 1630 tua
649 1585 813 1644 lampas
844 1587 978 1644 possit
997 1586 1203 1644 extingui.
1230 1585 1371 1629 Hodie
1389 1600 1490 1629 vero
1506 1585 1753 1629 laboramus
1774 1620 1785 1640 ‚

404 1665 446 1700 et
470 1656 689 1715 lampades
712 1664 871 1700 nostrae
893 1656 1007 1700 inter
1021 1666 1172 1701 ventos
1198 1655 1344 1700 saeculi
1360 1657 1488 1716 hujus
1506 1656 1786 1700 tentationes-

403 1742 488 1786 que
516 1727 732 1771 fluctuant
757 1745 765 1770 :
791 1726 867 1770 sed
889 1725 1038 1771 ardeat
1059 1727 1105 1770 in
1141 1727 1298 1772 robore
1334 1727 1508 1771 flamma
1536 1735 1679 1772 nostra
1701 1761 1712 1781 ‚
1736 1735 1786 1770 ut

403 1806 557 1840 ventus
587 1797 836 1842 tentationis
858 1806 1010 1854 augeat
1027 1797 1171 1856 ignem
1197 1798 1340 1856 potius
1356 1832 1367 1853 ‚
1385 1812 1516 1858 quam
1539 1797 1779 1855 extinguat.
