1898 3178
440 182 491 220 84
863 188 897 218 s.
934 188 1164 217 mausum
1199 187 1377 217 EPlscol'l

433 257 572 316 prima
592 256 699 299 hora
719 269 763 299 se
783 253 994 298 adductos
1011 261 1188 312 putent,
1208 253 1285 313 qui
1297 252 1612 298 adolescentuli
1624 288 1634 307 ‚
1661 254 1788 297 tertia
1805 274 1818 311 3
1874 245 1876 287 ἷ

432 326 509 386 qui
524 327 727 386 juvenes,
757 332 895 381 sexta3
917 323 995 384 qui
1017 323 1260 383 graviores,
1292 338 1435 380 nona,
1466 323 1543 383 qui
1576 321 1816 382 decrepiti,

433 396 679 442 undecima.
704 397 766 438 De
786 403 982 454 tempore
1002 394 1138 439 nolite
1159 395 1340 439 causari.
1366 395 1489 453 Opus
1511 392 1632 454 quod
1654 393 1822 438 faciatis

432 465 578 511 audite
596 499 607 520 ‚
639 463 882 509 mercedem
900 464 1040 509 securi
1061 473 1301 524 expectate.
1328 466 1385 508 Et
1414 464 1449 507 si
1471 463 1694 508 attenditis
1727 466 1817 507 Do-
1871 458 1874 465 ’

425 536 568 580 miuus
589 543 728 578 vester
748 532 960 593 qualisest
986 568 997 590 ,
1022 533 1159 578 nolite
1181 533 1380 578 invidere
1395 567 1407 587 ,
1425 533 1460 576 si
1481 548 1646 577 merces
1666 548 1819 592 aequa-
1870 541 1871 578 i

430 605 481 649 lis
503 613 581 648 est.
608 601 740 656 Quod
760 612 825 647 est
846 618 972 663 opus,
994 604 1129 647 nostis
1148 622 1158 649 ς
1183 601 1257 648 sed
1276 611 1423 646 tamen
1445 602 1816 647 commemorabo.
1868 660 1870 667 k

431 673 591 718 Audite
611 673 733 733 quod
751 674 906 727 nostis,
936 682 979 717 et
1000 672 1129 718 facite
1149 673 1272 734 quod
1293 672 1487 716 audistis.
1508 673 1701 716 Diximus
1713 687 1821 732 opus

432 744 510 787 Dei
527 759 617 788 esse
625 743 854 802 justitiam.
869 746 1165 803 Interrogatus
1181 752 1327 786 autem
1343 744 1550 787 Dominus
1563 745 1588 787 J
1591 758 1686 787 esus
1698 743 1821 803 quod
1882 783 1883 788 ,

432 822 542 857 esset
563 827 672 872 opus
701 813 804 868 Dei,
829 813 1054 872 respondit
1082 832 1092 857 2
1125 832 1146 854 «
1172 815 1266 856 Hoc
1289 821 1353 856 est
1386 827 1496 871 opus
1520 812 1622 867 Dei,
1647 821 1700 856 ut
1727 826 1822 855 cre-

433 900 455 924 »
489 881 601 926 datis
622 883 668 925 in
689 897 788 925 eum
807 897 939 942 quem
962 882 1035 926 ille
1054 882 1170 926 misit
1185 884 1216 925 ¹.
1242 899 1262 923 »
1289 885 1467 926 Poterat
1492 881 1636 925 dicere
1662 901 1671 926 2
1694 884 1716 926 J
1723 882 1824 926 usti·
1866 883 1868 887 ’

431 951 487 995 tia
521 960 584 995 est
616 967 724 1011 opus
748 952 842 995 Dei.
869 950 1092 1012 Numquid
1125 966 1226 1009 ergo
1258 967 1336 996 nos
1368 966 1630 1011 praesumere
1654 951 1821 1011 aliquid
1864 954 1866 995 ἑ

431 1023 639 1067 conducti
675 1032 826 1067 contra
868 1021 1225 1082 patremfamilias
1260 1023 1350 1066 ausi
1379 1024 1557 1066 sumus?
1581 1023 1621 1067 Si
1652 1022 1822 1082 justitia
1865 1014 1867 1034 ⁷
1893 1060 1898 1069 .

428 1101 492 1135 est
514 1107 622 1149 opus
645 1093 744 1145 Dei,
769 1093 880 1135 sicut
897 1107 977 1149 ego
1000 1091 1109 1146 dixi,
1129 1094 1352 1151 quomodo
1371 1092 1451 1135 erit
1473 1107 1582 1150 opus
1603 1093 1677 1134 Dei
1698 1090 1821 1151 quod

429 1161 639 1205 Dominus
667 1160 800 1215 dixit,
826 1169 876 1204 ut
896 1161 1099 1204 credatur
1117 1162 1162 1205 in
1190 1176 1316 1216 eum,
1343 1162 1425 1205 nisi
1452 1162 1543 1220 ipsa
1574 1162 1628 1205 sit
1651 1161 1823 1220 justitia

428 1230 605 1275 credere
628 1232 673 1274 in
695 1233 829 1274 eum?
853 1233 938 1276 Sed
959 1247 1075 1285 ecce,
1101 1232 1262 1291 inquis,
1284 1247 1307 1275 a
1325 1231 1510 1275 Domino
1533 1231 1781 1275 audivimus
1810 1250 1820 1277 :

428 1305 522 1347 Hoc
542 1310 606 1345 est
634 1317 742 1360 opus
769 1302 871 1356 Dei,
893 1311 942 1346 ut
964 1303 1196 1346 credamus
1218 1303 1264 1345 in
1283 1317 1382 1346 eum
1403 1322 1415 1359 3
1436 1319 1458 1346 a
1482 1311 1523 1346 te
1546 1301 1822 1358 audivimus,
1862 1316 1863 1333 ³

428 1372 551 1433 quod
570 1387 679 1430 opus
703 1372 779 1415 Dei
800 1372 855 1415 sit
868 1373 1038 1431 justitia
1063 1391 1073 1417 2
1095 1373 1231 1431 proba
1260 1372 1383 1417 nobis
1404 1373 1582 1416 credere
1601 1373 1648 1416 in
1672 1373 1824 1417 Chris-

430 1452 549 1497 tum,
570 1442 683 1485 hanc
699 1456 789 1485 esse
804 1442 1032 1501 justitiam.
1056 1441 1244 1486 Videtur
1262 1442 1384 1497 mihi,
1400 1443 1608 1503 quoniam
1627 1444 1717 1503 jam
1740 1457 1825 1487 res·
1859 1462 1861 1466 ¹
1896 1435 1898 1439 ¹

431 1511 608 1573 pondeo
628 1512 867 1571 quaerenti,
888 1521 933 1556 et
946 1513 1063 1571 justa
1086 1513 1329 1571 flagitanti,
1355 1513 1530 1557 videtur
1547 1513 1627 1558 tibi
1648 1513 1825 1558 credere

433 1653 536 1697 huic
558 1652 678 1712 operi
697 1666 873 1695 nomen.
900 1652 1057 1695 Procul
1083 1652 1220 1697 dubio
1243 1653 1277 1696 si
1301 1654 1413 1697 bene
1435 1653 1681 1698 consideras
1703 1653 1825 1715 quod
1884 1632 1898 1714 ἓ

436 1722 594 1768 audisti
616 1736 899 1782 responsurus
920 1737 964 1766 es
981 1722 1088 1766 mihi
1116 1741 1124 1767 ε
1150 1725 1235 1767 Ista
1257 1722 1364 1767 fides
1402 1734 1613 1783 vocatur,
1648 1724 1825 1770 credere
1854 1720 1857 1734 ’

434 1795 481 1838 in
497 1793 718 1839 Christum
735 1827 747 1848 ,
771 1793 877 1837 fides
902 1802 1096 1837 vocatur.
1123 1793 1299 1853 Accipio
1322 1793 1442 1853 quod
1471 1793 1579 1839 dicis
1598 1830 1609 1849 ,
1645 1797 1824 1840 credere

435 1865 481 1908 in
500 1864 743 1918 Christum,
770 1863 876 1906 fides
896 1871 1091 1907 vocatur.
1117 1863 1234 1906 Audi
1264 1871 1308 1906 et
1338 1873 1388 1906 tu
1419 1863 1553 1907 alium
1589 1865 1824 1925 Scripturae
1852 1871 1854 1900 ἱ

434 1934 582 1979 locum
604 1954 614 1979 ς
643 1952 664 1976 «
688 1936 836 1978 Justus
869 1948 922 1976 ex
949 1932 1035 1976 fide
1056 1932 1211 1976 vivit2.
1241 1951 1260 1973 »
1299 1934 1447 1976 Facite
1468 1934 1703 1993 justitiam,
1727 1950 1823 1980 cre-
1850 1936 1854 1998 J
1896 1928 1898 1935 ¹

435 2004 527 2049 dite
549 2020 561 2048 :
590 2023 611 2046 «
628 2006 652 2048 J
657 2013 777 2048 ustus
804 2017 855 2046 ex
886 2002 973 2046 fide
987 2001 1110 2046 vivit.
1134 2019 1155 2043 »
1181 2001 1363 2046 Difficile
1384 2012 1448 2048 est
1471 2013 1521 2048 ut
1543 2005 1656 2050 male
1677 2006 1817 2064 vivat,
1846 2052 1848 2059 ,

434 2075 512 2135 qui
533 2075 645 2119 bene
665 2073 817 2118 credit.
843 2071 1018 2118 Credite
1033 2087 1087 2117 ex
1103 2081 1196 2117 toto
1217 2072 1368 2128 corde,
1393 2073 1556 2119 credite
1577 2090 1667 2120 non
1687 2075 1813 2121 clau-

437 2146 647 2200 dicantes,
666 2160 756 2189 non
778 2144 1046 2198 haesitanteS‚
1073 2159 1163 2188 non
1185 2153 1336 2189 contra
1359 2145 1496 2204 ipsam
1514 2145 1645 2191 fidem
1663 2148 1822 2194 huma·
1847 2146 1853 2182 ³⁶

439 2216 504 2259 nis
534 2214 850 2275 suspicionibus
881 2223 1249 2272 argumentantes.
1276 2213 1403 2259 Fides
1438 2216 1654 2275 appellata
1681 2227 1745 2262 est
1765 2219 1840 2263 ab1

439 2300 491 2330 eo
513 2288 614 2346 quia
636 2287 685 2330 fit
706 2287 825 2345 quod
847 2283 1019 2329 dicitur.
1047 2288 1153 2328 Duae
1177 2285 1356 2341 syllabae
1378 2296 1533 2330 sonant
1550 2322 1561 2342 ,
1585 2304 1686 2332 cum
1713 2289 1839 2334 dici--

441 2365 511 2398 tur
527 2356 633 2400 fides
655 2375 663 2401 :
688 2356 823 2414 prima
840 2353 1005 2411 syllaba
1028 2362 1092 2398 est
1115 2371 1138 2398 a
1160 2354 1297 2409 lacto,
1326 2356 1516 2400 secunda
1538 2372 1562 2400 a
1583 2358 1715 2403 dicto.
1742 2362 1817 2404 In·
1869 2379 1872 2385 ·

492 2510 604 2542 ¹J0au,
625 2520 672 2549 vx,
691 2518 744 2550 99.
759 2525 799 2532 “m
825 2515 836 2533 ²
858 2508 976 2541 Hubac.
993 2518 1027 2541 ιι.
1051 2507 1082 2547 4,
1104 2511 1136 2540 et
1154 2511 1243 2542 Rom.
1271 2520 1294 2548 l,
1320 2509 1368 2542 18.
