1898 3178
375 216 454 252 100
807 218 840 248 s.
877 219 1108 247 AUGUSTffll
1141 220 1318 247 Emscom

371 309 390 331 «
426 288 581 332 Adhuc
601 302 738 330 unum
760 284 982 329 modicum
1005 294 1094 341 est,
1119 294 1163 329 et
1179 300 1260 344 ego
1277 283 1564 329 commovebo
1587 282 1750 327 coelum

365 377 383 400 »
420 368 463 402 et
486 367 659 411 terram,
676 364 719 399 et
742 370 858 399 mare
876 364 919 399 et
936 354 1116 410 aridam,
1138 364 1181 399 et
1198 353 1385 399 movebo
1404 368 1552 397 omnes
1576 362 1745 411 gentes,

366 446 386 469 »
422 437 466 472 et
489 427 634 472 veniet
651 424 928 469 Desideratus
949 426 1115 470 cunctis
1139 425 1355 484 gentibus.
1386 443 1404 464 n
1432 426 1493 467 De
1517 423 1749 467 novissimo

357 498 474 542 enim
498 496 667 541 Domini
683 529 694 549 ‚
719 493 765 539 id
786 503 877 548 est,
904 495 1097 540 secundo
1121 495 1314 540 adventu
1333 529 1343 548 ‚
1369 509 1458 553 quo
1488 494 1532 536 in
1557 492 1751 536 claritate

358 579 567 614 venturus
585 603 595 622 ‚
624 566 670 610 id
692 575 756 611 est
771 601 782 621 ‚
814 582 961 611 versus
983 567 1064 610 iste
1087 565 1281 626 prolatus
1312 572 1373 608 est
1393 599 1403 615 ‚
1438 579 1539 608 cum
1565 563 1623 606 ait
1645 565 1752 607 Pro-

357 641 510 699 pheta3
531 641 625 682 «Et
646 637 792 682 veniet
814 638 1092 682 Desideratus
1109 636 1276 682 cunctis
1300 634 1517 693 gentibus.
1535 652 1554 674 n
1568 633 1754 686 Quando

360 710 477 754 enim
499 709 643 768 primo
660 709 706 751 in
729 723 859 751 carne
883 707 1056 752 mortali
1078 723 1155 766 per
1175 708 1357 751 Mariam
1383 705 1593 762 virginem
1611 704 1751 759 venit,

360 779 560 825 nondum
582 777 912 823 desiderabatur
939 794 962 822 a
987 777 1155 821 cunctis
1180 776 1408 835 gentibus3
1433 775 1536 835 quia
1558 774 1754 818 nondum

365 849 657 895 crediderant.
670 849 956 892 Disseminato
973 857 1116 891 autem
1136 846 1374 905 Evangelio
1392 861 1468 905 per
1490 859 1640 889 omnes
1656 859 1757 901 gen.

360 931 423 966 tes
440 957 450 977 ‚
487 921 534 964 in
555 921 757 966 omnibus
779 919 980 978 gentibus
999 917 1260 961 desiderium
1284 918 1374 976 ejus
1397 915 1663 959 accenditur.
1678 918 1758 958 Per

375 1008 523 1037 omnes
541 992 656 1036 enim
679 1001 826 1049 gentes
850 1001 892 1034 et
914 1000 1015 1033 sunt
1032 1025 1042 1041 ,
1066 999 1109 1032 et
1126 997 1254 1032 erunt
1276 987 1400 1032 electi
1423 989 1515 1047 ejus
1531 1022 1541 1041 ‚
1568 986 1643 1046 qui
1666 994 1759 1030 toto

368 1061 499 1107 corde
528 1062 574 1104 in
603 1061 799 1105 oratione
823 1059 998 1103 dicant:
1032 1078 1050 1099 «
1077 1057 1292 1102 Adveniat
1320 1072 1500 1116 regnum
1532 1066 1657 1100 tuum
1674 1057 1704 1098 ¹.
1733 1073 1753 1096 »

365 1131 451 1178 Sed
468 1132 636 1190 primus
651 1130 862 1174 adventus
880 1127 1217 1172 misericordiam
1236 1126 1557 1186 praeseminavit
1568 1124 1755 1185 judicio:

366 1203 411 1246 in
434 1216 522 1261 quo
541 1200 708 1260 judicio
737 1198 918 1243 secundi
944 1198 1172 1242 adventus·
1190 1198 1360 1241 claritas
1387 1196 1608 1240 eminebit.
1637 1197 1760 1240 Prius

365 1286 467 1330 ergo
490 1272 724 1330 oportebat
754 1270 919 1313 moveri
942 1267 1104 1312 coelum
1126 1302 1137 1321 ‚
1167 1282 1267 1311 cum
1297 1281 1397 1310 eum
1432 1265 1625 1325 Angelus
1652 1282 1761 1311 con-

367 1351 560 1401 cepturae
579 1340 749 1398 Virgini
768 1338 1000 1390 nuntiavit,
1016 1352 1115 1380 cum
1135 1339 1283 1395 Magos
1301 1335 1356 1380 ad
1373 1351 1473 1379 eum
1489 1335 1761 1380 adorandum

371 1411 494 1456 stella
525 1409 755 1469 perduxit,
779 1424 878 1452 cum
903 1422 1047 1450 rursus
1082 1405 1235 1464 Angeli
1258 1416 1407 1450 natum
1432 1406 1676 1465 pastoribus
1695 1406 1763 1450 in-

371 1483 604 1527 dicarunt:
631 1480 796 1524 moveri
832 1489 985 1522 terram
1010 1513 1020 1531 ‚
1054 1493 1155 1521 cum
1189 1479 1281 1537 ejus
1309 1477 1524 1521 miraculis
1561 1477 1763 1522 turbare-

373 1563 472 1598 tur:
496 1552 662 1596 moveri
689 1565 823 1605 mare,
847 1565 946 1593 eum
972 1549 1049 1592 iste
1070 1549 1262 1592 mundus
1282 1549 1653 1607 persecutionibus
1677 1548 1766 1593 fre-

374 1632 512 1667 meret
539 1641 547 1666 :
580 1620 742 1665 moveri
774 1618 961 1671 aridam,
982 1633 1083 1661 curn
1106 1618 1151 1660 in
1174 1632 1275 1661 eum
1299 1617 1524 1662 credentes
1552 1619 1766 1663 esurirent

377 1694 632 1751 sitirentque
644 1690 855 1751 justitiam
883 1708 890 1733 :
913 1690 1076 1732 moveri
1099 1686 1289 1748 denique
1311 1704 1461 1732 omnes
1484 1698 1649 1747 gentes,
1667 1705 1766 1734 cum

380 1761 665 1821 Evangelium
689 1762 780 1820 ejus
816 1773 1126 1819 usquequaque
1151 1757 1425 1803 discurreret.
1458 1761 1580 1803 Tunc
1608 1759 1768 1804 deinde

380 1834 549 1878 veniret
572 1831 845 1876 Desideratus
893 1829 1094 1873 omnibus
1129 1828 1330 1886 gentibus
1352 1863 1362 1882 ‚
1399 1829 1511 1873 sicut
1551 1830 1765 1890 Propheta

384 1903 724 1964 pronuntiante,
763 1910 973 1946 venturus
1004 1908 1080 1943 est.
1126 1902 1182 1942 Et
1213 1898 1468 1957 implebitur
1503 1899 1658 1944 domus
1690 1902 1768 1946 ista

387 1974 520 2033 gloria
533 2009 544 2031 ‚
563 1972 609 2016 id
631 1981 693 2016 est
711 2007 721 2027 ,
738 1971 943 2016 Ecclesia.
1006 1968 1013 1973 ’

446 2047 524 2088 XI.
551 2045 879 2102 Consequenter
895 2041 1043 2100 itaque
1064 2041 1250 2100 subjecit
1271 2059 1313 2085 z«
1331 2044 1479 2085 Meum
1497 2051 1560 2086 est
1583 2058 1737 2086 aurum
1756 2078 1766 2097 ‚

391 2135 411 2157 »
448 2124 490 2159 et
512 2129 659 2158 meum
691 2122 754 2157 est
775 2120 1019 2172 argentum.
1051 2130 1070 2152 »
1096 2112 1245 2156 Omnis
1279 2112 1394 2155 enim
1429 2112 1637 2172 sapientia
1671 2129 1772 2174 quae

389 2186 568 2230 nomine
589 2184 680 2228 auri
697 2183 881 2242 figurate
903 2181 1169 2241 significatur
1188 2216 1198 2235 ‚
1223 2190 1266 2224 et
1288 2182 1458 2243 eloquia
1482 2183 1655 2227 Domini
1678 2183 1771 2228 elo-

390 2257 493 2316 quia
521 2252 656 2310 casta,
696 2262 924 2313 argentum
951 2252 1051 2310 igne
1085 2252 1319 2310 probatum
1350 2261 1503 2306 terrae,
1535 2263 1771 2312 purgatum

391 2325 640 2385 septuplum
657 2328 674 2351 ²
699 2344 709 2370 ς
733 2339 862 2368 omne
883 2337 985 2381 ergo
1007 2321 1093 2365 tale
1111 2331 1338 2380 argentum
1361 2333 1404 2366 et
1425 2340 1579 2367 aurum
1597 2340 1686 2368 non
1708 2334 1773 2369 est

389 2395 642 2448 hominum,
675 2393 751 2438 sed
787 2392 957 2437 Domini
982 2411 991 2436 ε
1018 2400 1067 2434 ut
1090 2391 1297 2451 quoniam
1327 2392 1581 2452 implebitur
1616 2393 1772 2439 domus

391 2463 547 2524 gloria,
579 2465 654 2522 qui
685 2464 914 2522 gloriatur,
948 2462 993 2505 in
1030 2461 1214 2507 Domino
1242 2462 1493 2522 glorietur3.
1520 2465 1632 2518 Quia
1654 2465 1770 2510 enim

439 2555 447 2571 ¹
465 2548 583 2580 Matth.
606 2558 648 2588 vi,
672 2558 724 2580 10.
748 2565 788 2571 —-·
812 2556 824 2571 ¹
850 2547 928 2581 Psal.
950 2558 994 2588 xi,
1010 2557 1040 2588 7.
1059 2561 1096 2568 -
1114 2543 1127 2568 3
1146 2555 1165 2579 2
1187 2548 1259 2579 Cor.
1284 2559 1316 2589 x,
1341 2558 1390 2590 ¹7-
