1898 3178
0 0 32 343 ll³

409 225 547 255 summ
579 229 690 265 cvu,
727 229 780 254 DE
813 228 959 256 vnaius
991 230 1082 256 Luc.
1119 229 1194 255 im.
1407 218 1485 257 591

116 312 138 335 »
174 292 438 337 abundantia
458 293 644 337 hominis
667 302 728 337 est
748 294 835 338 vita
855 295 944 354 ejus
966 309 1016 338 ex
1030 295 1095 338 his
1112 310 1211 355 quae
1232 294 1294 338 ibi
1311 295 1487 339 habet.»

113 363 253 408 Multa
273 364 348 423 qui
371 363 589 417 recondit,
627 373 840 423 quantum
862 364 965 408 inde
989 365 1104 410 tollit
1136 374 1186 409 ut
1212 366 1360 410 vivat?
1379 369 1492 411 Cum

114 433 263 478 tulerit
276 433 394 489 inde,
409 443 453 477 et
469 433 660 494 quodam
679 433 809 478 modo
826 435 1088 493 cogitatione
1104 437 1364 495 separaverit
1375 437 1495 496 quod

114 505 300 549 sufficiat
315 504 434 549 unde
449 505 582 558 vivat,
596 504 742 549 videat
759 515 914 551 caetera
937 508 1006 551 cui
1026 516 1296 552 remaneant:
1314 523 1367 551 ne
1384 507 1495 552 forte

114 590 216 619 cum
233 590 374 619 servas
390 574 510 619 unde
532 575 664 629 vivas,
683 575 859 635 colligas
879 578 995 621 unde
1009 578 1216 622 moriaris.
1231 581 1344 623 Ecce
1357 579 1496 624 Chris-

115 653 184 689 tus
201 680 212 699 ,
232 660 331 689 eece
353 645 508 689 veritas
524 679 534 699 ,
560 660 660 689 ecce
681 646 897 690 severitas.
923 666 940 688 «
961 649 1136 702 Cavete,
1160 668 1177 689 »
1194 647 1299 692 dicit
1313 649 1466 693 veritas
1484 668 1493 694 :

121 733 141 757 «
174 716 355 769 Cavete,
379 733 400 756 »
425 714 531 759 dicit
547 715 762 759 severitas.
793 716 834 760 Si
858 731 945 761 non
979 733 1095 761 amas
1119 718 1341 762 veritatem
1358 754 1368 772 ,
1393 719 1496 763 time

115 785 400 829 severitatem.
429 803 449 826 «
464 786 561 829 Non
583 785 627 828 in
650 784 919 829 abundantia
941 787 1127 831 hominis
1146 797 1208 832 est
1228 788 1314 832 vita
1331 789 1422 848 ejus
1447 804 1498 832 ex

119 872 140 895 »
174 854 240 898 his
257 870 356 914 quae
377 855 527 897 habet.
557 871 576 895 n
607 853 746 899 Crede
768 854 852 910 illi,
871 871 961 900 non
986 865 1024 900 te
1041 856 1166 901 fallit.
1187 860 1348 902 Contra
1367 866 1416 902 tu
1437 858 1498 902 di-

116 925 202 969 cis:
224 927 319 969 Imo
340 925 384 968 in
407 923 677 968 abundantia
712 925 899 970 hominis
922 936 984 971 est
1005 928 1095 972 vita
1122 929 1213 988 ejus
1237 943 1287 972 ex
1311 928 1375 972 his
1399 945 1497 989 quae

114 995 264 1039 habet.
288 993 369 1038 Ille
383 1003 427 1038 te
444 1009 533 1039 non
548 993 660 1038 fallit
682 1013 691 1039 :
716 1003 765 1039 tu
787 1005 830 1040 te
850 995 976 1040 l'allis.

176 1067 230 1109 V.
255 1068 320 1109 Ex
340 1066 421 1108 hac
442 1080 545 1124 ergo
567 1065 792 1110 occasione
809 1101 819 1120 ,
855 1068 955 1126 quia
976 1067 1275 1127 interpellator
1302 1068 1376 1112 ille
1397 1084 1498 1128 par-

117 1144 205 1180 tem
222 1151 340 1179 suam
360 1136 601 1195 quaerebat,
626 1151 714 1180 non
733 1135 916 1180 alienam
932 1136 1136 1191 invadere
1151 1138 1370 1197 cupiebat,
1397 1148 1497 1183 nata

117 1215 182 1251 est
201 1207 278 1252 ista
302 1207 516 1251 sententia
538 1207 727 1260 Domini,
743 1217 792 1251 ut
814 1223 903 1252 non
926 1209 1089 1253 diceret
1111 1228 1120 1253 :
1146 1211 1304 1254 Cavete
1326 1210 1381 1253 ab
1399 1226 1500 1254 ava-

119 1280 216 1324 ritia
238 1298 247 1324 :
273 1279 348 1323 sed
370 1279 574 1333 adderet,
601 1298 620 1321 «
646 1279 700 1323 ab
718 1280 836 1324 omni
854 1280 1045 1324 avaritia.
1063 1298 1082 1320 »
1108 1283 1265 1324 Parum
1286 1281 1369 1324 fuit
1396 1281 1500 1324 :dat

118 1350 302 1396 alterum
324 1350 568 1409 exemplum
591 1349 645 1393 de
662 1351 853 1410 quodam
877 1350 1034 1405 divite,
1060 1351 1131 1395 cui
1155 1359 1415 1395 successerat
1432 1366 1493 1394 re-

118 1421 202 1480 gio.
232 1440 254 1462 «
278 1423 407 1474 Erat,
432 1419 592 1480 inquit,
619 1420 752 1463 homo
768 1420 910 1474 dives,
932 1420 1003 1464 eui
1021 1429 1281 1464 successerat
1305 1421 1421 1479 regio
1438 1423 1496 1464 ¹.»

117 1490 230 1544 Quid
251 1500 314 1535 est
332 1525 343 1546 ,
373 1510 393 1533 «
413 1493 703 1534 successerat?
726 1509 746 1531 »
773 1493 951 1548 Magnos
973 1490 1142 1535 fruetus
1161 1491 1365 1535 attulerat
1384 1492 1501 1550 regio

117 1579 249 1623 quam
271 1560 529 1622 possidebat.
558 1564 699 1614 Quam
721 1575 901 1620 magnos
924 1562 1121 1605 fructus?
1144 1563 1200 1605 Ut
1223 1576 1312 1605 non
1329 1562 1501 1606 inveni-

117 1644 183 1678 ret
204 1634 281 1678 ubi
303 1642 484 1693 poneret
506 1652 514 1678 2
546 1632 686 1698 faetus
721 1641 784 1676 est
818 1633 963 1676 subito
984 1648 1062 1691 per
1084 1632 1397 1676 abundantiam
1422 1649 1500 1677 an·

119 1714 293 1763 gustus,
315 1719 468 1748 avarus
490 1704 709 1763 antiquus.
731 1706 848 1755 Quot
866 1703 981 1746 enim
999 1703 1100 1746 anni
1113 1704 1202 1762 jam
1225 1703 1498 1757 transierant,

118 1784 161 1819 et
183 1785 329 1820 tamen
344 1775 497 1819 horrea
518 1774 592 1823 illa
611 1774 902 1818 suffecerant?
918 1775 1105 1816 Tantum
1122 1787 1225 1831 ergo
1246 1782 1398 1816 natum
1420 1782 1499 1827 est,

117 1854 168 1889 ut
189 1844 285 1889 loca
302 1859 392 1888 non
412 1844 661 1887 sufficerent
684 1859 783 1901 quae
801 1842 1015 1887 solebant.
1037 1845 1094 1886 E‘t
1115 1842 1339 1901 quaerebat
1361 1843 1504 1887 consi-

118 1914 226 1958 lium
240 1914 381 1968 miser,
398 1928 487 1957 non
501 1912 722 1972 quomodo
741 1921 952 1969 erogaret,
974 1912 1093 1970 quod
1109 1911 1206 1969 plus
1223 1921 1375 1955 natum
1394 1922 1501 1967 erat,

118 1985 194 2029 sed
215 1982 438 2044 quomodo
461 1991 721 2027 reservaret:
749 1990 792 2024 et
814 1980 1048 2039 cogitando
1070 1981 1235 2024 invenit
1255 1981 1500 2026 eonsilium.

119 2056 248 2109 Quasi
275 2055 441 2113 sapiens
464 2054 545 2097 sibi
572 2054 685 2097 visus
709 2061 799 2106 est,
829 2050 1092 2095 inveniendo
1122 2050 1366 2095 consilium.
1396 2056 1507 2097 Pru-

120 2126 274 2171 denter
295 2125 527 2183 cogitavit,
568 2125 784 2184 sapienter
804 2124 929 2168 vidit.
969 2123 1086 2175 Quid
1118 2123 1227 2166 vidit
1264 2123 1507 2182 sapienter?

124 2216 145 2240 «
180 2201 430 2250 Destruam,
457 2195 626 2254 inquit,
660 2195 813 2239 horrea
835 2202 979 2237 vetera
996 2229 1007 2248 ,
1036 2201 1079 2237 et
1099 2192 1254 2237 faciam
1277 2208 1388 2238 nova
1411 2209 1506 2237 am-

123 2286 146 2309 »
180 2267 316 2326 pliora
336 2301 346 2321 ,
364 2275 407 2310 et
428 2264 620 2324 implebo
642 2280 692 2309 ea
719 2284 728 2309 ι
754 2273 796 2308 et
817 2263 915 2308 dico
937 2263 1092 2307 animae
1115 2278 1238 2307 meae.
1265 2281 1285 2304 »
1311 2263 1427 2317 Quid
1445 2264 1509 2308 di-

122 2339 182 2383 cis
203 2339 359 2383 animae
380 2339 491 2382 tuae?
503 2355 523 2378 «
540 2336 712 2390 Anima,
731 2337 866 2380 habes
887 2334 1026 2379 multa
1048 2334 1164 2379 bona
1186 2335 1230 2378 in
1254 2351 1387 2380 annos
1409 2335 1510 2394 plu-

125 2427 147 2451 »
182 2410 312 2454 rimos
332 2407 516 2468 reposita
532 2442 542 2460 ‚
570 2407 790 2467 requiesce
803 2442 813 2462 ,
832 2406 1047 2451 manduca
1063 2441 1074 2461 ,
1097 2406 1201 2450 bibe
1215 2441 1226 2461 ,
1252 2405 1429 2466 epulare
1443 2411 1505 2451 2.»

124 2482 219 2526 Hoc
231 2478 341 2524 dixit
358 2478 529 2538 sapiens
541 2477 744 2522 inventor
764 2476 932 2522 consilii
953 2476 1110 2521 animae
1126 2491 1230 2520 suae.

173 2571 184 2587 ¹
203 2566 283 2598 Luc.
306 2574 364 2607 xn,
380 2563 432 2597 16.
457 2580 499 2586 -
518 2569 531 2586 ²
550 2561 631 2595 lbid.
656 2562 708 2604 18,
731 2573 781 2605 19.
