1898 3178
368 239 503 266 siano
537 237 665 274 XLVI,
701 237 754 263 DE
787 234 1034 264 PAsTomssth
1067 235 1111 262 m
1143 234 1290 260 EzECH‚
1491 224 1518 260 9

148 302 346 362 guidam,
368 303 423 346 ad
444 317 567 347 ovem
586 301 806 361 putridam
825 336 835 356 ‚
859 317 1000 346 secare
1022 300 1180 346 vulnus
1197 333 1207 353 ,
1234 313 1324 342 non
1347 312 1518 355 parcere

145 373 379 434 putredini.
405 393 421 413 «
448 376 564 431 Ergo
585 408 594 426 ‚
615 373 757 432 inquit
777 407 787 426 ,
812 372 1010 416 inimicus
1033 371 1171 416 factus
1188 384 1285 413 sum
1307 369 1428 413 vobis
1449 384 1520 414 ve-

148 462 168 485 »
203 459 299 486 rum
320 442 614 502 praedicans1?
638 463 653 483 »
680 445 791 486 Ecce
813 451 856 485 et
873 442 1038 500 accepit
1060 441 1113 485 de
1138 440 1247 484 lacte
1270 439 1438 493 ovium,
1463 439 1520 482 si-

144 522 218 556 cut
253 512 383 571 paulo
421 522 520 556 ante
552 512 1009 565 commemoravimus,
1034 520 1077 553 et
1107 510 1288 554 indutus
1319 520 1379 553 est
1412 508 1520 552 lanis

144 582 290 626 ovium
308 581 408 638 ,sed
429 581 576 626 tamen
603 597 702 625 oves
724 596 814 624 non
838 580 1151 638 neglexit.Non
1173 580 1289 623 enim
1309 593 1385 623 sua
1407 593 1521 638 quae-

143 652 267 696 rebat
283 687 293 705 ,
318 651 393 695 sed
416 667 514 712 quae
531 655 634 696 ,Iesu
655 652 854 696 Christi2.

216 724 338 766 vm.
363 722 489 766 Absit
516 737 618 781 ergo
649 731 699 766 ut
728 721 922 766 dicamus
943 721 1065 765 vobis
1087 739 1095 764 :
1119 720 1262 763 Vivite
1285 729 1334 763 ut
1360 718 1517 771 vultis,

144 792 281 837 securi
303 801 437 836 estote
454 827 465 847 ,
491 796 603 836 Deus
625 792 843 836 neminem
865 791 1038 850 perdet,
1064 790 1367 834 tantummodo
1389 787 1520 831 fidem

143 863 419 907 christianam
446 873 619 921 tenete3
644 878 733 907 non
770 861 924 921 perdet
958 861 1031 904 ille
1058 876 1166 920 quos
1198 859 1381 903 redemit
1398 893 1408 910 ,
1433 873 1521 901 non

144 933 296 993 perdet
316 949 396 993 pro
419 935 576 993 quibus
602 934 853 991 sanguinem
880 931 1010 976 fudit.
1032 934 1089 975 Et
1111 931 1145 974 si
1167 928 1422 989 spectaculis
1443 944 1521 972 vo·-

142 1002 306 1047 lueritis
323 1003 542 1047 oblectare
569 1004 734 1048 animos
761 1011 922 1046 vestros
940 1037 950 1056 ‚
976 1002 1060 1058 itc3
1086 1001 1191 1060 quid
1219 999 1323 1043 mali
1346 1000 1442 1042 est?
1470 1001 1523 1040 Et

144 1071 251 1116 festa
266 1073 346 1116 ista
363 1089 461 1131 quae
483 1072 758 1116 celebrantur
775 1087 851 1130 per
867 1073 1084 1115 universas
1101 1071 1292 1114 civitates
1314 1070 1358 1112 in
1377 1068 1521 1111 laetitia

143 1143 465 1186 convivantium
482 1176 492 1195 ,
527 1151 570 1185 et
603 1142 786 1200 publicis
819 1142 975 1184 mensis
998 1155 1042 1182 se
1070 1141 1183 1197 ipsos
1204 1149 1253 1182 ut
1275 1148 1431 1196 putant
1452 1139 1524 1195 ju-

143 1212 429 1256 cundantium
448 1245 458 1264 ,
491 1226 637 1254 revera
666 1211 802 1267 magis
830 1209 1129 1268 perdentium,
1153 1208 1212 1251 ite
1229 1242 1239 1261 ,
1275 1207 1489 1250 celebrate
1511 1227 1518 1251 :

143 1296 297 1338 magna
320 1290 383 1323 est
415 1281 490 1323 Dei
512 1279 830 1333 misericordia,
855 1294 954 1337 quae
985 1286 1126 1321 totum
1147 1277 1356 1334 ignoscat.
1385 1279 1522 1320 Coro-

144 1359 242 1394 nate
261 1366 335 1394 vos
358 1350 477 1403 rosis,
496 1358 728 1408 antequam
752 1357 1018 1392 marcescant
1035 1349 1065 1390 3.
1080 1350 1131 1390 In
1148 1346 1278 1390 domo
1300 1347 1376 1390 Dei
1395 1347 1522 1389 vestri

142 1420 318 1480 quando
343 1419 561 1464 volueritis
580 1454 591 1473 ‚
616 1418 933 1474 convivamini,
963 1417 1203 1476 implemini
1228 1417 1327 1460 cibo
1359 1426 1401 1459 et
1423 1417 1522 1460 vino

141 1505 242 1534 cum
265 1490 415 1533 vestris
442 1509 450 1533 :
477 1488 531 1532 ad
554 1489 637 1532 hoc
674 1489 789 1531 enim
829 1488 928 1530 data
955 1496 1018 1530 est
1049 1486 1127 1530 ista
1151 1496 1344 1530 creatura
1363 1521 1373 1540 ,
1402 1495 1451 1529 ut
1475 1501 1521 1528 ea

141 1559 450 1618 perfruamini:
469 1573 557 1601 non
579 1559 692 1601 enim
707 1556 849 1615 impiis
867 1565 909 1599 et
931 1556 1108 1614 paganis
1130 1570 1224 1598 eam
1247 1554 1367 1598 dedit
1390 1558 1520 1607 Deus,

142 1638 185 1673 et
204 1629 324 1672 vobis
346 1644 434 1672 non
456 1627 592 1671 dedit.
620 1629 722 1670 Haec
754 1627 787 1669 si
814 1625 1045 1669 dixerimus
1064 1660 1073 1677 ‚
1105 1624 1217 1668 forte
1239 1625 1524 1682 congregabi-

142 1713 239 1742 mus
256 1698 404 1741 turbas
421 1697 647 1755 amplio'res
668 1715 676 1740 ε
703 1705 746 1739 et
768 1699 801 1739 si
825 1704 926 1739 sunt
948 1694 1123 1754 quidam
1147 1695 1223 1752 qui
1246 1710 1323 1737 nos
1340 1695 1524 1737 sentiant

141 1768 235 1811 haec
256 1767 446 1810 dicentes
483 1781 571 1809 non
601 1775 716 1809 recte
746 1779 917 1823 sapere,
944 1779 1104 1822 paucos
1133 1762 1418 1818 offendimus,
1449 1763 1524 1807 sed

143 1836 469 1879 multitudinem
488 1835 783 1878 conciliamus.
805 1832 935 1886 Quod
949 1833 990 1884 ‚si
1014 1831 1257 1886 fecerimus,
1283 1848 1372 1876 non
1395 1833 1523 1875 verba

142 1906 247 1960 Dei,
272 1921 361 1949 non
382 1905 512 1949 verba
531 1904 690 1949 Christi
712 1903 903 1947 dicentes
922 1938 932 1956 ,
958 1901 1032 1946 sed
1054 1912 1223 1959 nostra,
1248 1903 1407 1945 erimus
1424 1917 1521 1960 pas-

141 1984 255 2020 tores
277 1976 561 2034 nosmetipsos
580 1982 803 2033 pascentes
824 2007 834 2027 ,
859 1988 947 2017 non
965 1987 1079 2016 oves.

201 2047 278 2088 IX.
304 2046 416 2089 Cum
435 2053 579 2087 autem
603 2043 774 2086 dixisset
794 2058 891 2102 quae
913 2041 1096 2099 diligant
1118 2042 1188 2085 isti
1208 2050 1400 2100 pastores
1417 2075 1427 2094 ,
1452 2040 1521 2083 di-

141 2113 200 2158 cit
220 2124 259 2157 et
277 2129 377 2173 quae
396 2112 632 2170 negligant.
656 2112 771 2154 Vitia
789 2113 904 2153 enim
932 2112 1079 2153 ovium
1099 2111 1186 2153 late
1205 2120 1356 2167 patent
1375 2131 1385 2165 3
1408 2125 1523 2152 sanae

142 2193 272 2243 atque
294 2199 444 2227 crassae
467 2198 566 2227 oves
589 2196 818 2240 perpaucae
850 2189 951 2223 sunt
969 2214 980 2234 ,
1005 2179 1050 2222 id
1075 2188 1159 2234 est,
1186 2179 1335 2223 solidae
1358 2180 1402 2222 in
1425 2180 1524 2223 cibo

143 2255 332 2298 veritatis
349 2288 359 2306 ,
385 2263 555 2297 utentes
577 2252 745 2311 pascuis
776 2251 885 2294 bene
908 2249 964 2293 de
997 2265 1177 2293 munere
1199 2250 1290 2293 Dei.
1319 2249 1402 2293 Sed
1424 2248 1524 2293 mali

143 2322 208 2367 1lli
237 2332 428 2381 pastores
459 2337 548 2365 non
581 2329 767 2380 parcunt
788 2319 962 2363 talibus.
992 2322 1147 2362 Parum
1172 2327 1235 2361 est
1252 2353 1263 2373 ,
1291 2317 1410 2378 quod
1432 2317 1525 2362 illas

143 2391 397 2450 languentes
415 2400 457 2434 et
477 2391 667 2434 infirmas
684 2399 728 2434 et
748 2398 937 2433 errantes
958 2398 1002 2432 et
1022 2386 1209 2446 perditas
1230 2402 1319 2431 non
1341 2396 1495 2431 curant
1513 2406 1520 2430 :

145 2463 273 2507 etiam
289 2462 388 2506 istas
405 2460 536 2506 fortes
558 2470 601 2504 et
622 2461 803 2519 pingues
825 2469 998 2514 necant,
1024 2467 1238 2518 quantum
1257 2459 1303 2502 in
1323 2458 1424 2517 ipsis
1442 2467 1520 2501 est.

194 2552 200 2567 ¹
223 2544 325 2576 Galat.
346 2555 388 2584 iv,
412 2544 461 2576 16.
488 2561 526 2566 —
549 2550 561 2565 ²
582 2543 742 2584 Phfflpm,
757 2551 811 2574 αι.
833 2559 874 2564 -
892 2540 904 2564 3
923 2544 997 2582 Sap.
1016 2542 1099 2590 ¹¹’.3'
