<?xml version="1.0" encoding="UTF-8"?>
<!DOCTYPE html PUBLIC "-//W3C//DTD XHTML 1.0 Transitional//EN"
    "http://www.w3.org/TR/xhtml1/DTD/xhtml1-transitional.dtd">
<html xmlns="http://www.w3.org/1999/xhtml" xml:lang="en" lang="en">
 <head>
  <title>
</title>
<meta http-equiv="Content-Type" content="text/html;charset=utf-8" />
  <meta name='ocr-system' content='tesseract 3.04.00' />
  <meta name='ocr-capabilities' content='ocr_page ocr_carea ocr_par ocr_line ocrx_word'/>
</head>
<body>
  <div class='ocr_page' id='page_1' title='image "./operaomniaaccura18auguuoft_0425.png"; bbox 0 0 1898 3178; ppageno 0'>
   <div class='ocr_carea' id='block_1_1' title="bbox 319 203 1482 255">
    <p class='ocr_par' dir='ltr' id='par_1_1' title="bbox 319 203 1482 255">
     <span class='ocr_line' id='line_1_1' title="bbox 319 203 1482 255; baseline -0.003 -9"><span class='ocrx_word' id='word_1_1' title='bbox 319 219 458 246; x_wconf 76' lang='lat' dir='ltr'>sERMO</span> <span class='ocrx_word' id='word_1_2' title='bbox 490 218 627 246; x_wconf 76' lang='lat' dir='ltr'>Lxxxv</span> <span class='ocrx_word' id='word_1_3' title='bbox 647 235 658 255; x_wconf 95' lang='lat'>,</span> <span class='ocrx_word' id='word_1_4' title='bbox 694 217 746 244; x_wconf 74' lang='lat' dir='ltr'>1)ss</span> <span class='ocrx_word' id='word_1_5' title='bbox 780 216 924 244; x_wconf 73' lang='lat' dir='ltr'>vssnffls</span> <span class='ocrx_word' id='word_1_6' title='bbox 955 213 1119 244; x_wconf 70' lang='grc' dir='ltr'><strong>ΜΑΤΤΗ.</strong></span> <span class='ocrx_word' id='word_1_7' title='bbox 1156 217 1247 242; x_wconf 73' lang='lat' dir='ltr'>xix.</span> <span class='ocrx_word' id='word_1_8' title='bbox 1401 203 1482 243; x_wconf 80' lang='lat'>413</span> 
     </span>
    </p>
   </div>
   <div class='ocr_carea' id='block_1_2' title="bbox 0 280 1496 2463">
    <p class='ocr_par' dir='ltr' id='par_1_2' title="bbox 100 280 1493 1049">
     <span class='ocr_line' id='line_1_2' title="bbox 105 280 1484 340; baseline 0.001 -17"><span class='ocrx_word' id='word_1_9' title='bbox 105 301 124 324; x_wconf 87' lang='lat'>»</span> <span class='ocrx_word' id='word_1_10' title='bbox 162 297 305 326; x_wconf 81' lang='lat' dir='ltr'>rameii</span> <span class='ocrx_word' id='word_1_11' title='bbox 331 298 429 326; x_wconf 86' lang='lat' dir='ltr'>acus</span> <span class='ocrx_word' id='word_1_12' title='bbox 452 282 653 336; x_wconf 89' lang='lat' dir='ltr'>transire,</span> <span class='ocrx_word' id='word_1_13' title='bbox 678 297 809 340; x_wconf 86' lang='lat' dir='ltr'>quam</span> <span class='ocrx_word' id='word_1_14' title='bbox 832 281 1011 326; x_wconf 87' lang='lat' dir='ltr'>divitem</span> <span class='ocrx_word' id='word_1_15' title='bbox 1040 282 1199 326; x_wconf 89' lang='lat' dir='ltr'>intrare</span> <span class='ocrx_word' id='word_1_16' title='bbox 1227 280 1273 323; x_wconf 88' lang='lat' dir='ltr'>in</span> <span class='ocrx_word' id='word_1_17' title='bbox 1301 295 1484 338; x_wconf 82' lang='lat' dir='ltr'>regnum</span> 
     </span>
     <span class='ocr_line' id='line_1_3' title="bbox 107 350 1486 413; baseline -0.001 -18"><span class='ocrx_word' id='word_1_18' title='bbox 107 373 127 395; x_wconf 90' lang='lat'>»</span> <span class='ocrx_word' id='word_1_19' title='bbox 163 355 374 399; x_wconf 87' lang='lat' dir='ltr'>coelorum</span> <span class='ocrx_word' id='word_1_20' title='bbox 389 358 419 399; x_wconf 87' lang='lat'>¹.</span> <span class='ocrx_word' id='word_1_21' title='bbox 441 374 459 396; x_wconf 91' lang='lat'>»</span> <span class='ocrx_word' id='word_1_22' title='bbox 485 353 712 399; x_wconf 85' lang='lat' dir='ltr'>Camelum</span> <span class='ocrx_word' id='word_1_23' title='bbox 729 354 888 398; x_wconf 87' lang='lat' dir='ltr'>intrare</span> <span class='ocrx_word' id='word_1_24' title='bbox 902 370 975 413; x_wconf 85' lang='lat' dir='ltr'>per</span> <span class='ocrx_word' id='word_1_25' title='bbox 992 355 1191 399; x_wconf 85' lang='lat' dir='ltr'>foramen</span> <span class='ocrx_word' id='word_1_26' title='bbox 1209 366 1311 397; x_wconf 90' lang='lat' dir='ltr'>acus</span> <span class='ocrx_word' id='word_1_27' title='bbox 1336 369 1345 395; x_wconf 89' lang='lat'>:</span> <span class='ocrx_word' id='word_1_28' title='bbox 1363 351 1397 394; x_wconf 82' lang='lat' dir='ltr'>si</span> <span class='ocrx_word' id='word_1_29' title='bbox 1417 350 1486 395; x_wconf 42' lang='lat' dir='ltr'>dim</span> 
     </span>
     <span class='ocr_line' id='line_1_4' title="bbox 100 421 1487 486; baseline -0.002 -17"><span class='ocrx_word' id='word_1_30' title='bbox 100 435 216 470; x_wconf 89' lang='lat' dir='ltr'>ceret</span> <span class='ocrx_word' id='word_1_31' title='bbox 237 425 441 485; x_wconf 82' lang='lat' dir='ltr'>pulicem,</span> <span class='ocrx_word' id='word_1_32' title='bbox 459 423 724 485; x_wconf 89' lang='lat' dir='ltr'>impossibile</span> <span class='ocrx_word' id='word_1_33' title='bbox 742 434 864 469; x_wconf 87' lang='lat' dir='ltr'>esset.</span> <span class='ocrx_word' id='word_1_34' title='bbox 889 427 1083 486; x_wconf 89' lang='lat' dir='ltr'>Denique</span> <span class='ocrx_word' id='word_1_35' title='bbox 1099 426 1183 470; x_wconf 91' lang='lat' dir='ltr'>hoc</span> <span class='ocrx_word' id='word_1_36' title='bbox 1201 421 1366 478; x_wconf 79' lang='lat' dir='ltr'>audito,</span> <span class='ocrx_word' id='word_1_37' title='bbox 1383 438 1487 467; x_wconf 90' lang='lat' dir='ltr'>con-</span> 
     </span>
     <span class='ocr_line' id='line_1_5' title="bbox 100 494 1486 555; baseline -0.002 -15"><span class='ocrx_word' id='word_1_38' title='bbox 100 496 256 540; x_wconf 88' lang='lat' dir='ltr'>tristati</span> <span class='ocrx_word' id='word_1_39' title='bbox 272 505 374 540; x_wconf 89' lang='lat' dir='ltr'>sunt</span> <span class='ocrx_word' id='word_1_40' title='bbox 399 494 623 555; x_wconf 86' lang='lat' dir='ltr'>Discipuli,</span> <span class='ocrx_word' id='word_1_41' title='bbox 642 504 685 539; x_wconf 91' lang='lat' dir='ltr'>et</span> <span class='ocrx_word' id='word_1_42' title='bbox 706 494 910 540; x_wconf 84' lang='lat' dir='ltr'>dixerunt</span> <span class='ocrx_word' id='word_1_43' title='bbox 935 516 943 541; x_wconf 90' lang='lat'>:</span> <span class='ocrx_word' id='word_1_44' title='bbox 973 516 993 538; x_wconf 92' lang='lat'>«</span> <span class='ocrx_word' id='word_1_45' title='bbox 1021 497 1065 541; x_wconf 89' lang='lat' dir='ltr'>Si</span> <span class='ocrx_word' id='word_1_46' title='bbox 1086 497 1146 540; x_wconf 92' lang='lat' dir='ltr'>ita</span> <span class='ocrx_word' id='word_1_47' title='bbox 1173 504 1263 550; x_wconf 90' lang='lat' dir='ltr'>est,</span> <span class='ocrx_word' id='word_1_48' title='bbox 1287 494 1486 555; x_wconf 88' lang='lat' dir='ltr'>quisnam</span> 
     </span>
     <span class='ocr_line' id='line_1_6' title="bbox 103 564 1487 625; baseline -0.002 -14"><span class='ocrx_word' id='word_1_49' title='bbox 103 584 123 606; x_wconf 94' lang='lat'>»</span> <span class='ocrx_word' id='word_1_50' title='bbox 158 567 318 625; x_wconf 87' lang='lat' dir='ltr'>poterit</span> <span class='ocrx_word' id='word_1_51' title='bbox 352 565 495 610; x_wconf 84' lang='lat' dir='ltr'>salvus</span> <span class='ocrx_word' id='word_1_52' title='bbox 527 566 674 609; x_wconf 79' lang='lat' dir='ltr'>fieri2?</span> <span class='ocrx_word' id='word_1_53' title='bbox 694 584 713 607; x_wconf 93' lang='lat'>»</span> <span class='ocrx_word' id='word_1_54' title='bbox 735 566 839 618; x_wconf 85' lang='lat' dir='ltr'>Quis</span> <span class='ocrx_word' id='word_1_55' title='bbox 863 565 1078 611; x_wconf 80' lang='lat' dir='ltr'>divitum?</span> <span class='ocrx_word' id='word_1_56' title='bbox 1096 570 1313 625; x_wconf 83' lang='lat' dir='ltr'>Pauperes</span> <span class='ocrx_word' id='word_1_57' title='bbox 1341 564 1487 609; x_wconf 90' lang='lat' dir='ltr'>audite</span> 
     </span>
     <span class='ocr_line' id='line_1_7' title="bbox 101 635 1490 697; baseline -0.002 -15"><span class='ocrx_word' id='word_1_58' title='bbox 101 637 339 692; x_wconf 85' lang='lat' dir='ltr'>Christum,</span> <span class='ocrx_word' id='word_1_59' title='bbox 354 636 520 696; x_wconf 91' lang='lat' dir='ltr'>populo</span> <span class='ocrx_word' id='word_1_60' title='bbox 529 636 607 680; x_wconf 90' lang='lat' dir='ltr'>Dei</span> <span class='ocrx_word' id='word_1_61' title='bbox 622 635 793 695; x_wconf 86' lang='lat' dir='ltr'>loquor.</span> <span class='ocrx_word' id='word_1_62' title='bbox 810 635 959 681; x_wconf 89' lang='lat' dir='ltr'>Plures</span> <span class='ocrx_word' id='word_1_63' title='bbox 973 637 1072 682; x_wconf 86' lang='lat' dir='ltr'>estis</span> <span class='ocrx_word' id='word_1_64' title='bbox 1090 651 1316 697; x_wconf 86' lang='lat' dir='ltr'>pauperes,</span> <span class='ocrx_word' id='word_1_65' title='bbox 1331 636 1401 681; x_wconf 87' lang='lat' dir='ltr'>vel</span> <span class='ocrx_word' id='word_1_66' title='bbox 1415 651 1490 680; x_wconf 87' lang='lat' dir='ltr'>vos</span> 
     </span>
     <span class='ocr_line' id='line_1_8' title="bbox 102 706 1492 767; baseline -0.001 -17"><span class='ocrx_word' id='word_1_67' title='bbox 102 706 416 766; x_wconf 84' lang='lat' dir='ltr'>apprehendite</span> <span class='ocrx_word' id='word_1_68' title='bbox 433 727 444 765; x_wconf 77' lang='lat'>3</span> <span class='ocrx_word' id='word_1_69' title='bbox 464 715 506 750; x_wconf 90' lang='lat' dir='ltr'>et</span> <span class='ocrx_word' id='word_1_70' title='bbox 524 715 669 750; x_wconf 92' lang='lat' dir='ltr'>tamen</span> <span class='ocrx_word' id='word_1_71' title='bbox 688 706 849 750; x_wconf 83' lang='lat' dir='ltr'>audite.</span> <span class='ocrx_word' id='word_1_72' title='bbox 867 707 1144 767; x_wconf 89' lang='lat' dir='ltr'>Quicumque</span> <span class='ocrx_word' id='word_1_73' title='bbox 1167 707 1221 751; x_wconf 90' lang='lat' dir='ltr'>de</span> <span class='ocrx_word' id='word_1_74' title='bbox 1239 715 1492 766; x_wconf 87' lang='lat' dir='ltr'>paupertate</span> 
     </span>
     <span class='ocr_line' id='line_1_9' title="bbox 102 776 1493 837; baseline -0.001 -16"><span class='ocrx_word' id='word_1_75' title='bbox 102 777 366 837; x_wconf 84' lang='lat' dir='ltr'>gloriamini,</span> <span class='ocrx_word' id='word_1_76' title='bbox 392 788 542 823; x_wconf 85' lang='lat' dir='ltr'>cavete</span> <span class='ocrx_word' id='word_1_77' title='bbox 557 778 827 837; x_wconf 80' lang='lat' dir='ltr'>superbiam,</span> <span class='ocrx_word' id='word_1_78' title='bbox 855 793 910 821; x_wconf 91' lang='lat' dir='ltr'>ne</span> <span class='ocrx_word' id='word_1_79' title='bbox 932 778 1109 823; x_wconf 87' lang='lat' dir='ltr'>vincant</span> <span class='ocrx_word' id='word_1_80' title='bbox 1131 793 1207 823; x_wconf 87' lang='lat' dir='ltr'>vos</span> <span class='ocrx_word' id='word_1_81' title='bbox 1228 776 1413 822; x_wconf 88' lang='lat' dir='ltr'>humiles</span> <span class='ocrx_word' id='word_1_82' title='bbox 1434 776 1493 820; x_wconf 92' lang='lat' dir='ltr'>di-</span> 
     </span>
     <span class='ocr_line' id='line_1_10' title="bbox 101 849 1492 909; baseline -0.001 -16"><span class='ocrx_word' id='word_1_83' title='bbox 101 850 208 894; x_wconf 89' lang='lat' dir='ltr'>vites</span> <span class='ocrx_word' id='word_1_84' title='bbox 227 868 236 894; x_wconf 77' lang='lat'>2</span> <span class='ocrx_word' id='word_1_85' title='bbox 254 858 402 894; x_wconf 87' lang='lat' dir='ltr'>cavete</span> <span class='ocrx_word' id='word_1_86' title='bbox 420 850 704 909; x_wconf 83' lang='lat' dir='ltr'>impietatem,</span> <span class='ocrx_word' id='word_1_87' title='bbox 724 864 779 893; x_wconf 89' lang='lat' dir='ltr'>ne</span> <span class='ocrx_word' id='word_1_88' title='bbox 794 849 972 893; x_wconf 89' lang='lat' dir='ltr'>vincant</span> <span class='ocrx_word' id='word_1_89' title='bbox 986 865 1061 894; x_wconf 90' lang='lat' dir='ltr'>vos</span> <span class='ocrx_word' id='word_1_90' title='bbox 1074 849 1135 909; x_wconf 89' lang='lat' dir='ltr'>pii</span> <span class='ocrx_word' id='word_1_91' title='bbox 1151 849 1303 894; x_wconf 88' lang='lat' dir='ltr'>divites</span> <span class='ocrx_word' id='word_1_92' title='bbox 1319 868 1327 893; x_wconf 90' lang='lat'>:</span> <span class='ocrx_word' id='word_1_93' title='bbox 1346 856 1492 893; x_wconf 85' lang='lat' dir='ltr'>cavete</span> 
     </span>
     <span class='ocr_line' id='line_1_11' title="bbox 101 918 1493 978; baseline -0.001 -14"><span class='ocrx_word' id='word_1_94' title='bbox 101 920 372 976; x_wconf 87' lang='lat' dir='ltr'>ebrietatem,</span> <span class='ocrx_word' id='word_1_95' title='bbox 388 935 443 964; x_wconf 90' lang='lat' dir='ltr'>ne</span> <span class='ocrx_word' id='word_1_96' title='bbox 460 921 636 965; x_wconf 89' lang='lat' dir='ltr'>vincant</span> <span class='ocrx_word' id='word_1_97' title='bbox 656 935 732 965; x_wconf 84' lang='lat' dir='ltr'>vos</span> <span class='ocrx_word' id='word_1_98' title='bbox 747 920 880 964; x_wconf 86' lang='lat' dir='ltr'>sobrii</span> <span class='ocrx_word' id='word_1_99' title='bbox 897 920 1065 965; x_wconf 88' lang='lat' dir='ltr'>divites.</span> <span class='ocrx_word' id='word_1_100' title='bbox 1086 919 1229 965; x_wconf 87' lang='lat' dir='ltr'>Nolite</span> <span class='ocrx_word' id='word_1_101' title='bbox 1242 918 1297 963; x_wconf 89' lang='lat' dir='ltr'>de</span> <span class='ocrx_word' id='word_1_102' title='bbox 1311 934 1493 978; x_wconf 64' lang='lat' dir='ltr'>pauper-x</span> 
     </span>
     <span class='ocr_line' id='line_1_12' title="bbox 101 989 1296 1049; baseline -0.001 -14"><span class='ocrx_word' id='word_1_103' title='bbox 101 999 189 1036; x_wconf 90' lang='lat' dir='ltr'>tate</span> <span class='ocrx_word' id='word_1_104' title='bbox 212 990 408 1049; x_wconf 84' lang='lat' dir='ltr'>gloriari,</span> <span class='ocrx_word' id='word_1_105' title='bbox 427 991 461 1035; x_wconf 88' lang='lat' dir='ltr'>si</span> <span class='ocrx_word' id='word_1_106' title='bbox 476 1006 565 1035; x_wconf 91' lang='lat' dir='ltr'>non</span> <span class='ocrx_word' id='word_1_107' title='bbox 584 989 748 1036; x_wconf 89' lang='lat' dir='ltr'>debent</span> <span class='ocrx_word' id='word_1_108' title='bbox 775 990 840 1034; x_wconf 91' lang='lat' dir='ltr'>illi</span> <span class='ocrx_word' id='word_1_109' title='bbox 856 990 910 1035; x_wconf 90' lang='lat' dir='ltr'>de</span> <span class='ocrx_word' id='word_1_110' title='bbox 927 990 1087 1036; x_wconf 89' lang='lat' dir='ltr'>divitiis</span> <span class='ocrx_word' id='word_1_111' title='bbox 1109 991 1296 1049; x_wconf 84' lang='lat' dir='ltr'>gloriari.</span> 
     </span>
    </p>

    <p class='ocr_par' dir='ltr' id='par_1_3' title="bbox 0 1053 1495 1615">
     <span class='ocr_line' id='line_1_13' title="bbox 0 1053 1494 1121; baseline -0.003 -13"><span class='ocrx_word' id='word_1_112' title='bbox 0 1053 2 1067; x_wconf 70' lang='grc'><strong>’</strong></span> <span class='ocrx_word' id='word_1_113' title='bbox 26 1055 31 1120; x_wconf 62' lang='lat' dir='ltr'>fs</span> <span class='ocrx_word' id='word_1_114' title='bbox 160 1064 243 1105; x_wconf 92' lang='lat' dir='ltr'>III.</span> <span class='ocrx_word' id='word_1_115' title='bbox 269 1061 465 1106; x_wconf 87' lang='lat' dir='ltr'>Audiant</span> <span class='ocrx_word' id='word_1_116' title='bbox 488 1061 670 1117; x_wconf 90' lang='lat' dir='ltr'>divites,</span> <span class='ocrx_word' id='word_1_117' title='bbox 696 1062 730 1106; x_wconf 90' lang='lat' dir='ltr'>si</span> <span class='ocrx_word' id='word_1_118' title='bbox 751 1070 899 1106; x_wconf 89' lang='lat' dir='ltr'>tamen</span> <span class='ocrx_word' id='word_1_119' title='bbox 920 1071 1050 1121; x_wconf 91' lang='lat' dir='ltr'>sunt·</span> <span class='ocrx_word' id='word_1_120' title='bbox 1086 1060 1266 1106; x_wconf 90' lang='lat' dir='ltr'>audiant</span> <span class='ocrx_word' id='word_1_121' title='bbox 1304 1063 1494 1119; x_wconf 84' lang='lat' dir='ltr'>Aposto-</span> 
     </span>
     <span class='ocr_line' id='line_1_14' title="bbox 0 1111 1494 1202; baseline 0 -28"><span class='ocrx_word' id='word_1_122' title='bbox 0 1111 35 1202; x_wconf 60' lang='lat' dir='ltr'>l</span> <span class='ocrx_word' id='word_1_123' title='bbox 101 1130 227 1176; x_wconf 83' lang='lat' dir='ltr'>lum:</span> <span class='ocrx_word' id='word_1_124' title='bbox 255 1132 447 1192; x_wconf 84' lang='lat' dir='ltr'>Praecipe</span> <span class='ocrx_word' id='word_1_125' title='bbox 471 1132 678 1176; x_wconf 87' lang='lat' dir='ltr'>divitibus</span> <span class='ocrx_word' id='word_1_126' title='bbox 701 1132 830 1191; x_wconf 80' lang='lat' dir='ltr'>hujus</span> <span class='ocrx_word' id='word_1_127' title='bbox 863 1132 1050 1177; x_wconf 89' lang='lat' dir='ltr'>mundi:</span> <span class='ocrx_word' id='word_1_128' title='bbox 1076 1133 1179 1192; x_wconf 88' lang='lat' dir='ltr'>quia</span> <span class='ocrx_word' id='word_1_129' title='bbox 1201 1140 1303 1176; x_wconf 88' lang='lat' dir='ltr'>sunt</span> <span class='ocrx_word' id='word_1_130' title='bbox 1340 1129 1494 1175; x_wconf 88' lang='lat' dir='ltr'>divites</span> 
     </span>
     <span class='ocr_line' id='line_1_15' title="bbox 26 1200 1493 1262; baseline -0.001 -16"><span class='ocrx_word' id='word_1_131' title='bbox 26 1218 37 1246; x_wconf 73' lang='grc' dir='ltr'>ι</span> <span class='ocrx_word' id='word_1_132' title='bbox 100 1200 277 1247; x_wconf 84' lang='lat' dir='ltr'>alterius</span> <span class='ocrx_word' id='word_1_133' title='bbox 294 1201 455 1246; x_wconf 86' lang='lat' dir='ltr'>saeculi.</span> <span class='ocrx_word' id='word_1_134' title='bbox 475 1205 690 1262; x_wconf 91' lang='lat' dir='ltr'>Pauperes</span> <span class='ocrx_word' id='word_1_135' title='bbox 708 1211 810 1246; x_wconf 90' lang='lat' dir='ltr'>sunt</span> <span class='ocrx_word' id='word_1_136' title='bbox 821 1202 974 1246; x_wconf 90' lang='lat' dir='ltr'>divites</span> <span class='ocrx_word' id='word_1_137' title='bbox 986 1201 1162 1246; x_wconf 90' lang='lat' dir='ltr'>alterius</span> <span class='ocrx_word' id='word_1_138' title='bbox 1176 1201 1342 1256; x_wconf 86' lang='lat' dir='ltr'>saeculi,</span> <span class='ocrx_word' id='word_1_139' title='bbox 1361 1203 1493 1260; x_wconf 84' lang='lat' dir='ltr'>Apos-</span> 
     </span>
     <span class='ocr_line' id='line_1_16' title="bbox 0 1259 1494 1330; baseline -0.001 -13.982"><span class='ocrx_word' id='word_1_140' title='bbox 0 1259 36 1317; x_wconf 88' lang='grc'>1</span> <span class='ocrx_word' id='word_1_141' title='bbox 105 1270 184 1315; x_wconf 90' lang='lat' dir='ltr'>toli</span> <span class='ocrx_word' id='word_1_142' title='bbox 200 1280 303 1314; x_wconf 89' lang='lat' dir='ltr'>sunt</span> <span class='ocrx_word' id='word_1_143' title='bbox 325 1271 478 1314; x_wconf 86' lang='lat' dir='ltr'>divites</span> <span class='ocrx_word' id='word_1_144' title='bbox 498 1271 673 1314; x_wconf 85' lang='lat' dir='ltr'>alterius</span> <span class='ocrx_word' id='word_1_145' title='bbox 695 1270 858 1325; x_wconf 82' lang='lat' dir='ltr'>saeculi,</span> <span class='ocrx_word' id='word_1_146' title='bbox 887 1272 963 1330; x_wconf 87' lang='lat' dir='ltr'>qui</span> <span class='ocrx_word' id='word_1_147' title='bbox 981 1270 1209 1316; x_wconf 85' lang='lat' dir='ltr'>dicebant:</span> <span class='ocrx_word' id='word_1_148' title='bbox 1230 1291 1250 1314; x_wconf 73' lang='grc' dir='ltr'>ι(</span> <span class='ocrx_word' id='word_1_149' title='bbox 1269 1274 1494 1330; x_wconf 85' lang='lat' dir='ltr'>Tanquam</span> 
     </span>
     <span class='ocr_line' id='line_1_17' title="bbox 0 1337 1494 1401; baseline -0.002 -12.945"><span class='ocrx_word' id='word_1_150' title='bbox 0 1337 49 1390; x_wconf 72' lang='lat'>0!</span> <span class='ocrx_word' id='word_1_151' title='bbox 101 1361 120 1384; x_wconf 86' lang='lat'>»</span> <span class='ocrx_word' id='word_1_152' title='bbox 156 1341 267 1386; x_wconf 91' lang='lat' dir='ltr'>nihil</span> <span class='ocrx_word' id='word_1_153' title='bbox 288 1342 519 1396; x_wconf 87' lang='lat' dir='ltr'>habentes,</span> <span class='ocrx_word' id='word_1_154' title='bbox 553 1351 596 1385; x_wconf 84' lang='lat' dir='ltr'>et</span> <span class='ocrx_word' id='word_1_155' title='bbox 629 1342 775 1385; x_wconf 87' lang='lat' dir='ltr'>omnia</span> <span class='ocrx_word' id='word_1_156' title='bbox 796 1341 1112 1401; x_wconf 78' lang='lat' dir='ltr'>possidentes³.</span> <span class='ocrx_word' id='word_1_157' title='bbox 1138 1361 1157 1384; x_wconf 85' lang='lat'>»</span> <span class='ocrx_word' id='word_1_158' title='bbox 1185 1346 1243 1387; x_wconf 92' lang='lat' dir='ltr'>Ut</span> <span class='ocrx_word' id='word_1_159' title='bbox 1272 1343 1411 1387; x_wconf 87' lang='lat' dir='ltr'>sciatis</span> <span class='ocrx_word' id='word_1_160' title='bbox 1440 1343 1494 1386; x_wconf 92' lang='lat' dir='ltr'>de</span> 
     </span>
     <span class='ocr_line' id='line_1_18' title="bbox 27 1410 1493 1474; baseline 0 -18"><span class='ocrx_word' id='word_1_161' title='bbox 27 1427 42 1474; x_wconf 73' lang='lat' dir='ltr'>p</span> <span class='ocrx_word' id='word_1_162' title='bbox 98 1412 259 1472; x_wconf 86' lang='lat' dir='ltr'>quibus</span> <span class='ocrx_word' id='word_1_163' title='bbox 278 1412 485 1472; x_wconf 83' lang='lat' dir='ltr'>loquatur</span> <span class='ocrx_word' id='word_1_164' title='bbox 503 1410 728 1465; x_wconf 89' lang='lat' dir='ltr'>divitibus,</span> <span class='ocrx_word' id='word_1_165' title='bbox 750 1411 940 1466; x_wconf 86' lang='lat' dir='ltr'>addidit,</span> <span class='ocrx_word' id='word_1_166' title='bbox 958 1413 1088 1472; x_wconf 86' lang='lat' dir='ltr'>hujus</span> <span class='ocrx_word' id='word_1_167' title='bbox 1105 1411 1276 1457; x_wconf 89' lang='lat' dir='ltr'>mundi.</span> <span class='ocrx_word' id='word_1_168' title='bbox 1297 1411 1493 1457; x_wconf 86' lang='lat' dir='ltr'>Audiant</span> 
     </span>
     <span class='ocr_line' id='line_1_19' title="bbox 99 1481 1491 1543; baseline -0.001 -15.097"><span class='ocrx_word' id='word_1_169' title='bbox 99 1498 204 1542; x_wconf 85' lang='lat' dir='ltr'>ergo</span> <span class='ocrx_word' id='word_1_170' title='bbox 218 1483 478 1542; x_wconf 83' lang='lat' dir='ltr'>Apostolum</span> <span class='ocrx_word' id='word_1_171' title='bbox 496 1482 651 1526; x_wconf 88' lang='lat' dir='ltr'>divites</span> <span class='ocrx_word' id='word_1_172' title='bbox 668 1483 796 1542; x_wconf 86' lang='lat' dir='ltr'>hujus</span> <span class='ocrx_word' id='word_1_173' title='bbox 818 1481 1008 1527; x_wconf 84' lang='lat' dir='ltr'>mundi:</span> <span class='ocrx_word' id='word_1_174' title='bbox 1038 1503 1058 1525; x_wconf 86' lang='lat'>«</span> <span class='ocrx_word' id='word_1_175' title='bbox 1085 1483 1305 1543; x_wconf 84' lang='lat' dir='ltr'>Praecipe,</span> <span class='ocrx_word' id='word_1_176' title='bbox 1331 1483 1491 1542; x_wconf 86' lang='lat' dir='ltr'>inquit,</span> 
     </span>
     <span class='ocr_line' id='line_1_20' title="bbox 6 1553 1495 1619; baseline 0.001 -21.033"><span class='ocrx_word' id='word_1_177' title='bbox 6 1575 40 1619; x_wconf 72' lang='lat'>:⁰</span> <span class='ocrx_word' id='word_1_178' title='bbox 101 1573 121 1597; x_wconf 83' lang='grc'>11</span> <span class='ocrx_word' id='word_1_179' title='bbox 156 1555 365 1600; x_wconf 87' lang='lat' dir='ltr'>divitibus</span> <span class='ocrx_word' id='word_1_180' title='bbox 387 1556 516 1615; x_wconf 87' lang='lat' dir='ltr'>hujus</span> <span class='ocrx_word' id='word_1_181' title='bbox 538 1553 717 1609; x_wconf 91' lang='lat' dir='ltr'>mundi,</span> <span class='ocrx_word' id='word_1_182' title='bbox 739 1570 828 1599; x_wconf 88' lang='lat' dir='ltr'>non</span> <span class='ocrx_word' id='word_1_183' title='bbox 851 1554 1039 1614; x_wconf 89' lang='lat' dir='ltr'>superbe</span> <span class='ocrx_word' id='word_1_184' title='bbox 1056 1571 1206 1615; x_wconf 84' lang='lat' dir='ltr'>sapeie</span> <span class='ocrx_word' id='word_1_185' title='bbox 1222 1557 1253 1599; x_wconf 81' lang='lat'>4.</span> <span class='ocrx_word' id='word_1_186' title='bbox 1279 1573 1299 1596; x_wconf 86' lang='lat'>»</span> <span class='ocrx_word' id='word_1_187' title='bbox 1326 1556 1495 1600; x_wconf 90' lang='lat' dir='ltr'>Primus</span> 
     </span>
    </p>

    <p class='ocr_par' dir='ltr' id='par_1_4' title="bbox 6 1623 1496 1684">
     <span class='ocr_line' id='line_1_21' title="bbox 6 1623 1496 1684; baseline 0.001 -16"><span class='ocrx_word' id='word_1_188' title='bbox 6 1634 9 1637; x_wconf 85' lang='grc'><em>“</em></span> <span class='ocrx_word' id='word_1_189' title='bbox 32 1645 51 1678; x_wconf 62' lang='grc'>1,</span> <span class='ocrx_word' id='word_1_190' title='bbox 99 1626 254 1670; x_wconf 86' lang='lat' dir='ltr'>vermis</span> <span class='ocrx_word' id='word_1_191' title='bbox 277 1625 526 1670; x_wconf 88' lang='lat' dir='ltr'>divitiarum</span> <span class='ocrx_word' id='word_1_192' title='bbox 561 1623 778 1684; x_wconf 87' lang='lat' dir='ltr'>superbia.</span> <span class='ocrx_word' id='word_1_193' title='bbox 804 1623 916 1669; x_wconf 86' lang='lat' dir='ltr'>Mala</span> <span class='ocrx_word' id='word_1_194' title='bbox 952 1625 1090 1679; x_wconf 90' lang='lat' dir='ltr'>tinea,</span> <span class='ocrx_word' id='word_1_195' title='bbox 1116 1634 1257 1669; x_wconf 90' lang='lat' dir='ltr'>totum</span> <span class='ocrx_word' id='word_1_196' title='bbox 1289 1624 1426 1681; x_wconf 89' lang='lat' dir='ltr'>rodit,</span> <span class='ocrx_word' id='word_1_197' title='bbox 1451 1635 1496 1669; x_wconf 87' lang='lat' dir='ltr'>ct</span> 
     </span>
    </p>

    <p class='ocr_par' dir='ltr' id='par_1_5' title="bbox 0 1681 1492 1781">
     <span class='ocr_line' id='line_1_22' title="bbox 0 1681 1492 1781; baseline 0 -41"><span class='ocrx_word' id='word_1_198' title='bbox 0 1683 9 1766; x_wconf 48' lang='lat' dir='ltr'>l}</span> <span class='ocrx_word' id='word_1_199' title='bbox 34 1681 53 1781; x_wconf 51' lang='grc' dir='ltr'>αἱ</span> <span class='ocrx_word' id='word_1_200' title='bbox 98 1695 154 1740; x_wconf 90' lang='lat' dir='ltr'>ad</span> <span class='ocrx_word' id='word_1_201' title='bbox 191 1696 379 1740; x_wconf 89' lang='lat' dir='ltr'>cinerem</span> <span class='ocrx_word' id='word_1_202' title='bbox 419 1711 556 1755; x_wconf 83' lang='lat' dir='ltr'>usque</span> <span class='ocrx_word' id='word_1_203' title='bbox 593 1689 807 1771; x_wconf 82' lang='lat' dir='ltr'>perducit</span> <span class='ocrx_word' id='word_1_204' title='bbox 835 1695 1026 1753; x_wconf 88' lang='lat' dir='ltr'>Praecipe</span> <span class='ocrx_word' id='word_1_205' title='bbox 1046 1711 1149 1754; x_wconf 84' lang='lat' dir='ltr'>ergo</span> <span class='ocrx_word' id='word_1_206' title='bbox 1182 1711 1274 1740; x_wconf 90' lang='lat' dir='ltr'>non</span> <span class='ocrx_word' id='word_1_207' title='bbox 1303 1696 1492 1756; x_wconf 90' lang='lat' dir='ltr'>superbe</span> 
     </span>
    </p>

    <p class='ocr_par' dir='ltr' id='par_1_6' title="bbox 0 1759 1496 1826">
     <span class='ocr_line' id='line_1_23' title="bbox 0 1759 1496 1826; baseline 0.003 -19"><span class='ocrx_word' id='word_1_208' title='bbox 0 1759 10 1780; x_wconf 37' lang='lat'>⁸*</span> <span class='ocrx_word' id='word_1_209' title='bbox 35 1784 47 1808; x_wconf 57' lang='grc'>1,</span> <span class='ocrx_word' id='word_1_210' title='bbox 99 1781 276 1826; x_wconf 90' lang='lat' dir='ltr'>sapere,</span> <span class='ocrx_word' id='word_1_211' title='bbox 297 1781 441 1826; x_wconf 90' lang='lat' dir='ltr'>neque</span> <span class='ocrx_word' id='word_1_212' title='bbox 462 1780 630 1824; x_wconf 88' lang='lat' dir='ltr'>sperare</span> <span class='ocrx_word' id='word_1_213' title='bbox 652 1765 698 1809; x_wconf 93' lang='lat' dir='ltr'>in</span> <span class='ocrx_word' id='word_1_214' title='bbox 718 1764 885 1809; x_wconf 89' lang='lat' dir='ltr'>incerto</span> <span class='ocrx_word' id='word_1_215' title='bbox 903 1764 1191 1810; x_wconf 87' lang='lat' dir='ltr'>divitiarum:</span> <span class='ocrx_word' id='word_1_216' title='bbox 1217 1781 1273 1810; x_wconf 87' lang='lat' dir='ltr'>ne</span> <span class='ocrx_word' id='word_1_217' title='bbox 1291 1765 1405 1811; x_wconf 84' lang='lat' dir='ltr'>forte</span> <span class='ocrx_word' id='word_1_218' title='bbox 1426 1767 1496 1811; x_wconf 56' lang='lat' dir='ltr'>dia</span> 
     </span>
    </p>

    <p class='ocr_par' dir='ltr' id='par_1_7' title="bbox 36 1836 1491 1968">
     <span class='ocr_line' id='line_1_24' title="bbox 36 1836 1491 1895; baseline 0.001 -14"><span class='ocrx_word' id='word_1_219' title='bbox 36 1853 47 1875; x_wconf 80' lang='lat'>‹·</span> <span class='ocrx_word' id='word_1_220' title='bbox 99 1851 172 1881; x_wconf 87' lang='lat' dir='ltr'>ves</span> <span class='ocrx_word' id='word_1_221' title='bbox 201 1836 388 1881; x_wconf 89' lang='lat' dir='ltr'>dormias</span> <span class='ocrx_word' id='word_1_222' title='bbox 408 1870 419 1891; x_wconf 96' lang='lat'>,</span> <span class='ocrx_word' id='word_1_223' title='bbox 445 1844 488 1891; x_wconf 85' lang='lat' dir='ltr'>et</span> <span class='ocrx_word' id='word_1_224' title='bbox 511 1850 675 1894; x_wconf 87' lang='lat' dir='ltr'>pauper</span> <span class='ocrx_word' id='word_1_225' title='bbox 696 1849 856 1892; x_wconf 82' lang='lat' dir='ltr'>surgas.</span> <span class='ocrx_word' id='word_1_226' title='bbox 883 1837 1034 1895; x_wconf 88' lang='lat' dir='ltr'>Neque</span> <span class='ocrx_word' id='word_1_227' title='bbox 1056 1851 1227 1895; x_wconf 88' lang='lat' dir='ltr'>sperare</span> <span class='ocrx_word' id='word_1_228' title='bbox 1248 1836 1294 1880; x_wconf 93' lang='lat' dir='ltr'>in</span> <span class='ocrx_word' id='word_1_229' title='bbox 1324 1837 1491 1882; x_wconf 89' lang='lat' dir='ltr'>incerto</span> 
     </span>
     <span class='ocr_line' id='line_1_25' title="bbox 46 1905 1488 1968; baseline 0.001 -18"><span class='ocrx_word' id='word_1_230' title='bbox 46 1929 49 1949; x_wconf 53' lang='lat' dir='ltr'><em>a</em></span> <span class='ocrx_word' id='word_1_231' title='bbox 100 1907 352 1952; x_wconf 86' lang='lat' dir='ltr'>divitiarum</span> <span class='ocrx_word' id='word_1_232' title='bbox 376 1927 383 1952; x_wconf 91' lang='lat'>:</span> <span class='ocrx_word' id='word_1_233' title='bbox 410 1911 425 1966; x_wconf 83' lang='lat'>(</span> <span class='ocrx_word' id='word_1_234' title='bbox 441 1906 637 1967; x_wconf 82' lang='lat' dir='ltr'>Apostoli</span> <span class='ocrx_word' id='word_1_235' title='bbox 659 1905 792 1950; x_wconf 85' lang='lat' dir='ltr'>verba</span> <span class='ocrx_word' id='word_1_236' title='bbox 820 1914 923 1950; x_wconf 86' lang='lat' dir='ltr'>sunt</span> <span class='ocrx_word' id='word_1_237' title='bbox 949 1908 987 1963; x_wconf 91' lang='lat'>:)</span> <span class='ocrx_word' id='word_1_238' title='bbox 1015 1906 1090 1950; x_wconf 91' lang='lat' dir='ltr'>sed</span> <span class='ocrx_word' id='word_1_239' title='bbox 1110 1907 1157 1951; x_wconf 91' lang='lat' dir='ltr'>in</span> <span class='ocrx_word' id='word_1_240' title='bbox 1179 1910 1294 1963; x_wconf 91' lang='lat' dir='ltr'>Deo,</span> <span class='ocrx_word' id='word_1_241' title='bbox 1319 1908 1488 1968; x_wconf 84' lang='lat' dir='ltr'>inquit,</span> 
     </span>
    </p>

    <p class='ocr_par' dir='ltr' id='par_1_8' title="bbox 39 1976 1492 2036">
     <span class='ocr_line' id='line_1_26' title="bbox 39 1976 1492 2036; baseline 0.001 -15"><span class='ocrx_word' id='word_1_242' title='bbox 39 1996 49 2021; x_wconf 82' lang='lat'>.·</span> <span class='ocrx_word' id='word_1_243' title='bbox 100 1979 212 2024; x_wconf 90' lang='lat' dir='ltr'>vivo.</span> <span class='ocrx_word' id='word_1_244' title='bbox 241 1982 331 2023; x_wconf 91' lang='lat' dir='ltr'>Fur</span> <span class='ocrx_word' id='word_1_245' title='bbox 349 1978 432 2022; x_wconf 90' lang='grc'><em>11111</em></span> <span class='ocrx_word' id='word_1_246' title='bbox 449 1977 566 2023; x_wconf 85' lang='grc'><em>101111</em></span> <span class='ocrx_word' id='word_1_247' title='bbox 596 1992 776 2032; x_wconf 85' lang='lat' dir='ltr'>aurum,</span> <span class='ocrx_word' id='word_1_248' title='bbox 800 1976 896 2036; x_wconf 87' lang='lat' dir='ltr'>quis</span> <span class='ocrx_word' id='word_1_249' title='bbox 919 1976 1034 2021; x_wconf 89' lang='lat' dir='ltr'>tollit</span> <span class='ocrx_word' id='word_1_250' title='bbox 1067 1977 1147 2021; x_wconf 90' lang='lat' dir='ltr'>tibi</span> <span class='ocrx_word' id='word_1_251' title='bbox 1168 1980 1338 2022; x_wconf 82' lang='lat' dir='ltr'>Deum?</span> <span class='ocrx_word' id='word_1_252' title='bbox 1375 1979 1492 2032; x_wconf 85' lang='lat' dir='ltr'>Quid</span> 
     </span>
    </p>

    <p class='ocr_par' dir='ltr' id='par_1_9' title="bbox 46 2047 1489 2109">
     <span class='ocr_line' id='line_1_27' title="bbox 46 2047 1489 2109; baseline 0.002 -18"><span class='ocrx_word' id='word_1_253' title='bbox 46 2052 50 2091; x_wconf 74' lang='grc' dir='ltr'><strong>ἶ</strong></span> <span class='ocrx_word' id='word_1_254' title='bbox 99 2050 232 2094; x_wconf 87' lang='lat' dir='ltr'>habet</span> <span class='ocrx_word' id='word_1_255' title='bbox 247 2048 383 2103; x_wconf 89' lang='lat' dir='ltr'>dives,</span> <span class='ocrx_word' id='word_1_256' title='bbox 403 2048 436 2092; x_wconf 90' lang='lat' dir='ltr'>si</span> <span class='ocrx_word' id='word_1_257' title='bbox 453 2051 593 2093; x_wconf 90' lang='lat' dir='ltr'>Deum</span> <span class='ocrx_word' id='word_1_258' title='bbox 609 2063 699 2093; x_wconf 90' lang='lat' dir='ltr'>non</span> <span class='ocrx_word' id='word_1_259' title='bbox 721 2047 887 2092; x_wconf 79' lang='lat' dir='ltr'>habet?</span> <span class='ocrx_word' id='word_1_260' title='bbox 905 2047 1023 2101; x_wconf 86' lang='lat' dir='ltr'>Quid</span> <span class='ocrx_word' id='word_1_261' title='bbox 1044 2063 1134 2093; x_wconf 89' lang='grc'><em>11011</em></span> <span class='ocrx_word' id='word_1_262' title='bbox 1154 2048 1286 2093; x_wconf 88' lang='lat' dir='ltr'>habet</span> <span class='ocrx_word' id='word_1_263' title='bbox 1307 2065 1489 2109; x_wconf 90' lang='lat' dir='ltr'>pauper,</span> 
     </span>
    </p>

    <p class='ocr_par' dir='ltr' id='par_1_10' title="bbox 43 2118 1491 2178">
     <span class='ocr_line' id='line_1_28' title="bbox 43 2118 1491 2178; baseline 0.001 -15"><span class='ocrx_word' id='word_1_264' title='bbox 43 2146 51 2163; x_wconf 65' lang='grc'>,-</span> <span class='ocrx_word' id='word_1_265' title='bbox 101 2120 134 2164; x_wconf 89' lang='lat' dir='ltr'>si</span> <span class='ocrx_word' id='word_1_266' title='bbox 152 2123 289 2164; x_wconf 91' lang='lat' dir='ltr'>Deum</span> <span class='ocrx_word' id='word_1_267' title='bbox 316 2118 484 2163; x_wconf 79' lang='lat' dir='ltr'>habet?</span> <span class='ocrx_word' id='word_1_268' title='bbox 504 2121 603 2164; x_wconf 88' lang='lat' dir='ltr'>Non</span> <span class='ocrx_word' id='word_1_269' title='bbox 625 2134 729 2178; x_wconf 81' lang='lat' dir='ltr'>ergo</span> <span class='ocrx_word' id='word_1_270' title='bbox 750 2133 919 2178; x_wconf 89' lang='lat' dir='ltr'>sperare</span> <span class='ocrx_word' id='word_1_271' title='bbox 953 2118 999 2161; x_wconf 92' lang='lat' dir='ltr'>in</span> <span class='ocrx_word' id='word_1_272' title='bbox 1022 2118 1181 2163; x_wconf 88' lang='lat' dir='ltr'>divitiis</span> <span class='ocrx_word' id='word_1_273' title='bbox 1200 2154 1210 2175; x_wconf 92' lang='lat'>,</span> <span class='ocrx_word' id='word_1_274' title='bbox 1236 2119 1312 2164; x_wconf 91' lang='lat' dir='ltr'>sed</span> <span class='ocrx_word' id='word_1_275' title='bbox 1333 2120 1379 2164; x_wconf 92' lang='lat' dir='ltr'>in</span> <span class='ocrx_word' id='word_1_276' title='bbox 1402 2123 1491 2165; x_wconf 89' lang='lat' dir='ltr'>Deo</span> 
     </span>
    </p>

    <p class='ocr_par' dir='ltr' id='par_1_11' title="bbox 44 2189 1485 2320">
     <span class='ocr_line' id='line_1_29' title="bbox 44 2189 1485 2251; baseline 0.003 -20"><span class='ocrx_word' id='word_1_277' title='bbox 44 2208 51 2231; x_wconf 64' lang='lat' dir='ltr'><strong>a</strong></span> <span class='ocrx_word' id='word_1_278' title='bbox 101 2191 216 2246; x_wconf 89' lang='lat' dir='ltr'>vivo,</span> <span class='ocrx_word' id='word_1_279' title='bbox 236 2190 313 2250; x_wconf 88' lang='lat' dir='ltr'>qui</span> <span class='ocrx_word' id='word_1_280' title='bbox 330 2198 506 2250; x_wconf 82' lang='lat' dir='ltr'>praestat</span> <span class='ocrx_word' id='word_1_281' title='bbox 528 2189 654 2234; x_wconf 88' lang='lat' dir='ltr'>nobis</span> <span class='ocrx_word' id='word_1_282' title='bbox 675 2189 953 2234; x_wconf 90' lang='lat' dir='ltr'>abundanter</span> <span class='ocrx_word' id='word_1_283' title='bbox 968 2190 1114 2235; x_wconf 87' lang='lat' dir='ltr'>omnia</span> <span class='ocrx_word' id='word_1_284' title='bbox 1137 2191 1192 2235; x_wconf 89' lang='lat' dir='ltr'>ad</span> <span class='ocrx_word' id='word_1_285' title='bbox 1215 2189 1451 2236; x_wconf 88' lang='lat' dir='ltr'>fruendum</span> <span class='ocrx_word' id='word_1_286' title='bbox 1473 2213 1485 2251; x_wconf 76' lang='lat'>3</span> 
     </span>
     <span class='ocr_line' id='line_1_30' title="bbox 49 2260 898 2320; baseline 0.002 -17"><span class='ocrx_word' id='word_1_287' title='bbox 49 2293 52 2303; x_wconf 88' lang='lat'>.</span> <span class='ocrx_word' id='word_1_288' title='bbox 102 2276 203 2305; x_wconf 89' lang='lat' dir='ltr'>cum</span> <span class='ocrx_word' id='word_1_289' title='bbox 217 2261 377 2320; x_wconf 84' lang='lat' dir='ltr'>quibus</span> <span class='ocrx_word' id='word_1_290' title='bbox 395 2260 595 2304; x_wconf 90' lang='lat' dir='ltr'>omnibus</span> <span class='ocrx_word' id='word_1_291' title='bbox 616 2270 659 2304; x_wconf 92' lang='lat' dir='ltr'>et</span> <span class='ocrx_word' id='word_1_292' title='bbox 673 2275 717 2304; x_wconf 91' lang='lat' dir='ltr'>se</span> <span class='ocrx_word' id='word_1_293' title='bbox 739 2260 898 2320; x_wconf 87' lang='lat' dir='ltr'>ipsum.</span> 
     </span>
    </p>

    <p class='ocr_par' dir='ltr' id='par_1_12' title="bbox 159 2330 1489 2391">
     <span class='ocr_line' id='line_1_31' title="bbox 159 2330 1489 2391; baseline 0.002 -17"><span class='ocrx_word' id='word_1_294' title='bbox 159 2333 235 2374; x_wconf 92' lang='lat' dir='ltr'>IV.</span> <span class='ocrx_word' id='word_1_295' title='bbox 263 2331 306 2376; x_wconf 93' lang='lat' dir='ltr'>Si</span> <span class='ocrx_word' id='word_1_296' title='bbox 328 2345 428 2389; x_wconf 86' lang='lat' dir='ltr'>ergo</span> <span class='ocrx_word' id='word_1_297' title='bbox 451 2345 540 2374; x_wconf 89' lang='lat' dir='ltr'>non</span> <span class='ocrx_word' id='word_1_298' title='bbox 570 2330 732 2375; x_wconf 88' lang='lat' dir='ltr'>debent</span> <span class='ocrx_word' id='word_1_299' title='bbox 755 2331 809 2375; x_wconf 91' lang='lat' dir='ltr'>de</span> <span class='ocrx_word' id='word_1_300' title='bbox 831 2330 990 2375; x_wconf 88' lang='lat' dir='ltr'>divitiis</span> <span class='ocrx_word' id='word_1_301' title='bbox 1011 2347 1180 2391; x_wconf 87' lang='lat' dir='ltr'>sperare</span> <span class='ocrx_word' id='word_1_302' title='bbox 1196 2367 1207 2387; x_wconf 97' lang='lat'>,</span> <span class='ocrx_word' id='word_1_303' title='bbox 1243 2347 1333 2376; x_wconf 90' lang='grc'><em>11011</em></span> <span class='ocrx_word' id='word_1_304' title='bbox 1362 2332 1408 2376; x_wconf 88' lang='grc'>111</span> <span class='ocrx_word' id='word_1_305' title='bbox 1429 2334 1489 2377; x_wconf 91' lang='lat' dir='ltr'>eis</span> 
     </span>
    </p>

    <p class='ocr_par' dir='ltr' id='par_1_13' title="bbox 51 2400 1489 2463">
     <span class='ocr_line' id='line_1_32' title="bbox 51 2400 1489 2463; baseline 0.003 -22"><span class='ocrx_word' id='word_1_306' title='bbox 51 2436 53 2441; x_wconf 87' lang='lat'><em>.</em></span> <span class='ocrx_word' id='word_1_307' title='bbox 103 2400 262 2457; x_wconf 88' lang='lat' dir='ltr'>fidere,</span> <span class='ocrx_word' id='word_1_308' title='bbox 303 2402 378 2446; x_wconf 89' lang='lat' dir='ltr'>sed</span> <span class='ocrx_word' id='word_1_309' title='bbox 407 2401 452 2444; x_wconf 92' lang='lat' dir='ltr'>in</span> <span class='ocrx_word' id='word_1_310' title='bbox 491 2404 580 2445; x_wconf 88' lang='lat' dir='ltr'>Deo</span> <span class='ocrx_word' id='word_1_311' title='bbox 602 2401 725 2458; x_wconf 66' lang='lat' dir='ltr'>vivo,</span> <span class='ocrx_word' id='word_1_312' title='bbox 750 2400 804 2446; x_wconf 88' lang='lat' dir='ltr'>de</span> <span class='ocrx_word' id='word_1_313' title='bbox 826 2402 984 2446; x_wconf 87' lang='lat' dir='ltr'>divitiis</span> <span class='ocrx_word' id='word_1_314' title='bbox 1026 2403 1134 2463; x_wconf 87' lang='lat' dir='ltr'>quid</span> <span class='ocrx_word' id='word_1_315' title='bbox 1165 2402 1322 2448; x_wconf 85' lang='lat' dir='ltr'>facturi</span> <span class='ocrx_word' id='word_1_316' title='bbox 1355 2406 1489 2448; x_wconf 72' lang='lat' dir='ltr'>sunt?</span> 
     </span>
    </p>
   </div>
   <div class='ocr_carea' id='block_1_3' title="bbox 153 2497 1485 2542">
    <p class='ocr_par' dir='ltr' id='par_1_14' title="bbox 153 2497 1485 2542">
     <span class='ocr_line' id='line_1_33' title="bbox 153 2497 1485 2542; baseline 0.004 -13"><span class='ocrx_word' id='word_1_317' title='bbox 153 2505 160 2520; x_wconf 91' lang='lat'>¹</span> <span class='ocrx_word' id='word_1_318' title='bbox 185 2498 297 2530; x_wconf 76' lang='lat' dir='ltr'>Matth.</span> <span class='ocrx_word' id='word_1_319' title='bbox 318 2509 382 2536; x_wconf 77' lang='lat' dir='ltr'>xix,</span> <span class='ocrx_word' id='word_1_320' title='bbox 405 2497 459 2539; x_wconf 59' lang='lat'>24.</span> <span class='ocrx_word' id='word_1_321' title='bbox 485 2514 526 2521; x_wconf 89' lang='lat'>—-</span> <span class='ocrx_word' id='word_1_322' title='bbox 546 2504 558 2520; x_wconf 84' lang='lat'><em>²</em></span> <span class='ocrx_word' id='word_1_323' title='bbox 578 2497 658 2531; x_wconf 85' lang='lat' dir='ltr'>lbid.</span> <span class='ocrx_word' id='word_1_324' title='bbox 683 2498 736 2530; x_wconf 82' lang='lat'>25.</span> <span class='ocrx_word' id='word_1_325' title='bbox 758 2515 799 2522; x_wconf 89' lang='lat'>—-</span> <span class='ocrx_word' id='word_1_326' title='bbox 819 2497 832 2521; x_wconf 79' lang='lat'>3</span> <span class='ocrx_word' id='word_1_327' title='bbox 855 2510 867 2531; x_wconf 88' lang='lat'>1</span> <span class='ocrx_word' id='word_1_328' title='bbox 889 2499 968 2531; x_wconf 68' lang='lat' dir='ltr'>Tim,</span> <span class='ocrx_word' id='word_1_329' title='bbox 990 2510 1038 2541; x_wconf 82' lang='lat' dir='ltr'>vi,</span> <span class='ocrx_word' id='word_1_330' title='bbox 1064 2510 1115 2542; x_wconf 86' lang='lat'>17.</span> <span class='ocrx_word' id='word_1_331' title='bbox 1136 2517 1178 2524; x_wconf 94' lang='lat'>—·</span> <span class='ocrx_word' id='word_1_332' title='bbox 1195 2499 1210 2525; x_wconf 71' lang='grc'><strong><em>4</em></strong></span> <span class='ocrx_word' id='word_1_333' title='bbox 1236 2510 1254 2534; x_wconf 90' lang='lat'>2</span> <span class='ocrx_word' id='word_1_334' title='bbox 1272 2503 1343 2535; x_wconf 86' lang='lat' dir='ltr'>Cor.</span> <span class='ocrx_word' id='word_1_335' title='bbox 1364 2512 1406 2542; x_wconf 79' lang='lat' dir='ltr'>vi,</span> <span class='ocrx_word' id='word_1_336' title='bbox 1435 2512 1485 2534; x_wconf 87' lang='lat'>10.</span> 
     </span>
    </p>
   </div>
   <div class='ocr_carea' id='block_1_4' title="bbox 60 2479 69 3068">
    <p class='ocr_par' dir='ltr' id='par_1_15' title="bbox 60 2479 69 3068">
     <span class='ocr_line' id='line_1_34' title="bbox 60 2479 69 3068; baseline 0 0"><span class='ocrx_word' id='word_1_337' title='bbox 60 2479 69 3068; x_wconf 95' lang='lat' dir='ltr'> </span> 
     </span>
    </p>
   </div>
  </div>
 </body>
</html>
