1898 3178
370 205 424 245 46
793 217 829 245 s.
863 214 1094 244 Aucus'nm
1127 215 1307 244 BPISCOPI

365 286 479 342 Ergo
500 297 602 327 cum
621 290 821 341 argueret
843 280 1058 340 quosdam
1072 314 1084 335 ,
1110 289 1154 324 et
1170 279 1335 324 diceret
1360 297 1369 323 ε
1393 297 1414 320 «
1440 279 1522 332 Qui
1543 278 1751 337 praedicas

370 371 389 392 ³)
425 368 514 397 non
546 350 804 406 furandum,
842 348 1020 407 furaris;
1044 350 1121 409 qui
1143 348 1247 393 dicis
1269 363 1359 393 non
1381 346 1720 393 adulterandum
1737 383 1750 404 ‚

367 441 386 464 »
425 422 657 478 adulteras,
681 440 700 463 υ
727 430 812 466 etc.
832 421 894 465 ait
914 439 922 466 ε
943 439 963 463 «
985 424 1055 465 An
1072 419 1244 465 divitias
1266 419 1472 465 bonitatis
1489 420 1581 479 ejus
1601 427 1645 464 et
1659 418 1755 464 lon-

371 512 389 533 »
427 492 688 552 ganimitatis
722 490 1023 536 contemnis1‘e
1054 490 1211 543 »Quia
1241 489 1313 533 ille
1353 489 1494 533 bonus
1529 498 1614 544 est,
1652 489 1756 549 quia

365 562 647 622 longanimis,
680 561 784 621 quia
817 560 938 605 videt
968 569 1013 604 et
1035 568 1170 615 tacet,
1208 559 1311 619 quia
1329 558 1449 603 videt
1476 567 1520 602 et
1547 559 1753 614 sustinet,

368 642 494 691 putas
520 632 646 676 illum
673 632 901 692 iniquum?
937 649 958 673 «
990 634 1190 690 Ignoras,
1229 630 1332 690 quia
1360 628 1567 688 patientia
1596 628 1674 673 Dei
1701 627 1758 673 ad

371 721 390 743 »
425 703 731 762 poenitentiam
752 711 795 746 te
819 701 1028 746 adducit?
1053 719 1073 742 »
1099 703 1155 744 Et
1185 699 1283 744 vide
1306 700 1340 743 si
1361 713 1530 757 semper
1551 698 1714 743 tacebit
1745 716 1755 744 ι

370 773 446 832 qui
469 772 602 817 modo
618 781 748 817 tacet.
778 790 799 815 «
821 774 887 815 Tu
903 780 1073 826 autem,
1094 770 1259 830 inquit,
1285 768 1529 813 secundum
1550 767 1758 812 duritiam

375 861 394 882 >›
430 842 571 887 cordis
588 843 653 887 tui
673 851 717 886 et
743 857 819 887 cor
850 840 1151 900 impoenitens,
1182 833 1446 884 thesaurii‘as
1473 838 1554 883 tibi
1581 839 1691 882 iram
1712 839 1760 881 in

374 932 392 953 >›
428 912 497 957 die
518 914 594 957 irae
611 922 655 958 et
676 912 949 958 revelationis
964 911 1069 971 justi
1084 910 1238 971 judicii
1259 910 1364 966 Dei,
1390 909 1467 969 qui
1489 908 1644 953 reddet
1659 909 1761 952 uni-

375 1003 393 1025 »
431 985 590 1045 cuique
610 984 852 1032 secundum
873 998 1005 1043 opera
1025 984 1143 1027 sua2.
1178 999 1199 1023 υ
1224 985 1339 1040 Ergo
1368 990 1504 1037 tacet,
1542 980 1761 1040 numquid

371 1071 539 1115 semper
560 1057 750 1100 tacebit?
783 1059 894 1099 Item
917 1054 1023 1098 dicit
1039 1062 1138 1112 post
1158 1053 1363 1113 quaedam
1384 1061 1637 1096 enumerata
1653 1066 1760 1110 pec-

370 1134 495 1169 cata:
527 1144 548 1166 «
580 1128 687 1167 Haec
719 1123 881 1176 fecisti,
923 1133 967 1166 et
995 1123 1141 1166 tacui3
1171 1140 1183 1165 ·.
1208 1140 1229 1162 »
1260 1123 1306 1166 id
1339 1132 1425 1179 est,
1462 1124 1556 1165 haec
1597 1121 1759 1176 fecisti,

370 1204 411 1237 et
448 1209 535 1238 non
565 1192 783 1238 vindicavi
810 1191 1084 1250 :suspicatus
1114 1205 1159 1234 es
1197 1191 1511 1250 iniquitatem,
1533 1191 1655 1251 quod
1687 1205 1763 1235 ero

370 1265 434 1307 tui
455 1262 616 1307 similis.
650 1265 706 1306 Et
738 1276 886 1305 revera
926 1262 1009 1305 hoc
1037 1260 1229 1318 cogitant
1259 1259 1406 1315 multi,
1444 1276 1546 1304 cum
1579 1259 1765 1305 fecerint

374 1334 508 1378 multa
537 1334 651 1377 mala
667 1367 678 1388 ,
701 1342 744 1376 et
765 1331 868 1375 mali
882 1330 963 1375 sibi
984 1331 1181 1375 accidere
1200 1330 1313 1374 nihil
1332 1329 1537 1387 viderint,
1559 1347 1649 1377 non
1665 1341 1762 1376 tan-

375 1415 465 1448 tum
493 1404 669 1463 placent
695 1403 755 1447 eis
784 1401 898 1447 facta
928 1417 1005 1445 sua
1039 1401 1174 1456 mala,
1198 1401 1276 1445 sed
1304 1401 1435 1446 etiam
1472 1405 1563 1447 Deo
1592 1401 1765 1461 placere

374 1483 528 1533 putant
553 1493 564 1519 ι
582 1475 629 1518 in
647 1482 820 1518 tantum
837 1471 1033 1531 procedit
1054 1471 1274 1530 impietaS,
1299 1481 1349 1515 ut
1370 1480 1413 1515 et
1435 1475 1575 1516 Deum
1595 1472 1677 1516 sibi
1705 1472 1765 1516 si—

373 1543 522 1587 milem
557 1543 771 1587 existimet
812 1542 971 1600 impius
996 1549 1286 1599 contemptor.
1312 1543 1370 1584 Et
1401 1555 1503 1585 cum
1527 1544 1640 1586 Deus
1661 1557 1764 1587 eum

374 1613 562 1657 adducat
597 1611 820 1657 monendo
835 1645 847 1665 ,
873 1610 1096 1666 docendo,
1116 1611 1357 1666 hortando,
1392 1611 1691 1670 corripiendo,
1709 1611 1766 1658 ad

373 1681 700 1727 similitudinem
728 1695 875 1738 suam3
899 1696 989 1725 non
1026 1681 1167 1725 solum
1205 1696 1296 1726 non
1332 1682 1526 1741 sequitur
1558 1682 1764 1727 similitu-

374 1752 521 1795 dinem
563 1751 664 1805 Dei,
705 1752 781 1794 sed
821 1753 960 1794 Deum
997 1750 1092 1795 vult
1129 1750 1290 1795 ducere
1332 1752 1389 1796 ad
1433 1752 1764 1798 similitudinem

374 1839 511 1867 suam.
544 1825 649 1867 Haec
685 1831 749 1867 est
784 1822 989 1882 iniquitas
1029 1823 1190 1882 major,
1233 1838 1367 1883 quam
1388 1824 1478 1882 ipsa
1516 1833 1714 1882 peccata,
1740 1838 1765 1867 a

375 1895 533 1954 quibus
562 1910 606 1938 se
638 1909 730 1938 non
759 1894 950 1952 corrigit.
973 1894 1222 1952 Suspicatus
1252 1909 1296 1937 es
1319 1895 1619 1954 iniquitatem,
1644 1893 1767 1954 quod

376 1980 448 2009 cro
477 1964 556 2008 tibi
593 1963 777 2008 similis?
809 1966 867 2008 Et
898 1963 1007 2023 quid
1046 1964 1271 2022 sequitur?
1311 1967 1502 2022 Argi—iam
1536 1974 1594 2009 te.
1621 1968 1766 2019 Quare

376 2036 488 2080 hoc?
504 2054 521 2075 «
551 2034 707 2089 Tacui,
728 2033 945 2093 numquid
967 2048 1135 2092 semper
1156 2034 1311 2078 tacebo
1325 2036 1343 2078 Ξ)
1356 2054 1374 2075 »
1394 2037 1565 2094 Itaque,
1584 2034 1761 2090 fratres,

377 2104 587 2163 quoniam
606 2119 748 2149 sermo
775 2104 855 2148 iste
882 2103 958 2163 qui
979 2103 1035 2147 de
1056 2103 1134 2148 Dei
1155 2118 1229 2148 ore
1250 2103 1468 2163 procedit,
1508 2114 1551 2149 et
1581 2120 1652 2149 me
1674 2115 1765 2150 ter-

376 2185 464 2231 ret,
504 2186 547 2220 et
573 2191 671 2234 vos3
690 2178 870 2234 (omnes
904 2175 1020 2218 enim
1049 2189 1184 2218 unam
1223 2189 1343 2234 spem
1364 2175 1525 2220 bonam
1553 2177 1765 2220 habemus

375 2247 420 2289 in
438 2247 534 2303 illo,
560 2256 604 2292 et
620 2262 770 2292 omnes
792 2247 951 2306 pariter
973 2245 1125 2290 timere
1142 2245 1352 2291 debemus
1367 2281 1378 2302 ,
1410 2248 1470 2291 'ne
1492 2246 1568 2292 illo
1595 2247 1763 2292 offenso

376 2332 465 2360 non
485 2318 756 2362 inveniamus
772 2316 894 2377 quod
926 2316 1224 2376 sperabamus,
1249 2316 1325 2361 sed
1346 2318 1618 2377 experiamur
1639 2318 1763 2379 quod

376 2389 714 2447 contempsimus
733 2391 772 2447 z)
789 2389 1016 2434 audiamus
1031 2404 1181 2434 omnes
1199 2397 1410 2449 tanquam
1423 2405 1523 2435 oves
1540 2390 1634 2446 Dei,
1653 2390 1763 2434 dum

374 2457 572 2519 loquitur
593 2460 669 2520 qui
689 2469 826 2518 tacet,
865 2459 973 2506 dum
992 2469 1142 2506 monet
1176 2475 1278 2517 nos,
1303 2469 1346 2506 et
1366 2459 1566 2507 nondum
1591 2459 1762 2522 judicat

420 2544 433 2591 ἶ
455 2545 545 2578 Rom.
564 2554 600 2588 u,
619 2554 674 2588 21,
693 2549 758 2583 etc.
784 2561 825 2571 -·
845 2551 859 2572 ²
878 2545 960 2583 Ibid-
979 2545 1013 2590 5,
1030 2545 1066 2582 6.
1087 2561 1129 2572 —
1148 2543 1162 2572 3
1175 2545 1255 2582 psal,
1276 2556 1362 2590 xmx,
1380 2551 1439 2583 21!
