1898 3178
417 276 497 315 342
844 284 875 312 S.
914 285 1141 313 AUGUSTINI
1174 285 1354 314 Emscopr

413 353 510 396 ideo
535 355 686 396 Petrus
715 349 943 408 trepidavit
967 350 1009 392 in
1032 349 1165 405 mari,
1198 365 1397 408 magnam
1417 349 1502 392 vim
1527 350 1793 410 tempestatis

416 425 661 467 exhorrens.
689 422 790 474 Quis
812 421 929 464 enim
952 437 1040 465 non
1067 421 1190 465 timet
1213 420 1329 465 illam
1354 436 1503 465 vocem
1527 440 1536 465 :
1565 440 1584 462 «
1610 421 1695 474 Qui
1716 437 1790 466 vos

414 513 435 536 »
463 494 609 538 felices
628 492 802 547 dicunt,
827 493 873 536 in
895 507 1083 537 errorem
1112 508 1187 538 vos
1216 493 1424 548 mittunt,
1455 501 1498 536 et
1525 492 1790 537 conturbant

413 583 434 605 u
460 564 630 608 semitas
657 562 821 622 pedum
844 572 1086 607 vestrorum
1101 565 1147 607 1?
1168 581 1187 604 »
1209 565 1265 607 Et
1286 563 1386 622 quia
1403 563 1596 607 luctatur
1622 563 1789 607 animus

413 634 617 678 adversus
639 633 1033 692 concupiscentiam
1062 633 1204 677 laudis
1220 634 1445 688 humanae,
1472 633 1638 677 bonum
1662 642 1725 677 est
1744 633 1790 677 in

413 703 485 748 tali
502 703 697 763 periculo
720 704 775 747 ad
797 704 1036 748 orationem
1054 713 1096 748 et
1112 703 1461 763 deprecationem
1479 712 1755 747 convertatur
1776 722 1784 748 :

409 790 465 818 ne
482 773 594 818 forte
612 775 688 834 qui
709 774 839 818 laude
861 774 1093 829 mulcetur,
1117 773 1436 832 vituperatione
1464 774 1699 817 subruatur
1721 783 1788 818 at-

408 861 495 906 que
513 855 747 905 mergatur.
767 849 818 889 In
833 847 951 890 unda
970 845 1181 890 exclamet
1198 845 1390 889 titubans
1405 848 1573 900 Petrus,
1590 853 1633 888 et
1646 845 1784 890 dicat:

409 934 430 957 »
456 916 661 971 Domine,
682 916 798 960 salva
814 931 898 960 me.
924 934 943 957 n
966 915 1152 974 Porrigit
1164 915 1280 959 enim
1296 914 1506 959 Dominus
1520 930 1697 959 manum
1716 934 1725 960 :
1745 923 1788 959 et

406 988 603 1047 quamvis
621 988 836 1046 increpet,
859 987 1005 1031 dicens
1025 1005 1034 1031 ι
1063 1005 1083 1028 «
1108 986 1299 1031 Modicae·
1314 985 1438 1041 fidei,
1463 996 1512 1030 ut
1533 985 1641 1046 quid
1663 986 1787 1030 dubi-

407 1074 427 1099 »
454 1058 582 1101 tasti?
605 1076 625 1098 n
650 1073 786 1117 quare
807 1072 898 1101 non
920 1066 1039 1101 recto
1060 1057 1212 1101 itinere
1230 1055 1357 1100 illum
1383 1056 1556 1101 intuens
1579 1055 1634 1100 ad
1654 1071 1784 1116 quem

404 1127 635 1183 tendebas,
661 1128 835 1172 nonnisi
855 1127 902 1171 in
923 1127 1110 1172 Domino
1128 1127 1334 1186 gloriatus
1354 1129 1426 1171 es?
1447 1129 1609 1171 Tamen
1629 1143 1653 1171 a
1672 1127 1784 1171 fluc-

402 1197 521 1241 tibus
539 1199 677 1258 rapit,
702 1208 744 1243 et
761 1199 1043 1243 confitentem
1062 1198 1359 1242 infirmitatem
1384 1213 1504 1242 suam
1523 1207 1653 1257 atque
1670 1197 1785 1241 illius

403 1268 609 1313 auxilium
636 1269 949 1328 postulantem,
984 1269 1123 1328 perire
1151 1285 1241 1313 non
1267 1269 1383 1313 sinit.
1415 1272 1608 1328 Recepto
1642 1278 1785 1312 autem

403 1339 589 1383 Domino
611 1339 657 1382 in
680 1339 779 1383 navi
813 1339 1067 1383 confirmata
1093 1339 1179 1383 fide
1210 1348 1340 1399 atque
1362 1339 1480 1383 omni
1513 1338 1785 1383 dubitatione

405 1409 596 1465 sublata,
622 1409 866 1470 sedatisque
888 1409 1217 1468 tempestatibus
1231 1409 1358 1452 maris
1374 1445 1384 1464 ,
1403 1417 1452 1452 ut
1468 1410 1556 1468 jam
1581 1408 1634 1452 ad
1656 1417 1783 1452 terrae

404 1479 683 1523 stabilitatem
697 1515 708 1534 ,
733 1480 1096 1539 securitatemque
1110 1480 1325 1535 veniatur,
1345 1478 1528 1524 adorant
1550 1494 1699 1523 omnes
1718 1479 1786 1523 di-

404 1559 550 1594 centes
570 1569 578 1594 :
607 1569 627 1592 «
650 1553 760 1594 Vere
785 1550 919 1594 Filius
936 1551 1014 1595 Dei
1035 1566 1077 1595 es
1100 1560 1163 1595 tu.
1193 1568 1213 1591 n
1241 1552 1334 1595 Hoc
1357 1559 1421 1594 est
1438 1550 1552 1594 enim
1577 1549 1783 1609 gaudium

405 1620 741 1678 sempiternum,
776 1631 864 1679 quo
892 1621 1118 1680 perspicua
1141 1620 1308 1665 Veritas
1332 1629 1373 1664 e't
1391 1620 1584 1664 Verbum
1615 1622 1718 1674 Dei,
1743 1629 1786 1665 et

407 1690 625 1748 Sapientia
645 1705 722 1749 per
738 1705 870 1750 quam
892 1689 1005 1735 facta
1027 1699 1128 1735 sunt
1151 1691 1295 1735 omnia
1311 1727 1322 1746 ,
1343 1700 1387 1736 et
1403 1691 1636 1735 eminentia
1656 1692 1782 1735 mise-

401 1760 601 1805 ricordiae
624 1763 714 1820 ejus
730 1796 741 1816 ,
766 1771 809 1805 et
830 1761 1106 1819 cognoscitur
1126 1770 1169 1806 et
1185 1770 1367 1806 amatur.

449 1869 462 1889 ¹
482 1869 552 1900 lsai.
573 1879 619 1908 ιιι,
643 1877 693 1900 12.
