1898 3178
407 274 545 302 51111Μο
579 272 668 311 Lu,
704 272 758 299 DE
790 271 937 302 vmzms
972 268 1138 302 ΜΑΤΤΗ.
1173 274 1241 300 111.
1437 263 1512 302 141

127 339 337 384 dicamus.
362 339 474 383 Cum
502 345 648 381 autem
670 336 773 381 binc
795 338 1034 397 expedierit
1055 346 1260 383 conatum
1290 347 1486 383 nostrum
1500 375 1514 395 ,

127 410 198 454 cui
223 409 405 453 dicimus
424 427 433 452 ε
461 426 482 450 «
498 407 686 468 Adjutor
706 422 828 452 meus
849 417 962 463 esto,
986 425 1042 453 ne
1063 408 1338 469 derelinquas
1352 424 1422 454 me
1440 412 1471 454 ¹:
1492 428 1512 451 »

126 478 396 538 intelligetur
426 479 552 523 etiam
580 479 763 537 Spiritus
784 488 959 523 sanctus
980 479 1034 522 ab
1053 480 1302 539 operatione
1317 480 1453 524 Patris
1475 489 1518 524 et

127 551 160 592 F
165 548 226 592 1111
239 563 518 609 nequaquam
532 547 767 593 discedere.
786 551 849 593 De
862 551 988 592 Patre
1005 563 1108 608 ergo
1123 558 1166 594 et
1184 550 1294 595 Filio
1311 585 1321 606 ,
1345 549 1512 605 fratres,

125 619 287 664 audite.
312 620 435 666 Facit
451 618 616 679 aliquid
635 622 760 664 Pater
778 619 869 663 sine
887 618 1023 664 Filio?
1039 621 1384 679 RespondemuS,
1401 625 1514 668 Non.

129 694 198 736 An
220 691 455 737 dubitatis?
476 691 593 746 Quid
615 691 731 736 enim
750 690 854 736 facit
886 692 979 736 sine
1001 690 1098 747 illo,
1133 707 1210 751 per
1240 708 1373 752 quem
1405 693 1517 737 facta

126 770 228 806 sunt
245 762 415 807 omnia?
436 762 643 817 «Omnia,
667 762 832 822 inquit,
857 777 934 821 per
954 761 1095 821 ipsum
1116 760 1229 806 facta
1251 772 1353 807 sunt
1374 764 1436 806 ².»
1462 766 1518 807 Et

125 832 276 876 satiate
289 832 513 877 inculcans
527 832 676 888 tardis,
695 832 831 888 duris,
858 832 1067 890 litigiosis,
1091 831 1285 879 addidit:
1315 836 1407 877 «Et
1427 834 1517 877 sine

127 918 148 942 »
175 901 269 961 ipso
285 901 451 946 factum
469 911 532 947 est
550 902 674 946 nihil.
694 920 715 945 »

183 974 236 1016 V.
258 973 371 1026 Quid
386 974 532 1033 igitur,
558 973 743 1019 fratres?
765 974 956 1018 «Omnia
974 988 1051 1033 per
1067 975 1211 1033 ipsum
1227 972 1342 1019 facta
1360 983 1512 1031 sunt3»

123 1041 406 1102 intelligimus
427 1044 582 1104 utique
605 1044 849 1088 universam
882 1053 1124 1089 creaturam
1158 1044 1321 1090 factam
1344 1060 1421 1104 per
1444 1046 1517 1089 Fi=

122 1111 231 1158 lium
244 1149 255 1169 ,
278 1114 431 1159 fecisse
450 1118 622 1160 Patrem
636 1130 713 1174 per
727 1115 920 1159 Verbum
938 1130 1066 1160 suum
1081 1150 1092 1170 ,
1115 1119 1254 1160 Deum
1274 1131 1351 1175 per
1366 1117 1516 1160 Virtu-

125 1192 211 1227 tem
227 1193 270 1228 et
288 1185 551 1243 Sapientiam
570 1199 722 1244 suam,
744 1185 962 1245 numquid
982 1184 1141 1229 dicturi
1166 1201 1337 1231 sumus:
1358 1185 1515 1231 Omnia

123 1253 325 1314 quidem,
350 1255 528 1314 quando
556 1265 700 1300 creata
722 1265 850 1311 sunt,
875 1271 952 1315 per
980 1257 1122 1315 ipsum
1151 1255 1265 1302 facta
1293 1266 1416 1312 sunt,
1441 1256 1514 1301 sed

123 1340 242 1369 nunc
264 1340 354 1370 11011
376 1326 521 1370 01111113
550 1341 626 1385 per
651 1326 794 1385 ipsum
826 1326 931 1371 facit
959 1329 1115 1371 Pater?
1147 1328 1286 1372 Absit.
1323 1328 1516 1372 Recedat

123 1396 218 1441 haec
235 1396 438 1454 cogitatio
456 1412 479 1441 a
503 1396 701 1440 fidelium
723 1397 951 1453 cordibus,
972 1398 1171 1456 abigatur
1190 1415 1214 1442 a
1236 1414 1364 1443 sensu
1385 1398 1516 1443 devo-

126 1476 295 1523 torum,
314 1468 368 1512 ab
389 1466 614 1513 intellectu
631 1469 818 1528 piorum.
842 1469 957 1513 Fieri
973 1484 1063 1514 non
1085 1478 1248 1529 potest,
1283 1479 1334 1514 ut
1357 1485 1433 1529 per
1449 1470 1516 1528 ip-

126 1553 222 1583 sum
243 1538 473 1594 creaverit,
499 1547 543 1582 et
561 1554 651 1583 non
672 1554 750 1598 per
770 1539 912 1597 ipsum
936 1539 1164 1597 gubernet.
1196 1540 1322 1584 Absit
1351 1548 1401 1583 ut
1425 1540 1515 1584 sine

124 1609 219 1668 ipso
239 1618 413 1668 regatur
441 1609 563 1669 quod
584 1617 669 1663 est,
700 1608 878 1667 quando
908 1621 985 1666 per
1014 1608 1159 1667 ipsum
1181 1606 1346 1653 factum
1375 1618 1438 1653 est
1466 1618 1516 1654 111

124 1690 248 1726 05501.
276 1680 361 1726 Sed
381 1690 424 1725 et
437 1681 521 1724 hoc
541 1679 787 1724 testimonio
807 1679 1042 1737 Scripturae
1059 1678 1313 1734 doceamus,
1340 1695 1430 1724 non
1448 1696 1516 1725 so·

124 1753 218 1796 lum
238 1767 315 1812 per
336 1752 477 1812 ipsum
499 1751 614 1795 facta
635 1759 678 1795 et
710 1759 854 1795 creata
877 1750 1048 1806 omnia,
1074 1751 1186 1795 sicut
1207 1766 1257 1795 ex
1278 1751 1515 1810 Evangelio

127 1822 576 1868 commemoravimus.
599 1840 620 1864 «
636 1821 792 1866 Omnia
815 1836 891 1880 per
908 1822 1049 1880 ipsum
1071 1820 1186 1866 facta
1207 1831 1310 1866 sunt
1324 1857 1335 1877 ,
1360 1831 1403 1866 et
1424 1823 1516 1866 sine

130 1913 151 1936 »
175 1895 269 1954 ipso
280 1893 445 1938 factum
459 1902 522 1938 est
532 1891 642 1937 nihil
661 1911 697 1936 2»
715 1893 790 1937 sed
806 1907 882 1951 per
894 1893 1037 1951 ipsum
1050 1893 1180 1936 etiam
1192 1893 1280 1951 regi
1293 1902 1335 1936 et
1345 1892 1517 1952 disponi

128 1982 227 2025 quae
248 1965 361 2010 facta
376 1974 493 2010 sunt.
520 1964 763 2024 Agnoscitis
781 1977 882 2021 ergo
902 1962 1125 2008 Christum
1142 1962 1219 2006 Dei
1241 1962 1459 2006 Virtutem
1473 1973 1517 2007 et

129 2038 208 2082 Dei
232 2037 519 2097 Sapientiam:
546 2035 764 2095 agnoscite
796 2034 964 2079 dictum
986 2042 1029 2077 et
1052 2032 1106 2077 de
1138 2033 1371 2092 Sapientia.
1402 2053 1421 2075 «
1438 2037 1518 2079 Ate

132 2126 153 2149 »
190 2108 318 2166 tingit
339 2124 363 2152 a
378 2108 465 2151 fine
481 2121 619 2167 usque
648 2104 703 2150 ad
726 2106 856 2149 finem
878 2103 1049 2149 fortiter
1063 2139 1073 2159 ,
1099 2113 1142 2147 et
1165 2102 1356 2162 disponit
1373 2105 1519 2149 omnia

133 2196 154 2218 »
189 2178 377 2221 suaviter
395 2180 427 2222 3.
449 2196 469 2219 »
495 2179 593 2223 Non
614 2189 715 2234 ergo
732 2175 984 2219 dubitemus
999 2174 1229 2233 peripsum
1246 2174 1335 2231 regi
1352 2175 1515 2228 omnia,

132 2262 209 2307 per
230 2245 488 2307 quemfacta
504 2257 606 2290 sunt
626 2247 787 2291 omnia.
812 2245 930 2291 Nihil
952 2246 1100 2305 itaque
1120 2248 1246 2289 Pater
1267 2245 1357 2289 sine
1380 2244 1515 2300 Filio,

133 2317 243 2362 nihil
267 2316 401 2361 Filius
422 2317 513 2360 sine
535 2319 662 2360 Patre
681 2315 798 2360 faeit.

195 2390 272 2432 VI.
307 2387 506 2431 Occurrit
527 2386 674 2446 itaque
691 2386 873 2446 quaestio
887 2420 898 2441 ,
919 2401 1050 2444 quam
1080 2385 1124 2429 in
1147 2386 1322 2429 nomine
1346 2386 1520 2430 Domini

137 2467 180 2502 et
212 2458 304 2517 ejus
338 2457 564 2502 voluntate
597 2455 849 2501 solvendam
881 2456 1162 2515 suscepimus.
1202 2455 1245 2500 Si
1278 2455 1388 2500 nihil
1418 2457 1522 2501 facit

139 2531 265 2572 Pater
287 2528 376 2573 51110
400 2526 539 2582 Filio,
575 2535 618 2570 et
644 2526 753 2570 nihil
777 2526 912 2570 Filius
940 2526 1032 2570 sine
1054 2529 1205 2583 Patre,
1228 2541 1374 2576 nonne
1397 2528 1520 2587 quasi

190 2619 198 2636 ¹
223 2611 411 2655 Psal.xxv1,
429 2623 461 2655 9.
482 2628 523 2636 —
544 2618 556 2636 ²
574 2612 665 2645 Joan.
688 2621 712 2653 1,
728 2610 760 2644 3.
781 2627 822 2636 ·-
841 2609 855 2634 3
877 2611 951 2653 Sap.
971 2621 1047 2653 vni,
1063 2622 1092 2644 1.
