1898 3178
372 239 455 278 202
802 245 835 274 s.
871 245 1104 275 Aueusnm
1135 246 1318 276 131³1scor1

370 313 656 373 Evangelium
687 313 928 371 legeretur,
961 312 1111 357 docuit
1136 310 1377 372 Discipulos
1406 326 1505 357 suos
1535 319 1579 356 et
1608 310 1758 356 fideles

371 400 470 431 suos
494 386 608 429 hanc
628 383 895 427 Orationem.
923 383 1053 442 Spem
1081 382 1292 427 habemus
1322 381 1575 428 obtinendae
1618 397 1760 427 causae

370 466 545 512 11031166,
566 453 744 515 quando
758 453 854 499 talis
865 455 1138 515 jurisperitus
1154 455 1279 500 nobis
1294 457 1446 498 Preces
1466 453 1660 499 dictavit.
1680 457 1762 499 As·-

369 543 504 572 sessor
535 527 672 571 Patris
685 560 697 581 ‚
739 526 849 570 sicut
870 525 1055 571 confessi
1076 527 1175 571 estis
1188 561 1199 581 ,
1224 526 1301 585 qui
1322 524 1443 569 sedet
1464 524 1519 569 ad
1540 524 1760 569 dexteram

370 599 520 643 Patris:
529 598 625 657 ‘ipse
633 597 938 642 estadvocatus
949 606 1110 653 noster,
1121 598 1196 657 qui
1205 596 1380 641 futurus
1388 604 1451 640 est
1454 596 1470 655 j
1477 594 1589 639 udex
1596 604 1757 640 noster.

369 669 477 713 Inde
499 668 616 712 enim
640 677 854 713 venturus
875 678 940 713 est
955 668 1150 729 judicare
1172 669 1291 713 vivos
1306 676 1349 712 et
1368 675 1579 712 mortuos.
1601 669 1762 711 Tenete

368 756 472 800 ergo
485 749 530 784 et
548 741 664 785 hanc
677 741 928 786 Orationem
941 776 952 797 ‚
977 756 1110 802 quam
1123 739 1335 784 reddituri
1353 739 1452 783 estis
1469 738 1525 783 ad
1539 747 1638 783 octo
1650 737 1756 783 dies.

369 811 648 872 Quicumque
670 820 818 855 autem
835 820 1029 856 vestrum
1044 825 1134 856 non
1152 811 1266 854 bene
1285 808 1544 868 Symbolum
1559 807 1761 853 reddide-

370 891 474 926 runt
498 917 510 938 ,
534 883 700 927 habent
732 883 921 942 spatium
948 917 959 938 ‚
985 891 1163 926 teneant
1193 900 1202 926 ε
1248 881 1351 941 quia
1383 880 1454 924 die
1483 878 1652 924 sabbati
1683 894 1762 924 au-

371 953 592 998 dientibus
610 954 814 999 omnibus
828 955 904 1015 qui
925 954 1114 998 aderunt
1129 951 1344 998 reddituri
1361 952 1461 996 estis
1476 986 1487 1006 ‚
1507 950 1577 994 die
1594 950 1762 995 sabbati

368 1024 626 1079 novissimo,
657 1040 746 1084 quo
778 1024 848 1068 die
867 1023 1117 1084 baptizandi
1140 1023 1254 1067 estis.
1280 1022 1350 1067 Ad
1371 1031 1471 1068 octo
1494 1029 1641 1066 autem
1669 1021 1762 1065 dies

368 1095 423 1138 ab
438 1094 652 1139 hodierno
673 1094 743 1139 die
758 1095 973 1140 reddituri
991 1094 1089 1139 estis
1100 1095 1214 1139 hanc
1231 1093 1484 1138 Orationem
1496 1126 1508 1149 ,
1532 1107 1665 1152 quam
1676 1092 1761 1136 ho-

370 1164 439 1209 die
457 1165 697 1224 accepistis.

428 1238 487 1280 II.
513 1238 647 1291 Cujus
670 1244 802 1295 caput
823 1244 908 1292 631,
937 1254 957 1278 «
975 1239 1101 1280 Pater
1126 1244 1294 1289 noster,
1312 1235 1387 1293 qui
1409 1249 1451 1278 63
1471 1234 1517 1277 in
1538 1232 1660 1278 coelis
1680 1235 1710 1277 ¹.
1732 1252 1753 1275 »

370 1307 620 1350 Invenimus
650 1309 822 1350 Patrem
849 1305 896 1349 in
917 1305 1055 1361 coelis;
1079 1304 1355 1349 attendamus
1386 1303 1760 1364 quemadmodum

368 1376 564 1421 vivamus
577 1377 623 1420 in
637 1377 770 1421 terris.
790 1376 858 1421 Sic
874 1376 990 1420 enim
1008 1375 1139 1420 debet
1160 1375 1325 1430 vivere,
1345 1375 1422 1435 qui
1442 1375 1611 1419 invenit
1625 1374 1756 1419 talem

369 1450 564 1503 Patrem,
589 1456 638 1492 ut
670 1446 826 1506 dignus
853 1447 907 1491 sit
932 1447 1080 1491 venire
1107 1445 1163 1490 ad
1188 1447 1278 1506 ejus
1300 1444 1616 1490 haereditatem.
1641 1445 1759 1489 Dici-

368 1532 465 1561 mus
487 1526 633 1561 autem
656 1517 946 1562 communiter
967 1536 975 1561 z
1005 1520 1170 1560 «Pater
1188 1525 1349 1562 noster.
1370 1534 1390 1557 »
1409 1518 1583 1569 Quanta
1603 1514 1760 1574 digna-

368 1588 461 1632 tio?
484 1590 577 1632 Hoc
605 1588 710 1632 dicit
733 1588 989 1647 imperator,
1022 1588 1106 1632 hoc
1132 1587 1238 1631 dicit
1263 1586 1517 1645 mendicus3
1541 1587 1625 1632 hoc
1653 1585 1760 1631 dicit

369 1672 536 1712 servus,
572 1658 656 1702 hoc
679 1658 784 1701 dicit
815 1657 1019 1701 dominus
1051 1658 1159 1716 ejus.
1188 1656 1328 1701 Simul
1357 1656 1513 1701 dieunt
1538 1675 1547 1701 :
1585 1675 1607 1698 «
1634 1659 1761 1700 Pater

371 1746 391 1769 υ
427 1737 573 1773 1103161
584 1762 595 1783 ,
615 1729 691 1787 qui
708 1743 750 1771 63
768 1728 813 1771 in
830 1727 968 1772 coelis.
988 1745 1007 1768 »
1027 1726 1286 1786 Intelligunt
1302 1742 1404 1785 ergo
1417 1742 1461 1771 se
1479 1742 1570 1771 6336
1585 1726 1755 1783 fratres,

369 1798 546 1859 quando
573 1814 711 1843 unum
734 1798 900 1842 habent
921 1801 1110 1842 Patrem.
1150 1797 1234 1843 Sed
1266 1813 1356 1842 non
1378 1797 1640 1856 dedignetur
1667 1797 1758 1842 fra-

373 1879 479 1914 trem
502 1870 664 1914 habere
692 1884 864 1914 servum
890 1884 1019 1913 suum
1042 1867 1246 1913 dominus
1272 1869 1387 1928 ejus,
1423 1882 1556 1927 quem
1578 1867 1757 1913 fratrem

368 1939 508 1985 voluit
527 1940 688 1984 habere
707 1940 917 1984 Dominus
934 1939 1144 1984 Christus.

429 2013 509 2054 III.
547 2028 567 2051 «
595 2010 896 2055 Sanctificetur
918 2023 1080 2053 nomen
1102 2017 1245 2063 tuum,
1273 2026 1294 2050 »
1320 2009 1503 2053 dicimus
1530 2028 1539 2055 ;
1561 2010 1756 2054 «Veniat

373 2099 394 2122 »
428 2096 613 2141 regnum
626 2084 794 2125 tuum2.
815 2099 835 2122 »
857 2080 1149 2125 Sanctificatio
1161 2079 1348 2124 nominis
1366 2080 1443 2124 Dei
1460 2088 1523 2124 est
1537 2095 1655 2140 ,·qua
1666 2081 1755 2124 essi-

371 2152 510 2196 cimur
531 2167 609 2196 nos
641 2152 792 2196 sancti.
818 2153 928 2196 Nam
961 2165 1122 2195 nomen
1150 2151 1240 2210 ejus
1260 2165 1430 2210 semper
1451 2159 1515 2195 est
1535 2160 1750 2196 sanctum.

372 2223 582 2281 Optamus
604 2223 732 2266 etiam
755 2221 902 2266 venire
922 2235 1107 2280 regnum
1138 2221 1254 2280 ejus:
1285 2221 1452 2276 veniet,
1480 2231 1524 2266 et
1557 2222 1592 2266 si
1623 2221 1755 2266 nolu-

372 2306 490 2348 mus3
521 2293 596 2336 sed
628 2301 778 2352 optare
810 2301 854 2336 et
884 2306 1029 2346 orare,
1063 2300 1114 2335 ut
1145 2291 1292 2335 veniat
1328 2306 1510 2349 regnum
1539 2292 1655 2351 ejus,
1685 2293 1755 2336 ni-

372 2361 435 2405 hil
467 2372 530 2406 est
558 2362 676 2407 aliud
692 2398 703 2419 ‚
735 2377 867 2423 quam
890 2371 1041 2421 optare
1068 2362 1123 2405 ab
1159 2361 1234 2406 illo
1249 2398 1260 2417 ‚
1280 2371 1330 2406 ut
1351 2361 1509 2421 dignos
1525 2377 1603 2407 nos
1626 2361 1756 2407 faciat

374 2447 508 2490 regno
524 2448 624 2487 suo,
648 2449 703 2478 116
725 2433 859 2489 forte,
880 2432 1000 2493 quod
1017 2432 1149 2488 absit,
1169 2433 1314 2478 veniat
1327 2468 1338 2489 ‚
1365 2443 1407 2478 et
1420 2449 1510 2478 non
1528 2433 1653 2478 nobis
1677 2449 1754 2478 ve-

374 2501 478 2545 niat.
517 2502 665 2547 Multis
697 2504 813 2547 enim
845 2519 935 2548 non
957 2512 1021 2548 631
1048 2512 1305 2559 venturum,
1336 2502 1456 2563 quod
1478 2513 1623 2548 tamen
1645 2518 1752 2549 ven-

424 2588 431 2604 ¹
459 2587 576 2617 Manli.
599 2597 641 2628 vr,
657 2598 688 2627 0.
712 2604 753 2610 -
770 2588 933 2628 ²1bitl.9‚
962 2587 1012 2619 lo.
