1898 3178
397 197 482 237 314
829 211 861 237 s.
897 205 1129 238 Auous‘ruw
1160 209 1344 239 Emscom

400 294 419 316 »
454 290 544 319 non
577 289 715 319 escam
742 274 972 320 :nondum
1002 275 1118 319 enim
1143 276 1372 335 poteratis3
1410 275 1485 320 sed
1518 291 1598 320 nec
1630 275 1774 321 adhuc

399 364 418 386 »
454 343 631 405 quidem
643 345 859 404 potestis¹.
874 363 890 386 »
913 344 993 389 Ubi
1005 343 1178 401 dicitur,
1190 346 1406 402 nondum,
1423 345 1492 391 vel
1507 362 1597 390 non
1611 347 1770 402 adhuc,

396 417 594 476 profecto
617 431 706 459 non
722 416 999 475 desperatum
1025 416 1059 459 si
1080 431 1131 460 eo
1152 417 1365 470 tenditur,
1391 426 1440 460 ut
1464 417 1518 460 sit
1539 416 1774 477 aliquando

394 487 514 547 quod
535 486 732 530 nondum
753 495 831 530 est.
857 485 1014 531 Adhuc
1031 488 1147 531 enim
1164 488 1278 542 estis,
1299 488 1440 548 inquit
1455 523 1465 543 ,
1490 487 1697 532 carnales,
1718 491 1775 532 Et

393 556 624 602 ostendens
645 556 763 601 unde
785 558 870 602 sint
886 557 1076 602 carnales
1095 577 1102 603 :
1122 574 1221 602 cum
1241 559 1356 602 enim
1377 559 1453 613 sit,
1473 559 1617 619 inquit
1631 593 1643 614 ,
1663 559 1776 603 inter

393 644 467 673 vos
489 627 709 673 aemulatio
725 663 735 683 ‚
761 637 804 673 et
825 629 1047 674 contentio
1062 664 1072 683 ,
1097 644 1245 674 nonne
1271 628 1465 674 carnales
1494 630 1616 684 estis,
1642 638 1687 674 et
1705 645 1775 674 se·-

393 699 588 744 cundum
610 700 831 744 hominem
854 700 1113 745 ambulatis?
1135 703 1280 761 Atque
1290 700 1479 760 idipsum
1492 700 1665 760 planius
1680 715 1777 760 ape·

393 772 505 815 riens
532 789 541 816 2
567 773 710 816 «Cum
731 772 847 816 enim
870 772 966 832 quis
989 771 1106 817 dicat
1127 791 1135 816 :
1160 774 1253 829 Ego
1275 771 1476 832 quidem,
1501 772 1661 832 inquit,
1679 787 1776 816 sum

395 860 415 883 >›
451 842 598 888 Pauli:
615 842 722 887 alius
746 852 890 888 autem
918 862 926 888 ε
953 847 1045 901 Ego
1068 843 1248 902 Apollo3
1274 858 1420 888 nonne
1438 843 1634 887 homines
1651 843 1776 888 estis?

394 931 414 954 »
451 913 566 966 Quid
595 929 698 973 ergo
729 914 912 974 Apollo?
947 914 1054 973 quid
1084 923 1231 958 autem
1265 911 1451 958 Paulus?
1485 914 1672 959 Ministri
1700 929 1777 974 per

394 1003 414 1025 »
450 1000 558 1044 quos
578 984 868 1030 credidistis.»
910 986 966 1030 Hi
988 1000 1112 1044 ergo,
1138 984 1183 1029 id
1203 994 1289 1040 est,
1329 984 1488 1029 Paulus
1510 994 1554 1029 et
1583 984 1741 1044 Apollo
1761 1019 1773 1040 ‚

391 1055 628 1099 concordes
650 1066 773 1099 erant
803 1056 849 1099 in
882 1057 1051 1099 unitate
1090 1056 1274 1115 Spiritus
1295 1065 1339 1099 et
1362 1054 1539 1099 vinculo
1562 1055 1677 1114 pacis
1702 1074 1710 1100 :
1734 1065 1778 1099 et

392 1135 537 1170 tamen
556 1127 657 1186 quia
675 1142 747 1170 eos
768 1127 838 1170 isti
859 1127 972 1170 inter
993 1142 1036 1170 se
1059 1126 1253 1171 dividere
1270 1161 1280 1178 ,
1306 1135 1350 1170 et
1370 1141 1450 1186 pro
1481 1126 1617 1170 altero
1634 1126 1775 1170 inflari

389 1198 593 1241 adversus
615 1196 797 1240 alterum
819 1205 1064 1256 coeperant,
1089 1196 1296 1241 dicuntur
1312 1198 1508 1241 homines
1524 1206 1566 1241 et
1580 1196 1773 1241 carnales

390 1275 432 1310 et
455 1266 675 1322 animales,
693 1282 782 1310 non
794 1266 986 1310 valentes
1001 1267 1222 1326 percipere
1236 1282 1336 1326 quae
1358 1275 1460 1310 sunt
1483 1267 1665 1326 Spiritus
1679 1267 1770 1311 Dei:

389 1346 431 1381 et
455 1346 600 1381 tamen
619 1338 720 1397 quia
743 1352 832 1381 non
854 1346 955 1381 sunt
977 1337 1030 1380 ab
1054 1336 1244 1381 Ecclesia
1263 1337 1489 1395 segregati,
1514 1336 1775 1397 parvuliap-

388 1406 605 1467 pellantur
627 1408 670 1451 in
684 1407 857 1452 Christo
872 1428 883 1465 3
898 1422 1008 1467 quos
1031 1408 1184 1467 utique
1200 1407 1270 1451 vel
1288 1407 1463 1466 angelos
1484 1406 1554 1451 vel
1570 1406 1674 1452 deos
1687 1422 1778 1451 esse

388 1478 614 1537 cupiebat,
651 1493 760 1538 quos
783 1477 995 1536 arguebat
1028 1479 1132 1538 quia
1154 1478 1352 1522 homines
1375 1487 1524 1532 erant,
1549 1477 1593 1522 id
1616 1487 1706 1532 est,
1730 1478 1778 1522 in

387 1550 453 1593 his
475 1549 830 1593 contentionibus
847 1564 935 1592 non
958 1564 1057 1609 quae
1081 1549 1156 1592 Dei
1178 1557 1303 1603 sunt,
1330 1548 1404 1591 sed
1425 1563 1526 1608 quae
1547 1548 1776 1592 hominum

388 1620 627 1679 sapiebant.
654 1622 716 1664 De
737 1618 820 1663 illis
841 1633 945 1663 vero
960 1619 1036 1678 qui
1054 1627 1156 1662 sunt
1169 1618 1225 1662 ab
1242 1618 1431 1662 Ecclesia
1446 1619 1670 1677 segregati,
1686 1633 1776 1663 non

383 1689 551 1734 dictum
573 1699 636 1734 est
668 1710 676 1734 ;
716 1692 778 1734 Ea
800 1705 900 1750 quse
925 1699 1036 1739 ¹sunt
1059 1689 1242 1749 Spiritus
1266 1705 1356 1735 non
1373 1690 1693 1749 percipiente83
1718 1705 1775 1734 ne

389 1761 443 1805 ad
477 1761 667 1804 scientiae
700 1762 1025 1820 perceptionem
1049 1760 1284 1805 referretur
1317 1780 1326 1805 ε
1363 1759 1440 1804 sed
1477 1759 1644 1804 dictum
1682 1769 1771 1805 est:

392 1851 410 1872 «
440 1830 646 1890 Spiritum
666 1846 756 1875 non
773 1830 997 1874 habentes.
1023 1849 1043 1871 »
1064 1832 1161 1875 Non
1177 1840 1242 1874 est
1254 1840 1400 1874 autem
1415 1845 1701 1890 consequens,
1727 1838 1776 1874 ut

387 1902 463 1961 qui
480 1901 613 1945 habet
627 1936 638 1956 ‚
663 1901 793 1944 etiam
817 1899 992 1945 sciendo
1013 1900 1225 1959 percipiat
1245 1900 1366 1960 quod
1387 1899 1534 1944 habet.

445 1973 608 2015 XXXI.
645 1970 818 2014 Habent
839 1984 940 2028 ergo
963 1970 1093 2014 istum
1114 1971 1322 2029 Spiritum
1356 1971 1402 2014 in
1431 1969 1623 2014 Ecclesia
1645 1985 1774 2015 cons-

388 2044 506 2088 tituti
527 2042 698 2102 parvuli
721 2043 766 2086 in
785 2042 960 2087 Christo
975 2077 985 2093 ‚
1011 2041 1155 2086 adhuc
1177 2041 1384 2085 animales
1400 2051 1532 2102 atque
1554 2041 1770 2097 carnales,

387 2113 495 2174 quid
516 2114 707 2158 habeant
733 2113 955 2172 percipere
986 2128 1075 2157 non
1096 2112 1289 2157 valentes
1304 2147 1315 2167 ‚
1341 2112 1388 2156 id
1409 2121 1496 2168 est,
1531 2112 1774 2172 intelligere

389 2194 431 2228 et
455 2200 593 2229 nosse.
616 2187 724 2230 Nam
748 2182 971 2243 quomodo
994 2192 1137 2227 essent
1157 2182 1326 2242 parvuli
1339 2183 1385 2226 in
1400 2183 1595 2238 Christo,
1611 2183 1693 2227 nisi
1707 2198 1774 2227 re·-

389 2256 479 2299 uati
501 2271 552 2299 ex
575 2255 740 2314 Spiritu
761 2256 936 2299 sancto?
969 2256 1058 2300 Nec
1092 2254 1253 2297 mirum
1283 2254 1420 2298 videri
1457 2254 1615 2306 debet,
1653 2255 1774 2314 quod

389 2326 573 2385 quisque
594 2324 757 2385 aliquid
782 2325 941 2378 habet,
979 2332 1022 2367 et
1044 2323 1162 2384 quod
1193 2324 1325 2368 habet
1346 2325 1533 2383 ignorat.
1577 2326 1632 2368 Ut
1657 2326 1772 2369 euim

393 2406 552 2441 taceam
575 2397 630 2442 de
651 2397 972 2457 Omnipotentis
994 2396 1227 2441 Divinitate
1249 2405 1380 2456 atque
1403 2394 1772 2440 incommutabilis

392 2467 610 2512 Trinitatis
646 2468 835 2527 unitate3
872 2468 970 2528 quis
990 2466 1116 2512 facile
1137 2467 1315 2512 scicntia
1343 2467 1553 2527 percipiat
1574 2467 1678 2527 quid
1714 2467 1769 2511 sit

439 2560 449 2574 ¹
465 2552 571 2585 Florus
588 2554 627 2585 ad
643 2564 654 2586 ι
683 2556 819 2595 Cor-111,
838 2563 869 2586 2.

1839 2270 1846 2423 ἔ

1838 2432 1843 2559 l
1896 2444 1898 2523 ;

1834 2587 1840 2763 l

1833 2935 1836 3023 J

1830 3054 1838 3178 l.
