1898 3178
327 217 466 245 sano
498 216 650 252 van,
683 214 738 241 ms
769 212 921 244 ovnms
950 215 994 242 m
1027 214 1175 241 EzEcn.
1381 202 1435 241 67

65 301 86 325 »
122 296 290 327 eorum.
314 284 408 340 Ego
424 280 635 325 Dominus
648 279 821 324 locutus
838 294 933 324 sum
948 280 965 306 ²
988 277 1043 325 τ’»
1066 293 1159 325 non
1177 277 1325 323 nescio
1342 277 1441 338 quis

62 353 318 398 haereticus:
345 370 366 394 «
387 353 482 410 Ego
502 350 712 396 Dominus
733 349 908 395 locutus
927 365 1040 395 sum.
1061 367 1086 392 n

136 425 280 468 XXII.
313 440 335 464 «
367 424 426 466 Et
449 420 677 481 disponam
705 419 762 465 ad
794 436 866 467 eos
890 430 1200 467 testamentum
1220 419 1394 481 pacis22
1417 436 1441 461 π

62 509 141 553 per
166 494 310 552 ipsum
340 492 496 552 utique
525 493 602 552 qui
634 492 694 536 ait
727 510 738 536 ι
775 510 796 533 «
832 494 986 536 Pacem
1024 506 1166 537 meam
1201 490 1260 536 do
1289 489 1414 536 vobis
1428 525 1444 546 ,

65 581 92 604 »
120 578 274 622 pacem
299 577 442 606 meam
473 562 675 622 relinquo
707 562 830 607 vobis
852 562 885 606 ³.
929 579 951 603 »
983 563 1077 607 Hoc
1110 571 1175 607 est
1205 570 1445 608 testamen-

62 642 160 678 tum
189 633 326 677 Patris
356 633 490 677 nostri
506 666 518 688 ,
548 641 856 677 testamentum
889 632 1020 692 pacis,
1055 632 1273 685 Quaelibet
1303 634 1446 678 haere-

63 701 175 747 ditas
215 702 434 747 dividatur
461 703 574 746 inter
615 711 858 758 consortes,
895 702 1011 762 pacis
1043 703 1275 748 haereditas
1311 702 1449 750 dividi

63 787 155 817 non
181 774 346 831 {potest
379 775 466 816 Pax
497 782 644 817 nostra
676 772 873 818 Christus
901 781 980 817 est.
1007 775 1095 817 Pax
1124 771 1229 818 facit
1258 782 1447 833 utraque

62 857 202 887 unum
216 877 229 899 ,
248 858 339 887 non
353 842 443 887 duo
460 842 515 886 de
537 859 640 888 uno.
663 846 762 902 Ipse
777 844 894 887 enim
910 858 994 903 pax
1017 852 1186 900 nostra,
1212 843 1319 889 dixit
1331 879 1343 901 ‚
1368 844 1447 903 qui

61 912 166 957 fecit
201 922 388 973 utraque
414 914 594 957 unum4.
632 916 957 958 Testamentum
990 914 1066 958 Dei
1099 924 1190 970 est,
1213 913 1446 960 haereditas

60 997 143 1041 pax
163 991 242 1027 est.
262 986 300 1027 A
320 982 612 1028 concordibus
628 984 904 1028 consortibus
926 984 1215 1044 possideatur,
1238 1000 1330 1030 non
1353 1000 1379 1029 a
1399 983 1451 1028 li-

62 1052 302 1112 tigantibus
320 1053 554 1098 dividatur.
585 1072 606 1095 «
626 1057 683 1099 Et
707 1054 936 1114 disponam
966 1054 1022 1100 ad
1044 1070 1117 1101 eos
1139 1064 1453 1101 testamentum

72 1141 94 1165 >1
126 1122 256 1181 pacis.
290 1141 311 1163 »
336 1122 546 1181 Vigilate,
573 1123 767 1167 haeretici
796 1124 944 1169 audite
971 1140 996 1168 a
1023 1134 1196 1183 pastore
1215 1133 1452 1169 testamen-

61 1201 158 1237 tum
181 1193 298 1251 pacis
314 1227 326 1247 ,
352 1193 498 1237 venite
519 1192 575 1236 ad
606 1208 773 1252 pacem.
813 1194 1051 1238 Irascimini
1078 1194 1333 1240 Christianis
1363 1195 1452 1239 im-

61 1263 333 1322 peratoribus
351 1297 362 1317 ,
400 1262 503 1322 quia
544 1271 803 1307 testamenta
846 1272 988 1308 vestra
1027 1264 1173 1308 valere
1210 1264 1452 1311 noluerunt

64 1333 111 1377 in
131 1332 335 1377 domibus
354 1332 506 1377 vestris
529 1353 538 1378 z
562 1333 706 1378 videte
722 1348 856 1394 quam
873 1333 1005 1392 digna
1019 1334 1074 1378 sit
1095 1349 1243 1394 poena.
1264 1337 1322 1380 Et
1342 1335 1453 1396 quid

65 1412 130 1448 est
148 1403 269 1464 quod
283 1412 590 1448 testamentum
606 1412 798 1448 vestrum
822 1419 912 1449 non
925 1403 1042 1449 valet
1057 1404 1104 1448 in
1125 1404 1260 1451 domo
1277 1406 1454 1451 vestra?

67 1473 178 1526 Quid
202 1475 296 1517 est‘?
318 1482 534 1533 quantum
556 1475 651 1517 est?
679 1473 814 1518 Dolor
834 1473 915 1518 iste
949 1474 1190 1520 admonitio
1218 1485 1283 1521 est
1298 1510 1311 1532 ,
1334 1491 1452 1522 non-

0 1559 11 1577 ι·
61 1541 169 1587 dum
191 1542 427 1587 damnatio.
449 1541 601 1587 Voluit
623 1543 739 1587 enim
760 1546 876 1588 Deus
894 1545 1085 1603 compati
1099 1553 1361 1593 testamento
1374 1562 1454 1607 pa-

1 1620 13 1648 0
65 1613 126 1657 cis
146 1629 251 1657 suae.
284 1612 502 1659 Condoles
524 1621 783 1658 testamento
802 1622 881 1658 tuo
897 1647 910 1668 ,
940 1614 974 1658 si
995 1629 1087 1658 non
1108 1623 1192 1660 stet
1214 1625 1454 1663 testamen-

0 1690 16 1718 '0
67 1692 160 1728 tum
192 1693 320 1728 tuum
355 1683 401 1726 in
433 1684 565 1727 domo
586 1684 711 1729 tua⁵.
746 1685 875 1729 Certe
906 1684 1143 1729 moriturus
1171 1700 1243 1742 es,
1273 1696 1317 1733 et
1343 1688 1455 1749 quid

0 1748 19 1789 1⁰
68 1764 220 1814 agatur
240 1754 287 1797 in
301 1753 375 1797 illa
403 1753 536 1798 domo
567 1762 717 1812 postea
737 1754 994 1799 nesciturus.
1025 1773 1047 1797 «
1065 1758 1117 1800 In
1138 1755 1213 1802 illa
1234 1758 1351 1802 enim
1382 1758 1456 1805 die

0 1830 21 1859 1⁰
70 1842 92 1867 »
125 1825 310 1884 perient,
334 1823 493 1884 inquit,
518 1839 668 1868 omnes
688 1824 974 1883 cogitationes
994 1825 1139 1884 ejusss:
1164 1835 1209 1871 et
1228 1843 1319 1873 non
1347 1844 1455 1889 cog-

0 1889 23 1931 [10
72 1912 94 1937 »
127 1903 277 1939 noscet
295 1893 480 1953 amplius
501 1892 646 1937 locum
663 1908 791 1937 suum
808 1894 841 1937 ⁷.
862 1911 884 1935 »
904 1896 1003 1940 Non
1019 1909 1123 1953 ergo
1142 1896 1330 1943 sciturus
1344 1899 1456 1960 quid

0 1971 26 2001 ³1¹⁵
68 1975 217 2026 postea
239 1974 392 2023 agatur
425 1964 471 2008 in
493 1965 625 2008 domo
646 1974 745 2020 tua,
776 1979 877 2009 cum
912 1974 1111 2011 mortuus
1140 1965 1302 2027 fueris,
1332 1970 1456 2016 doles

0 2040 28 2073 '201
69 2044 217 2081 tamen
238 2051 328 2080 non
344 2044 455 2079 stare
476 2043 787 2079 testamentum
816 2044 944 2080 tuum
968 2035 1014 2080 in
1036 2035 1169 2082 domo
1196 2046 1287 2085 tua.
1312 2041 1458 2088 Chris·

0 2115 30 2144 m·
71 2113 143 2150 tus
162 2114 365 2149 mortuus
386 2104 637 2158 resurrexit,
668 2103 724 2148 de
746 2103 862 2149 coelo
897 2109 1109 2165 respexit,
1134 2116 1185 2153 ut
1213 2118 1297 2154 stet
1325 2119 1454 2157 testa-

0 2179 33 2217 „ate
72 2184 271 2220 mentum
301 2175 448 2234 ipsius.
473 2174 640 2232 Evigiia
660 2189 712 2219 ex
731 2174 883 2220 dolore
904 2185 1008 2232 tuo,
1033 2179 1246 2237 corrigere
1273 2196 1327 2225 ex
1348 2197 1454 2227 cru-

7 2246 36 2284 ὥῑ
68 2245 186 2290 ciatu
200 2253 294 2289 tuo.
324 2244 466 2302 Ligno
497 2243 609 2288 male
640 2258 776 2289 curvo
803 2245 918 2290 nosti
944 2245 1134 2292 calorem
1161 2249 1299 2295 solere
1323 2251 1455 2297 adhi-

0 2323 39 2356 teffl
70 2315 164 2359 beri
188 2334 198 2360 ε
222 2314 411 2372 corrigat
430 2322 475 2358 te
508 2313 632 2359 dolor
666 2315 746 2359 iste
764 2349 777 2370 ,
807 2315 1007 2361 nondum
1044 2327 1110 2362 est
1141 2319 1316 2366 flamma
1341 2322 1458 2382 ignis

127 2435 136 2452 ¹
153 2429 270 2462 Ezech.
288 2438 402 2470 xxnv,
421 2427 476 2470 24.
494 2444 536 2451 -
555 2435 568 2450 ²
588 2428 669 2461 Ibid.
688 2429 743 2461 25.
765 2445 805 2452 —-
818 2428 833 2453 3
854 2432 946 2463 Joan.
966 2441 1031 2471 xiv,
1047 2440 1101 2473 27.
1122 2448 1163 2455 —
1180 2432 1197 2462 4
1213 2435 1329 2477 Ephes,
1345 2437 1381 2478 η’,
1400 2437 1453 2478 14,

73 2498 116 2511 -
130 2483 147 2508 ⁵
165 2485 246 2519 Vide
263 2483 436 2527 Epistulam
453 2494 524 2517 xcm
540 2483 580 2517 ad
597 2483 812 2527 Vincentium,
835 2496 867 2518 n.
898 2497 950 2528 19.
962 2502 1005 2510 —
1022 2485 1037 2508 6
1051 2486 1130 2520 Psal.
1150 2498 1245 2531 cuv,
1262 2490 1295 2532 4.
1318 2507 1358 2517 -
1377 2499 1391 2525 7
1405 2493 1452 2526 Id.

78 2550 129 2581 cn,
151 2540 203 2573 16.

1211 2598 1250 2638 5.
