1898 3178
364 211 501 238 SER-MO
533 211 653 237 XLVII
671 227 682 247 2
717 211 770 237 DE
803 210 952 239 OVIBUS
985 214 1027 240 IN
1062 212 1210 240 EzEcfl.
1420 201 1472 239 45

97 275 143 318 in
161 283 224 319 tot
248 275 486 334 praeceptis,
505 274 552 317 in
574 282 640 318 tot
660 275 960 331 sacramentis,
982 276 1028 319 in
1043 284 1110 320 tot
1125 275 1290 335 paginis
1305 310 1316 331 ,
1342 276 1388 319 in
1412 285 1474 320 tot

94 344 214 389 libris
240 343 399 388 :audio
422 344 614 404 denique
648 344 694 388 in
716 344 797 389 hoc
828 345 922 404 ips'o
953 345 1074 405 quod
1102 345 1235 402 dicis,
1267 365 1283 386 «
1311 347 1471 400 Tacui,

100 432 120 455 »
145 413 360 473 numquid
373 429 542 473 semper
558 414 734 460 tacebo?
752 433 771 456 »
792 415 1023 467 Quomodo
1045 432 1146 475 ergo
1160 417 1349 462 tacuisti?
1367 417 1474 469 Quia

22 509 26 539 3
94 482 292 528 nondum
318 483 415 528 dico
438 501 449 528 :
476 502 496 525 «
527 483 699 539 Venite,
725 483 946 529 benedicti
964 486 1099 530 Patris
1129 486 1241 542 mei,
1268 486 1475 546 percipite

22 543 25 561 ²
98 570 119 594 »
153 555 374 612 regnum1.
403 571 423 594 »
448 555 505 598 Et
526 554 725 599 nondum
755 554 853 600 dico
872 554 964 600 aliis
990 574 998 600 :
1030 575 1051 598 «
1084 559 1170 612 Ite,
1190 556 1408 601 maledicti
1429 557 1475 600 in

97 640 117 663 »
151 623 296 681 ignem
317 632 552 679 aeternum,
577 624 653 684 qui
675 633 940 684 praeparatus
962 634 1026 669 est
1046 625 1221 671 diabolo
1244 636 1287 671 et
1315 626 1476 684 angelis

95 709 116 732 »
152 693 244 752 ejus
258 694 274 717 ²
294 712 303 738 ε
333 711 353 734 »
379 702 422 737 et
438 694 531 738 haec
553 695 644 753 ipsa
664 695 723 739 ita
745 694 944 740 nondum
967 694 1066 740 dico
1081 730 1092 751 ,
1132 705 1182 740 ut
1197 697 1286 755 jam
1315 696 1475 755 praedi-

93 776 201 806 cam.
233 761 438 807 Ultimam
462 764 722 808 sententiam
738 799 750 820 ,
771 780 904 825 quam
928 765 1124 810 dicturus
1142 775 1206 810 est
1227 766 1360 826 judex
1378 801 1388 821 ,
1428 767 1475 809 in

94 830 251 876 tabella
270 833 509 892 scripturus
530 849 665 878 manu
687 850 780 891 sua,
800 834 915 878 ultra
937 851 1070 895 quam
1087 837 1346 880 sententiam
1365 836 1475 880 nihil

88 902 179 962 jam
197 903 472 963 judicaturus
489 912 568 960 est,
582 914 724 965 partes
741 921 831 950 non
852 905 1038 950 audiunt
1061 925 1070 952 ι
1088 906 1171 951 illis
1188 906 1300 952 foras
1318 922 1474 951 exeun-

92 973 208 1035 tibus
223 974 439 1019 scribitur.
450 976 661 1020 Attonitae
673 984 774 1020 sunt
787 976 927 1020 ambae
938 986 1080 1036 partes
1091 986 1222 1038 atque
1236 992 1471 1037 suspensae,

19 1053 23 1095 ξ
91 1053 242 1088 contra
263 1061 396 1105 quam
422 1045 493 1091 vel
513 1062 592 1105 pro
615 1063 702 1106 qua
723 1048 936 1092 sententia
957 1047 1070 1092 illius
1094 1048 1316 1107 procedat.
1347 1051 1474 1107 Mag-

20 1174 21 1178 ,
90 1130 200 1159 num
216 1126 430 1160 secretum
443 1117 615 1177 judicis,
633 1117 752 1162 unde
769 1120 1047 1162 secretarium
1065 1120 1330 1162 nominatur.
1348 1122 1472 1176 Mag-

19 1183 22 1224 ἶ
90 1201 171 1230 nus
195 1186 323 1230 timor
346 1202 497 1230 eorum
520 1188 595 1244 qui
612 1187 658 1230 in
686 1202 814 1231 causa
835 1197 962 1244 sunt,
987 1188 1094 1247 quid
1116 1188 1187 1232 ille
1221 1189 1405 1247 cogitet,
1432 1198 1476 1233 et

18 1295 21 1303 ,
89 1254 195 1314 quid
215 1255 376 1300 scribat
392 1256 618 1314 ignoratur
640 1275 648 1300 :
675 1265 718 1299 et
739 1257 870 1300 homo
893 1265 980 1311 est,
1006 1266 1049 1299 et
1063 1254 1126 1299 illi
1149 1257 1203 1300 de
1222 1257 1381 1317 quibus
1402 1257 1473 1301 ille

17 1323 21 1367 Ξ
84 1325 274 1386 judicat,
300 1327 453 1387 utique
470 1327 668 1370 homines
690 1336 806 1371 sunt.
829 1327 908 1371 Ille
925 1336 1071 1371 autem
1093 1330 1207 1371 Deus
1228 1338 1374 1373 noster
1391 1339 1470 1384 est,

19 1399 21 1401 ’
88 1406 131 1442 et
153 1414 230 1442 nos
251 1398 438 1458 populus
462 1414 633 1458 pascuae
656 1400 748 1458 ejus
770 1407 814 1442 et
830 1413 930 1443 oves
945 1414 1154 1443 manuum
1170 1400 1276 1459 ejus.
1295 1403 1352 1444 Et
1372 1415 1474 1444 cum

19 1464 21 1466 ’
88 1469 143 1513 sit
162 1468 234 1512 ille
251 1471 451 1523 Creator,
469 1484 548 1513 nos
569 1478 790 1527 creatura3
814 1468 887 1512 ille
906 1470 1160 1514 immortalis
1178 1505 1189 1525 ,
1215 1486 1292 1515 nos
1315 1480 1473 1515 morta-

88 1538 178 1597 les,
208 1538 280 1583 ille
312 1539 561 1594 invisibilis,
594 1555 672 1584 nos
704 1539 916 1598 visibiles3
941 1539 1081 1585 noluit
1110 1556 1188 1585 nos
1210 1541 1256 1584 in
1282 1542 1361 1586 hac
1385 1542 1472 1586 vita

88 1610 237 1666 latere,
253 1625 385 1671 quam
400 1610 597 1655 ultimam
615 1612 873 1655 sententiam
887 1612 932 1655 in
946 1612 1032 1655 fine
1045 1611 1242 1656 dicturus
1254 1613 1322 1657 sit.
1335 1616 1472 1659 Nemo

89 1690 189 1725 ante
210 1681 341 1733 dicit,
359 1685 549 1736 Damno,
574 1681 650 1741 qui
672 1681 767 1725 vult
788 1680 994 1725 damnare
1021 1700 1030 1725 ε
1057 1696 1186 1726 nemo
1215 1691 1315 1726 ante
1337 1682 1469 1738 dicit,

91 1754 123 1796 F
129 1752 240 1807 erio,
263 1751 340 1812 qui
355 1750 451 1796 vult
472 1749 616 1795 ferire.

148 1824 201 1865 V.
235 1824 392 1880 Magna
422 1837 525 1880 ergo
556 1821 732 1876 lenitas,
779 1836 937 1880 magna
970 1821 1282 1878 misericordia,
1317 1837 1472 1881 magna

89 1891 377 1937 mansuetudo
404 1911 412 1936 :
437 1891 513 1936 sed
540 1892 574 1936 si
593 1907 683 1936 non
702 1892 932 1936 abutamur
953 1893 1160 1951 patientia
1177 1894 1270 1953 ejus
1294 1893 1348 1938 ad
1370 1910 1471 1939 nos-

89 1971 200 2007 tram
218 1962 482 2022 nequitiam3
507 1971 549 2006 et
568 1961 644 2006 illo
661 1971 806 2006 nostra
820 1971 1021 2021 portante
1038 1971 1236 2022 peccata,
1256 1978 1333 2007 nos
1349 1964 1472 2023 quasi

90 2032 145 2076 ad
175 2030 426 2076 faciendum
449 2031 487 2075 ei
510 2047 619 2076 onus
641 2047 877 2089 augeamus
905 2042 1080 2091 peccata
1110 2034 1321 2092 peccatis3
1351 2034 1482 2094 quasi,

90 2111 141 2146 ut
159 2101 232 2146 ille
252 2101 350 2161 plus
371 2111 538 2162 portet,
558 2102 634 2161 qui
655 2117 745 2145 non
761 2101 931 2146 laborat
967 2119 1065 2147 cum
1092 2113 1235 2162 portat
1262 2123 1269 2148 :
1298 2114 1472 2163 peccata
1517 2120 1524 2126 ·

91 2182 258 2227 nostra,
284 2174 442 2233 quibus
473 2172 617 2216 adhuc
633 2172 792 2231 parcit,
818 2173 920 2233 quia
949 2173 1093 2218 adhue
1121 2174 1302 2218 sustinet
1319 2209 1330 2230 ,
1355 2174 1471 2218 illius

91 2243 328 2288 ostendunt
341 2243 609 2302 patientiam,
625 2251 816 2287 nostram
833 2243 1060 2287 cumulant
1077 2245 1302 2288 sarcinam.
1314 2263 1333 2286 «
1347 2247 1473 2302 Igno-

94 2333 115 2356 »
149 2330 216 2358 ras
233 2348 244 2368 ‚
269 2314 433 2373 inquit,
469 2313 570 2372 quia
601 2313 808 2372 patientia
830 2313 906 2357 Dei
928 2313 983 2357 ad
1004 2314 1308 2373 poenitentiam
1325 2324 1367 2358 te
1395 2315 1473 2359 ad-

96 2402 115 2425 »
151 2383 330 2428 ducit3‘?
355 2401 375 2424 »
402 2383 612 2426 Patientia
648 2382 721 2426 illa
743 2393 829 2438 est,
865 2399 996 2443 quam
1026 2384 1363 2429 taciturnitatem
1391 2402 1470 2430 vo-

93 2463 188 2509 cat,
211 2454 266 2497 de
295 2469 382 2513 qua
409 2453 515 2498 dicit
536 2471 545 2497 :
574 2472 594 2495 «
616 2453 774 2508 Tacui,
800 2453 1018 2514 numquid
1042 2469 1209 2514 semper
1240 2455 1420 2501 tacebo?
1446 2475 1465 2497 »

142 2546 150 2563 ¹
171 2541 274 2572 Matt.·
288 2550 367 2581 xxv,
382 2537 438 2579 34.
457 2555 498 2564 ·-—
518 2545 531 2562 2
553 2539 635 2572 lbid.
659 2537 713 2581 41.
736 2556 778 2563 —
796 2538 808 2563 3
827 2542 918 2574 Rom.
938 2551 976 2578 u,
995 2539 1028 2581 4.
