1898 3178
353 224 437 264 640

467 308 571 337 stanno
612 314 651 335 m.

598 427 654 447 Lu.

588 595 654 615 Lm.

584 761 649 782 mv.

600 1094 650 1115 Lv-

584 1206 648 1227 mn.

573 1319 646 1340 Lvu.

558 1431 643 1453 Lvnl.

583 1543 641 1564 Lux.

590 1654 638 1674 Lx.

579 1822 639 1843 Lxx.

566 1992 637 2013 Lm.

545 2214 633 2239 Lxul.

544 2329 631 2351 Lxlv.

559 2440 632 2461 va.

550 2552 631 2574 var

961 235 1108 260 INDEX.

679 305 724 334 De
736 302 909 333 concordia
924 301 1196 342 Evangelistarum
1214 301 1363 334 Matthaei
1380 306 1413 334 et
1429 304 1520 334 Lucae
1540 304 1570 334 in
1585 314 1643 345 ge-

725 357 940 389 nerationibus
960 358 1096 389 Domini.
1560 370 1638 403 pag.
1667 362 1729 392 103

682 415 732 446 De
748 414 864 446 verbis
889 414 1068 456 Evangelii
1081 414 1211 446 Manli.
1230 425 1266 446 ιιι
1282 427 1289 445 2
1310 414 1402 446 Venit
1418 415 1508 446 Jesus
1522 425 1539 446 a
1557 415 1643 447 Gali-

721 470 778 502 laea
808 471 841 501 in
858 470 1027 502 Jordanem
1046 470 1086 501 ad
1106 473 1260 503 Joannem
1276 496 1283 511 ‚
1302 475 1338 502 ut
1367 470 1585 513 baptizaretur
1602 471 1643 503 ab

721 537 772 567 e0,
794 530 859 558 etc.
885 527 934 558 De
960 527 1144 558 Trinitate.
1668 530 1731 560 138

682 584 731 614 De
750 582 865 614 ver-bis
879 582 1060 624 Evangelii
1077 582 1205 614 Alattlz.
1228 594 1246 614 v
1265 595 1272 614 :
1294 583 1383 615 Beati
1402 594 1556 625 pauperes
1574 584 1643 625 spi-

721 638 784 669 ritu
799 663 805 676 ,
834 641 894 668 etc.
919 635 988 669 Sed
1006 636 1048 668 de
1065 636 1129 669 hoc
1154 639 1299 669 maxime
1318 637 1412 683 quod
1426 638 1549 670 dictam
1564 647 1614 670 esc
1631 657 1638 670 .-

722 694 813 726 Beati
835 693 1072 732 mundicordes,
1090 694 1236 736 quoniam
1258 695 1317 737 ipsi
1336 697 1437 726 Deum
1455 694 1623 727 videbunt.
1673 697 1731 727 154

677 750 727 781 De
754 760 792 780 eo
823 746 918 793 quod
930 749 1093 791 scriptum
1111 756 1160 780 est
1178 750 1212 780 in
1233 749 1420 791 Evangelio
1438 748 1566 781 Mauh.
1592 760 1610 780 v
1631 763 1638 782 :

721 806 773 837 Sic
791 805 896 836 luceat
913 804 1019 836 lumen
1039 809 1183 835 vestrum
1202 815 1309 836 coram
1324 805 1516 843 hominibus,
1532 809 1567 836 ut
1587 805 1640 836 vi-

721 861 820 892 deant
836 859 918 891 bona
932 870 1030 901 opera
1047 863 1166 899 vestra,
1183 864 1216 891 et
1232 859 1409 902 glorificent
1424 863 1550 893 Patrem
1569 872 1641 892 ves-

721 921 819 955 trum,
840 915 937 958 quiin
955 915 1042 947 coelis
1061 920 1135 947 est:
1156 924 1189 947 ez
1207 924 1331 948 contra
1347 929 1421 960 cap.
1442 929 1477 949 Vl
1499 929 1505 948 z
1524 919 1640 948 Atten—

719 971 786 1002 dite
800 982 840 1003 ne
854 971 1016 1012 justitiam
1033 976 1175 1003 vestram
1188 971 1311 1004 faciatis
1321 983 1430 1004 coram
1446 971 1640 1012 hominibus⁷

718 1031 754 1058 ut
767 1026 945 1058 videamini
959 1026 1000 1058 ab
1021 1026 1077 1059 eis.
1666 1031 1727 1061 167

675 1083 724 1114 De
738 1082 851 1114 verbis
869 1083 1052 1126 Evangelii
1063 1083 1192 1114 ᾸΙαειΙι.
1204 1095 1242 1115 v:
1260 1083 1318 1122 Qui
1336 1084 1450 1116 dixerit
1460 1084 1552 1127 fratri
1564 1096 1637 1117 suo:

721 1141 833 1177 Fatue,
858 1150 929 1170 reus
947 1141 1006 1170 erit
1024 1138 1175 1181 gehennse
1193 1139 1284 1180 ignis,
1305 1145 1369 1172 etc.
1664 1144 1722 1172 171

675 1196 710 1226 In
725 1194 892 1236 Evangelio
907 1194 1026 1226 Matth.
1037 1205 1080 1234 vx,
1090 1195 1130 1227 de
1143 1196 1293 1228 Oratione
1307 1196 1482 1237 Dominica,
1496 1197 1534 1228 ad
1548 1199 1640 1229 Com-

715 1255 879 1293 petentes.
1664 1256 1726 1286 175

673 1310 807 1339 Rursum
820 1308 851 1338 in
866 1307 979 1339 Matth.
1002 1318 1048 1347 vl,
1064 1307 1104 1339 de
1118 1308 1268 1340 Oratione
1285 1308 1466 1351 Dominica,
1487 1309 1526 1341 ad
1539 1310 1636 1341 Com-

715 1369 875 1405 petentes.
1660 1368 1721 1398 191

669 1422 750 1452 Item
764 1421 795 1452 in
810 1420 930 1452 Matth.
953 1430 996 1461 vl,
1010 1420 1049 1452 de
1067 1419 1223 1452 Oratione
1240 1420 1416 1461 Dominica‚
1435 1421 1474 1452 ad
1491 1423 1632 1464 Compe—

715 1481 834 1508 tentes.
1659 1479 1719 1510 201

670 1534 751 1563 Item
768 1532 797 1562 in
816 1531 938 1562 Matth.
962 1541 1005 1572 Vl,
1024 1532 1065 1563 de
1082 1532 1234 1563 Oratione
1248 1532 1412 1564 Dominica
1426 1532 1467 1564 ad
1491 1534 1634 1575 Compe—

712 1590 830 1618 tentes.
1658 1589 1723 1619 212

666 1643 717 1674 De
749 1641 865 1673 verbis
886 1641 1067 1683 Evangelii
1092 1641 1221 1675 Manli.
1242 1653 1273 1674 Vl
1293 1655 1300 1674 z
1319 1643 1423 1675 Nolite
1447 1643 1536 1675 vobis
1551 1655 1634 1676 con-

711 1698 788 1729 dere
801 1696 963 1728 thesauros
980 1697 1012 1727 in
1031 1701 1128 1737 terra,
1145 1702 1209 1729 etc.
1231 1697 1501 1731 Exlzortatorz'us
1516 1698 1634 1743 adfa-

710 1752 851 1785 ciendas
873 1753 1118 1795 eleemosynas.
1656 1757 1721 1788 216

665 1812 715 1842 De
731 1809 846 1841 verbis
867 1810 1044 1851 Evangelii
1068 1810 1200 1841 Matth.
1223 1821 1290 1842 vu:
1314 1811 1431 1850 Petite,
1452 1816 1484 1843 et
1503 1812 1632 1844 dabitur

711 1866 815 1907 vobis,
835 1871 899 1898 etc.
916 1865 1190 1899 Exhortator·ius
1210 1865 1259 1898 ad
1271 1866 1461 1912 faciendas
1488 1868 1630 1900 eleemo—

710 1934 829 1964 εγηαε.
1654 1926 1717 1956 ‘227

663 1981 714 2012 De
731 1978 846 2011 verbis
860 1977 1181 2020 Evangeliillffatllz.
1196 1989 1250 2010 vm
1272 1992 1278 2009 :
1299 1980 1367 2010 Non
1385 1990 1453 2010 sum
1471 1980 1581 2021 dignus
1595 1986 1630 2012 ut

707 2035 766 2068 sub
783 2038 908 2067 tectum
928 2045 1033 2066 meum
1054 2035 1164 2075 intres,
1185 2038 1248 2066 etc.
1267 2027 1429 2067 Neorion
1449 2035 1490 2067 de
1512 2037 1628 2068 verbis

708 2091 865 2134 Apostoli
879 2102 889 2121 1
914 2091 992 2122 Cor.
1014 2101 1070 2122 vm
1091 2103 1097 2120 τ
1119 2090 1151 2122 Si
1173 2090 1255 2122 enim
1274 2090 1341 2132 quis
1356 2091 1472 2122 viderit
1486 2102 1556 2123 eum
1576 2092 1628 2135 qui

705 2147 804 2179 babet
823 2146 1006 2188 scientiam,
1027 2146 1058 2178 in
1077 2145 1171 2178 idolio
1189 2146 1444 2187 recumbentem,
1464 2153 1527 2179 etc.
1650 2149 1714 2180 ²236

662 2205 711 2236 De
738 2203 852 2235 verbis
877 2203 1057 2244 Evangelii
1075 2201 1202 2234 Manh.
1224 2214 1284 2235 v111
1300 2215 1307 2234 ε
1324 2205 1360 2234 Et
1377 2204 1570 2236 ascendente
1587 2215 1625 2236 eo

705 2261 736 2291 in
750 2259 942 2297 naviculam,
959 2268 1022 2290 e¹c.
1648 2262 1706 2292 ‘25¹1

660 2318 709 2348 De
725 2315 840 2347 verbis
857 2313 1037 2357 Evangelii
1053 2312 1178 2344 Manli.
1201 2324 1218 2344 x
1238 2326 1244 2343 2
1265 2315 1350 2345 Ecce
1376 2324 1432 2355 ego
1457 2315 1549 2346 mitto
1568 2327 1623 2347 vos

704 2372 787 2403 sicut
806 2381 882 2402 oves
898 2370 930 2401 in
943 2368 1048 2400 medio
1066 2367 1225 2410 luporum,
1246 2375 1311 2400 etc.
1647 2373 1710 2402 253

661 2428 710 2459 De
724 2425 838 2458 verbis
854 2423 1035 2466 Evangelii
1048 2422 1177 2455 Maztlz.
1195 2434 1215 2454 x
1230 2435 1237 2454 ε
1251 2423 1358 2455 Nolite
1373 2424 1487 2457 timere
1505 2436 1558 2456 eos
1570 2426 1622 2468 qui

703 2492 819 2524 corpus
832 2480 998 2520 occidunt,
1020 2483 1084 2511 etc.
1646 2481 1710 2513 256

660 2541 710 2571 De
723 2537 836 2570 verbis
855 2535 1034 2578 Evangelii
1050 2534 1179 2568 Matzlz.
1203 2546 1232 2566 xl
1249 2547 1255 2566 :
1277 2537 1355 2568 Cum
1369 2536 1507 2567 audisset
1519 2538 1620 2568 Joan—

704 2605 759 2626 nes
771 2594 801 2625 in
818 2591 949 2624 vinculis
963 2600 1061 2633 opera
1079 2590 1208 2632 Christi,
1219 2591 1347 2623 mittens
1364 2592 1441 2623 duos
1459 2592 1498 2623 de
1515 2592 1619 2624 Disci-
