1898 3178
376 222 459 263 604
806 232 839 261 s.
876 232 1106 262 Aucus'ruu
1140 234 1321 262 EP1scoi³1

375 302 430 345 de
443 315 530 360 quo
545 315 621 344 nos
636 300 848 344 Dominus
862 309 1127 343 commonet.
1146 299 1242 343 Alio
1256 299 1368 342 enim
1386 297 1481 341 loco
1496 296 1601 340 alius
1616 299 1757 341 Evan-

375 371 524 429 gelista
541 372 599 415 sic
618 371 725 414 illud
742 371 912 429 posuit,
939 382 987 415 ut
1017 372 1050 414 si
1075 380 1259 431 utraque
1284 369 1414 412 verba
1431 369 1686 427 jungamus,
1713 376 1756 412 et

376 453 562 502 utraque
588 441 720 485 verba
743 441 825 485 sibi
848 441 1183 500 Evangeliorum
1214 442 1400 485 duorum
1434 453 1757 498 comparemus,

376 513 668 559 adversarium
688 514 816 557 istum
839 513 926 558 cito
943 512 1250 571 intelligamus.
1276 515 1388 556 Ecce
1405 511 1520 555 enim
1552 511 1623 555 hic
1652 509 1760 570 quid

376 585 515 629 dixit?
542 603 560 625 «
586 586 698 628 Cum
721 583 840 628 vadis
864 582 918 628 ad
936 584 1176 643 principem
1196 598 1296 628 cum
1315 581 1558 626 adversario
1577 590 1655 626 tuo
1670 616 1680 635 ‚
1704 580 1759 625 da

379 674 398 695 »
425 669 600 713 operam
618 654 663 697 in
686 654 751 697 via
771 652 941 697 liberari
965 655 1019 697 ab
1038 656 1129 698 eo¹.
1152 673 1170 694 »
1189 652 1310 698 Alius
1328 661 1471 696 autem
1490 650 1760 709 Evangelista

376 726 458 769 hoc
476 725 616 784 ipsum
632 725 690 769 sic
703 726 847 784 posuit
865 745 873 769 2
891 728 1025 769 «Esto
1037 726 1310 769 consentiens
1329 723 1572 767 adversario
1585 732 1662 767 tuo
1673 722 1760 766 cito

381 815 399 839 n
426 812 526 840 cum
550 812 592 840 es
611 811 710 841 cum
729 796 803 841 illo
821 797 865 841 in
878 797 961 841 via.
984 816 1002 837 η
1025 799 1192 842 Caetera
1212 795 1366 840 similia
1381 803 1504 839 sunt:
1531 813 1549 835 «
1569 797 1632 839 Ne
1650 793 1761 838 forte

379 887 398 909 »
426 868 692 912 adversarius
715 868 857 912 tradat
881 878 921 912 tc
940 869 1101 928 judici,
1117 867 1251 928 judex
1275 867 1486 921 ministro,
1509 866 1701 910 minister
1718 866 1762 909 in

379 957 398 980 »
426 942 676 983 carcerem&
696 957 716 980 ))
736 939 878 983 Ambo
896 938 1183 997 Evangelistae
1206 937 1402 982 similiter
1419 938 1501 981 hoc
1519 936 1763 996 explicave-

379 1019 494 1053 runt.
513 1012 633 1054 Unus
646 1010 751 1053 dixit
769 1029 776 1054 :
801 1013 895 1053 «Da
912 1025 1087 1069 operam
1108 1010 1151 1053 in
1167 1008 1417 1052 vialiberari
1433 1007 1488 1052 ab
1502 1006 1598 1052 illo:
1615 1026 1633 1049 »
1655 1006 1764 1051 alter

377 1081 509 1126 dixit:
535 1100 554 1122 «
573 1081 780 1125 Consenti
796 1080 874 1124 illi.
905 1099 924 1121 n
949 1084 1046 1126 Non
1067 1080 1182 1124 enim
1205 1080 1366 1139 poteris
1388 1078 1561 1123 liberari
1585 1079 1639 1122 ab
1662 1077 1760 1133 illo,
1813 1116 1817 1117 γ

377 1153 457 1196 nisi
480 1152 518 1195 ei
541 1153 822 1196 consenseris.
850 1152 924 1196 Vis
952 1151 1126 1196 liberari
1149 1151 1203 1195 ab
1226 1150 1329 1195 illo‘?
1362 1169 1379 1191 «
1406 1150 1612 1194 Consenti
1640 1148 1716 1192 illi.
1740 1167 1760 1190 n

377 1223 602 1284 Numquid
620 1222 820 1267 diabolus
835 1233 917 1279 est,
938 1224 1008 1268 cui
1032 1223 1190 1268 debeat
1207 1222 1452 1268 consentire
1469 1221 1766 1266 Christianus?

439 1298 519 1338 ΙΙΙ.
546 1297 800 1348 Quaeramus
831 1309 932 1353 ergo
954 1295 1083 1339 istum
1118 1294 1408 1339 adversarium
1426 1328 1436 1348 ,
1461 1293 1530 1337 cui
1555 1292 1764 1336 debemus

378 1368 623 1411 consentire
638 1402 648 1421 ,
675 1382 729 1411 ne
748 1367 890 1411 tradat
903 1382 980 1411 nos
992 1366 1130 1427 judici
1145 1402 1155 1422 ‚
1177 1376 1220 1410 et
1236 1365 1369 1426 judex
1389 1365 1585 1408 ministro
1607 1383 1615 1407 ε
1640 1379 1763 1423 quae-

379 1452 522 1481 ramus
539 1435 662 1480 illum
678 1472 688 1492 ‚
710 1446 754 1481 et
774 1437 1095 1481 consentiamus
1117 1436 1193 1479 illi.
1220 1436 1262 1481 Si
1290 1450 1440 1494 peccas
1457 1470 1467 1486 ‚
1500 1434 1765 1479 adversarius

380 1516 480 1550 tuus
517 1521 657 1551 sermo
689 1507 765 1550 Dei
802 1516 880 1551 est.
913 1507 1046 1550 Verbi
1074 1521 1200 1550 causa
1232 1525 1240 1550 :
1278 1505 1475 1549 Forsitan
1508 1503 1696 1548 delectat
1723 1512 1765 1547 te

378 1578 578 1622 inebriari
603 1597 612 1622 2
639 1576 743 1621 dicit
766 1578 842 1621 tibi
866 1593 873 1618 :
900 1577 1044 1622 Noli3.
1081 1577 1272 1621 Delectat
1305 1584 1348 1620 te
1381 1583 1574 1634 spectare
1608 1583 1650 1618 et
1679 1590 1765 1618 nu-

381 1650 498 1707 gari:
525 1647 597 1692 ille
629 1648 734 1692 dicit
768 1649 874 1694 tibi:
911 1649 1024 1694 Noli.
1068 1648 1262 1692 Delectat
1293 1656 1335 1691 te
1369 1645 1633 1691 adulterari:
1658 1645 1763 1689 dicit

380 1720 460 1764 tibi
480 1735 620 1764 sermo
644 1720 720 1763 Dei
744 1739 751 1764 :
776 1719 889 1765 Noli.
918 1723 968 1764 In
990 1719 1344 1780 quibuscumque
1369 1718 1553 1778 peccatis
1573 1715 1762 1761 volueris

381 1790 519 1836 facere
533 1792 801 1835 Voluntatem
818 1801 937 1835 tuam
959 1827 969 1845 ,
1000 1791 1104 1835 dicit
1122 1791 1199 1835 tibi
1221 1810 1229 1835 :
1256 1789 1367 1834 Noli.
1403 1789 1681 1833 Adversarius
1700 1796 1764 1831 est

380 1861 617 1906 voluntatis
632 1872 734 1917 tuae,
748 1863 887 1907 donec
902 1863 975 1906 fiat
986 1872 1136 1906 auctor
1149 1861 1296 1902 salutis
1310 1870 1412 1901 tuae.
1425 1858 1462 1900 Ο
1477 1873 1609 1917 quam
1627 1858 1766 1902 bonus

382 1932 663 1973 adversarius!
681 1947 812 1989 quam
831 1930 947 1973 utilis
968 1929 1260 1973 adversarius!
1282 1931 1378 1974 Non
1397 1928 1553 1988 quaerit
1575 1937 1765 1972 nostram

381 2000 668 2053 voluntatem,
687 2000 761 2043 sed
779 1999 1025 2044 utilitatem.
1045 1999 1325 2043 Adversarius
1336 2007 1398 2042 est
1411 1999 1552 2051 nobis,
1570 1999 1766 2058 quandiu

384 2085 532 2114 sumus
545 2079 588 2114 et
608 2071 688 2129 ipsi
706 2070 847 2114 nobis.
869 2069 1075 2123 Quandiu
1089 2079 1138 2114 tu
1151 2069 1230 2113 tibi
1248 2069 1448 2113 inimicus
1463 2084 1522 2123 es,
1542 2069 1766 2113 inimicum

385 2141 515 2185 habes
538 2155 779 2185 sermonem
803 2140 879 2184 Dei
904 2159 911 2184 :
937 2149 1028 2184 esto
1052 2141 1131 2184 tibi
1149 2140 1328 2194 amicus,
1350 2148 1393 2183 et
1410 2137 1645 2184 concordas
1667 2154 1765 2183 cum

382 2211 490 2270 ipso.
521 2213 655 2256 «Non
678 2210 963 2255 homicidium
994 2210 1145 2254 feceris
1175 2229 1182 2254 :
1216 2228 1234 2250 »
1263 2209 1386 2263 audi,
1413 2219 1456 2253 et
1476 2209 1762 2254 concordasti.

387 2300 407 2322 ‹<
426 2283 522 2327 Non
545 2280 710 2325 furtum
735 2280 864 2324 facias
885 2297 893 2321 ε
921 2299 941 2321 »
964 2279 1065 2324 audi
1084 2314 1093 2333 ‚
1121 2289 1163 2323 et
1181 2279 1465 2324 concordasti.
1494 2298 1513 2320 «
1534 2282 1630 2323 Non
1653 2295 1766 2323 mte-

386 2371 405 2394 »
429 2352 655 2396 chaberis:
685 2371 705 2393 »
737 2352 862 2407 audi,
893 2362 935 2397 et
969 2351 1255 2396 concordasti.
1292 2354 1429 2396 «Non
1452 2350 1608 2395 falsum
1643 2352 1765 2396 testi-

387 2441 405 2463 »
430 2423 623 2467 monium
637 2422 752 2466 dicas
771 2442 778 2467 :
803 2441 822 2463 »
840 2423 957 2477 audi,
976 2432 1018 2466 et
1031 2421 1318 2466 concordasti.
1340 2441 1359 2463 «
1377 2424 1471 2466 Non
1487 2422 1765 2481 concupiscas

387 2512 406 2534 »
433 2508 608 2536 uxorem
635 2493 817 2552 proximi
849 2493 913 2537 tui
945 2508 954 2534 z
994 2512 1012 2533 υ
1050 2492 1178 2546 audi,
1219 2501 1261 2535 et
1289 2492 1572 2536 concordasti.
1614 2511 1631 2533 «
1668 2494 1764 2539 Non

432 2584 441 2598 ¹
470 2579 542 2608 Luc,
566 2588 622 2617 xii,
650 2578 700 2609 53.
724 2595 765 2600 —
785 2585 797 2600 ²
819 2577 931 2609 Matth.
949 2589 981 2617 v,
1000 2578 1053 2609 25.
1073 2594 1112 2599 —
1133 2576 1145 2599 3
1168 2577 1244 2608 Vide
1257 2587 1348 2619 supra
1368 2579 1467 2608 Scrin.
1489 2588 1532 2616 ix,
1551 2587 1622 2618 cap.
1643 2576 1671 2608 3.

1890 585 1898 613 Φ
