1898 3178
396 201 477 237 288
827 206 860 233 s.
897 204 1128 232 AUGUSTINI
1160 205 1341 233 EPISCOPI

393 275 507 318 hoc?
533 293 552 315 «
577 273 619 318 Si
637 287 733 331 ego,
751 271 909 331 inquit,
928 271 974 313 in
994 270 1154 329 Spiritu
1169 271 1245 315 Dei
1263 270 1484 315 daemones
1500 271 1640 331 ejicio,
1657 288 1677 312 »
1694 286 1774 316 nec

393 344 517 388 aliter
540 351 719 403 possunt
737 351 780 386 et
796 341 873 385 filii
894 342 1024 386 vestri
1046 342 1221 401 ejicere,
1248 342 1408 402 quibus
1430 357 1520 386 non
1542 340 1776 399 malignam

394 414 658 467 doctrinam,
684 411 760 456 sed
784 410 916 455 fidem
938 411 1176 471 simplicem
1196 411 1297 456 dedi
1314 432 1322 456 :
1343 411 1498 471 procul
1515 410 1652 456 dubio
1673 427 1775 471 per-

390 486 509 530 venit
530 485 576 528 in
609 498 687 528 nos
716 497 898 541 regnum
925 483 1026 535 Dei,
1051 481 1140 543 quo
1162 482 1430 527 subvertitur
1463 498 1644 541 regnum
1679 482 1776 527 dia-

390 554 500 608 boli,
524 568 624 598 cum
645 568 735 612 quo
756 561 800 597 et
815 568 890 596 vos
912 553 1230 597 subvertimini.

449 627 530 668 ΙΙΙ.
547 626 602 668 Et
619 623 826 683 quoniam
849 623 1014 667 dixerat
1032 643 1040 668 :
1064 643 1084 666 {t
1106 622 1204 666 Filii
1218 623 1347 666 vestri
1360 622 1404 665 in
1417 638 1507 682 quo
1529 623 1772 682 ejiciunt?»

390 705 440 739 ut
454 693 703 739 ostenderet
724 693 902 751 gratiam
924 692 970 736 in
993 692 1051 737 eis
1074 709 1213 748 suam,
1234 708 1324 736 non
1345 693 1549 736 meritum
1570 692 1743 737 illorum
1764 712 1773 737 :

394 786 413 807 «
439 770 529 810 Aut
555 764 780 825 quomodo
808 774 950 824 potest
973 765 1230 824 quisquam,
1256 764 1424 823 inquit,
1445 764 1605 808 intrare
1626 763 1671 807 in
1694 763 1776 808 do-=

392 855 412 877 »
440 851 561 880 mum
579 835 700 880 fortis
716 870 727 890 ,
754 845 798 879 et
817 851 917 879 vasa
941 836 1030 895 ejus
1052 834 1240 894 diripere
1257 870 1268 888 ,
1292 834 1372 878 nisi
1398 835 1515 892 prius
1538 833 1777 892 alligaverit

397 925 416 948 n
444 907 599 950 fortem
614 941 624 961 ,
651 915 694 950 et
711 905 770 949 sic
787 905 968 949 domum
992 907 1083 965 ejus
1107 904 1278 964 diripiet
1295 907 1333 948 ¹?
1354 904 1474 959 Filii,
1500 905 1658 964 inquit,
1677 920 1776 949 ves-

396 995 415 1018 »
442 978 518 1031 tri,
544 995 564 1017 »
591 976 666 1036 qui
694 976 762 1019 vel
796 976 1077 1019 crediderunt
1099 975 1145 1018 in
1166 990 1236 1018 me
1253 1009 1264 1029 ,
1297 974 1367 1018 vel
1395 974 1538 1019 adhuc
1569 975 1775 1018 credituri

386 1056 504 1101 sunt,
521 1056 561 1090 et
581 1046 761 1106 ejecturi
780 1045 1016 1099 daemones,
1037 1061 1126 1089 non
1140 1046 1185 1088 in
1201 1045 1452 1089 daemonum
1474 1045 1684 1104 principe,
1701 1044 1776 1088 sed

385 1117 431 1160 in
453 1115 636 1174 simplici
659 1116 908 1172 sanctitate3
931 1116 1007 1174 qui
1028 1124 1142 1159 certe
1165 1115 1235 1159 vel
1255 1113 1456 1168 fuerunt,
1482 1115 1550 1158 vel
1570 1116 1655 1158 hoc
1673 1124 1776 1158 sunt

385 1186 507 1246 quod
521 1185 652 1229 etiam
671 1200 746 1229 vos
773 1184 872 1228 estis
888 1219 899 1238 ,
917 1183 962 1227 id
983 1193 1067 1239 est,
1090 1193 1336 1242 peccatores
1351 1193 1483 1243 atque
1500 1184 1621 1242 impii,
1636 1203 1647 1240 ς
1664 1199 1776 1242 quo-

386 1255 517 1300 modo
547 1256 602 1298 ab
632 1253 708 1298 illo
743 1264 917 1313 possent
953 1255 1047 1296 erui
1066 1288 1077 1307 ,
1116 1269 1225 1312 quos
1249 1252 1514 1312 praevalente
1547 1253 1775 1312 iniquitate

385 1326 557 1371 fortiter
587 1325 838 1377 obtinebat,
864 1325 944 1368 nisi
967 1323 1217 1383 alligaretur
1238 1324 1416 1384 justitiae
1437 1339 1546 1367 meae
1566 1324 1771 1379 vinculis,

386 1405 429 1440 et
449 1411 548 1440 vasa
571 1396 662 1453 ejus
681 1394 891 1452 eriperem
906 1429 916 1448 ,
938 1409 1038 1453 quae
1059 1394 1236 1438 fuerant
1250 1410 1348 1439 vasa
1364 1395 1439 1437 irae
1458 1403 1500 1437 et
1517 1409 1564 1437 ea
1586 1392 1772 1437 facerem

385 1483 483 1511 vasa
502 1464 834 1509 misericordiae?
850 1467 942 1508 Hoc
965 1474 1028 1508 est
1049 1465 1169 1524 quod
1188 1466 1316 1508 etiam
1340 1465 1492 1508 beatus
1513 1463 1770 1523 Apostolus,

385 1535 604 1595 superbis,
630 1544 673 1578 et
706 1535 827 1594 quasi
852 1533 906 1577 de
928 1535 1012 1578 suis
1043 1534 1205 1577 meritis
1230 1534 1514 1592 gloriantibus
1544 1535 1771 1593 increpans

385 1607 491 1651 dicit
511 1626 519 1650 :
551 1625 571 1647 «
593 1606 698 1658 Quis
722 1605 838 1648 enim
860 1614 902 1648 te
925 1604 1186 1648 discernit2?
1209 1623 1227 1645 »
1258 1607 1351 1649 Hoc
1373 1614 1452 1660 est,
1473 1621 1495 1648 a
1518 1619 1654 1647 massa
1672 1620 1771 1663 per-

385 1676 559 1720 ditionis
581 1690 630 1717 ex
653 1673 793 1718 Adam
825 1683 867 1717 et
897 1689 920 1716 a
953 1675 1060 1717 vasis
1091 1674 1165 1717 irae
1197 1675 1293 1734 quis
1317 1684 1358 1718 te
1381 1674 1613 1718 discernit?
1636 1677 1693 1717 Et
1715 1689 1769 1717 ne

384 1745 616 1805 quisquam
634 1743 797 1787 diceret
819 1761 827 1787 z
850 1745 872 1786 J
879 1743 1022 1786 ustitia
1045 1758 1139 1787 mea
1159 1763 1166 1788 :
1198 1763 1217 1785 «
1238 1743 1354 1797 Quid
1377 1744 1491 1788 enim
1518 1744 1672 1798 habes,
1698 1744 1768 1787 in—

387 1835 407 1858 »
433 1816 550 1876 quit,
579 1814 697 1875 quod
720 1830 808 1858 non
832 1814 1089 1872 accepistiss‘?
1116 1833 1135 1855 «
1162 1814 1286 1858 Unde
1304 1824 1346 1858 et
1368 1814 1422 1858 de
1444 1830 1488 1858 se
1512 1815 1605 1873 ipso
1628 1814 1733 1858 dicit
1756 1833 1764 1858 :

388 1906 408 1927 «
430 1886 609 1929 Fuimus
631 1884 748 1927 enim
764 1893 808 1927 et
824 1899 902 1927 nos
921 1881 1156 1942 aliquando
1175 1883 1429 1927 naturaliter
1447 1883 1522 1927 filii
1546 1884 1636 1937 irae,
1657 1884 1768 1928 sicut

387 1975 407 1997 »
438 1964 480 2000 et
509 1954 696 2000 caeteri4.
727 1973 745 1994 »
770 1956 883 2010 Ergo
906 1962 949 1996 et
970 1953 1060 2012 ipse
1081 1968 1154 1997 vas
1172 1963 1262 1996 erat
1283 1954 1327 1996 in
1349 1953 1480 1997 domo
1508 1952 1622 1997 illius
1656 1951 1766 1997 niale

384 2025 506 2070 fortis
521 2059 532 2081 ,
557 2040 658 2069 cum
676 2034 786 2067 esset
807 2022 1010 2066 Ecclesiae
1033 2032 1296 2081 persecutor,
1322 2022 1602 2082 blasphemus
1617 2057 1627 2077 ,
1648 2023 1766 2082 inju-

386 2097 521 2140 riosus
537 2131 548 2150 ,
573 2096 619 2138 in
638 2093 802 2137 malitia
820 2102 862 2136 et
876 2093 1058 2147 invidia,
1083 2093 1194 2137 sicut
1215 2093 1392 2147 fatetur,
1418 2109 1563 2151 agens.
1588 2093 1672 2138 Sed
1693 2093 1766 2136 ille

385 2167 460 2225 qui
478 2165 670 2225 alligavit
691 2163 870 2217 fortem,
896 2163 949 2206 ab
971 2178 1021 2207 eo
1043 2178 1115 2206 vas
1142 2163 1392 2221 perditionis
1420 2164 1601 2222 eripuit,
1627 2173 1670 2207 et
1692 2179 1763 2206 vas

385 2237 604 2282 electionis
624 2234 784 2279 effecit.

445 2310 520 2351 IV.
553 2305 719 2350 Deinde
741 2320 796 2348 ne
819 2313 1023 2364 putarent
1044 2303 1258 2347 increduli
1285 2314 1328 2348 et
1349 2304 1470 2364 impii
1494 2304 1765 2350 adversantes

388 2377 554 2421 nomini
577 2377 809 2421 christiano
825 2411 835 2431 ,
861 2384 1037 2434 propter
1057 2374 1243 2419 diversas
1268 2377 1449 2420 haereses
1471 2385 1514 2419 et
1534 2376 1763 2421 schismata

386 2462 558 2503 eorum,
585 2447 661 2507 qui
677 2447 758 2492 sub
775 2446 950 2491 nomine
979 2445 1211 2490 christiano
1230 2460 1376 2505 greges
1395 2445 1606 2504 colligunt
1625 2446 1764 2505 perdi·

436 2539 444 2553 1
466 2532 582 2563 Manli.
611 2540 744 2573 x11,29.
765 2548 806 2555 --
828 2539 839 2553 ²
867 2543 878 2562 1
895 2532 968 2563 Cor.
991 2541 1033 2571 iv,
1052 2541 1084 2572 7.
1100 2545 1141 2552 --
1162 2528 1268 2563 31bid,
1288 2547 1327 2553 —
1343 2529 1356 2559 4
1372 2530 1485 2572 Ephes.
1509 2541 1542 2571 n,
1564 2530 1593 2561 3.
