1898 3178
399 240 481 276 192
839 250 872 276 s.
908 247 1139 276 Aucusnm
1172 249 1352 277 Eriscom

395 325 506 359 trem
542 324 762 369 nostrum,
790 314 870 358 nisi
904 317 1075 358 Patrem
1096 317 1255 359 suum?
1274 315 1499 375 Numquid
1526 315 1681 360 invidit
1697 331 1780 361 no-

395 387 492 430 bis?
522 390 724 430 Parentes
759 384 995 445 aliquando
1031 400 1132 429 cum
1172 387 1400 445 genuerint
1435 402 1575 431 unum
1608 386 1747 431 filium
1766 422 1777 442 ,

397 457 508 501 duos
526 492 536 508 ‚
559 466 670 514 tres,
692 456 782 515 jam
799 455 957 500 timent
979 470 1204 514 generare,
1231 472 1286 500 ne
1308 457 1470 502 faciant
1487 457 1591 502 alios
1608 456 1780 501 mendi-

395 543 506 571 care.
537 526 621 571 Sed
657 526 760 586 quia
782 524 878 570 talis
900 535 964 570 est
983 527 1214 571 haereditas
1235 542 1367 586 quam
1391 527 1514 571 nobis
1537 527 1778 586 promittit,

393 614 529 657 quam
550 597 679 642 multi
698 597 945 654 obtineant,
972 607 1015 643 et
1041 598 1261 658 angustias
1282 614 1412 642 nemo
1444 598 1632 657 patiatur
1650 619 1661 656 3
1683 598 1782 643 ideo

396 669 442 712 in
462 683 584 712 suam
604 666 921 713 fraternitatem
942 670 1114 713 vocavit
1133 668 1313 728 populos
1337 668 1530 727 gentium
1545 703 1555 723 ,
1580 677 1623 712 et
1646 668 1781 712 habet

400 740 558 784 Unicus
580 739 918 784 innumerabiles
939 738 1094 785 fratres
1123 741 1199 799 qui
1226 738 1375 783 dicant
1395 758 1404 784 z
1430 758 1450 781 «
1470 743 1598 783 Pater
1615 748 1775 794 noster,

400 829 420 851 »
454 811 531 871 qui
553 826 596 855 es
618 811 663 855 in
686 809 822 855 coelis.
851 829 870 853 υ
890 811 1103 855 Dixerunt
1129 811 1209 854 ista
1229 810 1306 870 qui
1328 809 1509 854 fuerunt
1542 819 1642 854 ante
1662 825 1741 855 nos
1767 829 1775 854 :

395 881 552 926 dicturi
581 891 683 927 sunt
717 882 794 942 qui
828 891 958 926 erunt
978 890 1076 942 post
1108 896 1200 926 nos.
1227 879 1382 926 Videte
1418 890 1605 941 quantos
1628 881 1780 926 fratres

395 953 554 997 habeat
572 954 734 998 Unicus
755 954 801 997 in
821 968 899 997 sua
921 952 1079 1011 gratia,
1105 951 1432 996 communicans
1465 967 1566 996 cum
1588 951 1671 995 illis
1687 952 1782 996 hae·

398 1021 625 1067 reditatem
646 1058 657 1079 ,
683 1039 762 1083 pro
784 1023 946 1083 quibus
969 1022 1148 1082 pertulit
1177 1031 1375 1067 mortem.
1406 1022 1684 1066 Habebamus
1706 1037 1784 1081 pa-

395 1102 504 1136 trem
528 1103 570 1137 et
603 1103 788 1137 matrem
824 1093 871 1136 in
905 1103 1017 1137 terra
1034 1128 1045 1148 ,
1084 1102 1135 1136 ut
1169 1108 1445 1137 nasceremur
1469 1091 1524 1136 ad
1543 1091 1712 1136 labores
1741 1101 1785 1136 ct

394 1172 580 1207 mortem
607 1183 616 1207 ε
636 1163 881 1207 invenimus
903 1162 1008 1208 alios
1029 1172 1244 1223 parentes.
1271 1166 1410 1207 Deum
1428 1166 1601 1207 Patrem
1622 1171 1666 1206 et
1687 1177 1783 1213 ma-

398 1244 505 1278 trem
536 1234 794 1289 Ecclesiam,
827 1250 849 1278 a
878 1235 1038 1294 quibus
1060 1250 1290 1279 nascamur
1312 1234 1368 1279 ad
1390 1235 1524 1279 vitam
1555 1243 1777 1278 aeternam.

393 1306 672 1365 Cogitemus,
709 1305 968 1360 charissimi,
994 1307 1117 1365 cujus
1151 1305 1230 1348 filii
1262 1320 1351 1349 esse
1392 1306 1607 1364 coepimus
1629 1324 1637 1349 :
1659 1313 1702 1348 et
1723 1304 1783 1349 sic

393 1377 588 1422 vivamus
604 1412 614 1432 ,
641 1375 865 1437 quomodo
887 1376 1014 1420 decet
1036 1391 1108 1420 eos
1134 1376 1210 1435 qui
1236 1375 1367 1419 talem
1398 1375 1564 1419 habent
1592 1378 1779 1419 Patrem.

393 1446 565 1502 Videte,
587 1447 688 1506 quia
705 1449 885 1491 Creator
903 1455 1049 1490 noster
1064 1446 1269 1505 diguatus
1288 1455 1350 1489 est
1370 1461 1460 1489 esse
1475 1450 1603 1489 Pater
1619 1455 1780 1490 noster.

454 1520 536 1561 III.
559 1516 817 1562 Audivimus
835 1532 966 1577 quem
984 1517 1187 1561 invocare
1206 1515 1465 1571 debeamus,
1489 1532 1575 1577 qua
1598 1532 1674 1576 spe
1691 1517 1785 1561 hae-

362 1596 366 1599 '
393 1587 587 1632 reditatis
601 1597 775 1632 aeternae
790 1591 963 1632 Patrem
979 1587 1025 1630 in
1042 1587 1162 1631 coelis
1179 1586 1341 1631 habere
1359 1588 1572 1647 coepimus
1595 1606 1603 1632 :
1631 1586 1785 1631 audia-

393 1673 490 1702 mus
507 1657 614 1718 quid
628 1658 684 1702 ab
698 1657 773 1702 illo
788 1667 1003 1718 petamus.
1016 1660 1054 1700 Α
1067 1656 1141 1700 tali
1156 1660 1281 1700 Patre
1294 1657 1401 1716 quid
1415 1657 1592 1716 petituri
1605 1672 1754 1701 sumus
1768 1659 1786 1697 ‘3

393 1728 618 1789 Numquid
633 1744 722 1773 non
741 1729 795 1772 ab
818 1727 895 1772 illo
911 1738 955 1772 et
976 1726 1107 1771 hodie
1125 1737 1168 1771 et
1185 1727 1278 1771 heri
1297 1737 1340 1771 et
1354 1727 1671 1772 nudiustertius
1688 1727 1786 1788 plu-

392 1800 507 1844 viam
531 1798 748 1858 petimus?
769 1797 888 1843 Nihil
909 1813 1118 1856 magnum
1150 1806 1213 1841 est
1230 1798 1350 1857 quod
1374 1814 1397 1842 a
1420 1799 1494 1842 tali
1518 1802 1644 1843 Patre
1663 1815 1785 1859 quae-

393 1871 570 1915 sivimus
606 1889 614 1914 :
646 1880 690 1914 et
721 1879 867 1914 tamen
905 1868 1059 1912 videtis
1098 1883 1199 1927 cum
1237 1877 1405 1928 quanto
1442 1870 1605 1927 gemitu
1626 1905 1637 1924 ,
1683 1886 1785 1914 cum

393 1950 559 2001 quanto
598 1939 812 1984 desiderio
835 1939 1028 1998 pluviam
1052 1948 1272 1997 petamus,
1310 1954 1409 1982 cum
1433 1953 1548 1983 mors
1582 1940 1783 1995 timetur,

393 2021 436 2056 et
458 2012 542 2056 hoc
566 2012 744 2055 timetur
766 2010 884 2071 quod
918 2008 1101 2053 evadere
1123 2007 1270 2052 nullus
1303 2018 1459 2067 potest.
1486 2011 1636 2055 Omnis
1670 2011 1785 2055 enim
1850 2054 1853 2062 ,

392 2084 526 2127 homo
547 2082 674 2126 citius
696 2081 830 2125 serius
853 2080 1090 2124 moriturus
1108 2088 1171 2123 est
1198 2098 1206 2124 :
1233 2088 1276 2122 et
1294 2080 1525 2136 gemimus,
1548 2096 1752 2139 rogamus
1771 2116 1782 2136 ,

391 2153 658 2212 parturimus
675 2187 686 2208 ,
708 2151 946 2196 clamamus
967 2149 1022 2193 ad
1045 2153 1182 2194 Deum
1200 2184 1210 2204 ,
1237 2158 1286 2193 ut
1307 2149 1439 2209 paulo
1469 2151 1602 2195 serius
1623 2153 1784 2197 moria-

393 2239 507 2269 mur.
535 2229 707 2277 Quanto
725 2223 861 2281 magis
880 2220 934 2265 ad
956 2219 1080 2264 illum
1098 2219 1310 2264 debemus
1331 2221 1539 2277 clamare,
1566 2231 1615 2266 ut
1637 2224 1785 2267 venia-

394 2310 490 2339 mus
508 2296 586 2339 ubi
605 2308 832 2354 nunquam
851 2292 1121 2336 moriamur?

454 2368 530 2409 IV.
553 2367 660 2410 Ideo
675 2401 686 2421 ,
712 2384 732 2407 «
756 2364 1058 2410 Sanctificetur
1076 2377 1237 2406 nomen
1260 2372 1389 2406 tuum
1408 2365 1445 2417 ¹,
1475 2380 1494 2402 »
1517 2362 1682 2407 dictum
1702 2374 1780 2408 cst.

395 2437 490 2480 Hoc
507 2437 638 2480 etiam
661 2437 715 2481 ab
738 2435 814 2481 isso
836 2435 1045 2495 petimus,
1071 2443 1121 2478 ut
1137 2433 1429 2478 sanctificetur
1446 2448 1607 2477 nomen
1625 2436 1716 2493 ejus
1736 2435 1784 2479 in

395 2507 520 2552 nobis
543 2527 551 2552 ε
572 2523 674 2552 nam
711 2522 880 2568 semper
903 2515 966 2551 est
990 2515 1202 2551 sanctum.
1229 2503 1462 2559 Quomodo
1491 2514 1635 2549 autem
1657 2521 1782 2550 sanc-

443 2601 453 2617 1
474 2593 592 2626 Matth.
619 2604 660 2634 w,
681 2605 713 2635 9.
