<?xml version="1.0" encoding="UTF-8"?>
<!DOCTYPE html PUBLIC "-//W3C//DTD XHTML 1.0 Transitional//EN"
    "http://www.w3.org/TR/xhtml1/DTD/xhtml1-transitional.dtd">
<html xmlns="http://www.w3.org/1999/xhtml" xml:lang="en" lang="en">
 <head>
  <title>
</title>
<meta http-equiv="Content-Type" content="text/html;charset=utf-8" />
  <meta name='ocr-system' content='tesseract 3.04.00' />
  <meta name='ocr-capabilities' content='ocr_page ocr_carea ocr_par ocr_line ocrx_word'/>
</head>
<body>
  <div class='ocr_page' id='page_1' title='image "./operaomniaaccura18auguuoft_0325.png"; bbox 0 0 1898 3178; ppageno 0'>
   <div class='ocr_carea' id='block_1_1' title="bbox 0 150 66 3178">
    <p class='ocr_par' dir='ltr' id='par_1_1' title="bbox 0 150 66 3178">
     <span class='ocr_line' id='line_1_1' title="bbox 0 150 66 3178; baseline 0 0"><span class='ocrx_word' id='word_1_1' title='bbox 0 150 66 3178; x_wconf 95' lang='lat' dir='ltr'> </span> 
     </span>
    </p>
   </div>
   <div class='ocr_carea' id='block_1_2' title="bbox 321 193 1459 243">
    <p class='ocr_par' dir='ltr' id='par_1_2' title="bbox 321 193 1459 243">
     <span class='ocr_line' id='line_1_2' title="bbox 321 193 1459 243; baseline -0.004 -9"><span class='ocrx_word' id='word_1_2' title='bbox 321 207 457 234; x_wconf 66' lang='lat' dir='ltr'>sunno</span> <span class='ocrx_word' id='word_1_3' title='bbox 490 207 622 243; x_wconf 74' lang='lat' dir='ltr'>Lxxt,</span> <span class='ocrx_word' id='word_1_4' title='bbox 657 206 711 232; x_wconf 83' lang='lat' dir='ltr'>DE</span> <span class='ocrx_word' id='word_1_5' title='bbox 744 205 888 232; x_wconf 71' lang='lat' dir='ltr'>vnums</span> <span class='ocrx_word' id='word_1_6' title='bbox 920 202 1083 232; x_wconf 72' lang='grc' dir='ltr'><strong>ΜΑΤΤΗ.</strong></span> <span class='ocrx_word' id='word_1_7' title='bbox 1119 205 1199 231; x_wconf 68' lang='lat' dir='ltr'>xu.</span> <span class='ocrx_word' id='word_1_8' title='bbox 1379 193 1459 231; x_wconf 88' lang='lat'>313</span> 
     </span>
    </p>
   </div>
   <div class='ocr_carea' id='block_1_3' title="bbox 82 270 1467 2456">
    <p class='ocr_par' dir='ltr' id='par_1_3' title="bbox 85 270 1464 615">
     <span class='ocr_line' id='line_1_3' title="bbox 86 270 1464 332; baseline -0.003 -15"><span class='ocrx_word' id='word_1_9' title='bbox 86 274 244 332; x_wconf 83' lang='lat' dir='ltr'>linguis</span> <span class='ocrx_word' id='word_1_10' title='bbox 267 288 460 317; x_wconf 83' lang='lat' dir='ltr'>omnium</span> <span class='ocrx_word' id='word_1_11' title='bbox 481 273 703 331; x_wconf 70' lang='lat' dir='ltr'>gentium,</span> <span class='ocrx_word' id='word_1_12' title='bbox 727 272 785 315; x_wconf 86' lang='lat' dir='ltr'>ita</span> <span class='ocrx_word' id='word_1_13' title='bbox 807 286 851 315; x_wconf 89' lang='lat' dir='ltr'>se</span> <span class='ocrx_word' id='word_1_14' title='bbox 874 286 990 315; x_wconf 87' lang='lat' dir='ltr'>nunc</span> <span class='ocrx_word' id='word_1_15' title='bbox 1013 270 1086 314; x_wconf 85' lang='lat' dir='ltr'>ille</span> <span class='ocrx_word' id='word_1_16' title='bbox 1120 278 1320 328; x_wconf 84' lang='lat' dir='ltr'>agnoscat</span> <span class='ocrx_word' id='word_1_17' title='bbox 1343 285 1464 314; x_wconf 82' lang='lat' dir='ltr'>acee-</span> 
     </span>
     <span class='ocr_line' id='line_1_4' title="bbox 85 340 1462 402; baseline -0.002 -15"><span class='ocrx_word' id='word_1_18' title='bbox 85 344 194 402; x_wconf 88' lang='lat' dir='ltr'>pisse</span> <span class='ocrx_word' id='word_1_19' title='bbox 217 344 422 402; x_wconf 87' lang='lat' dir='ltr'>Spiritum</span> <span class='ocrx_word' id='word_1_20' title='bbox 442 351 638 386; x_wconf 86' lang='lat' dir='ltr'>sanctum</span> <span class='ocrx_word' id='word_1_21' title='bbox 653 377 663 396; x_wconf 93' lang='lat'>,</span> <span class='ocrx_word' id='word_1_22' title='bbox 689 342 764 401; x_wconf 88' lang='lat' dir='ltr'>qui</span> <span class='ocrx_word' id='word_1_23' title='bbox 782 350 954 385; x_wconf 86' lang='lat' dir='ltr'>tenetur</span> <span class='ocrx_word' id='word_1_24' title='bbox 975 341 1151 386; x_wconf 86' lang='lat' dir='ltr'>vinculo</span> <span class='ocrx_word' id='word_1_25' title='bbox 1172 340 1288 399; x_wconf 84' lang='lat' dir='ltr'>pacis</span> <span class='ocrx_word' id='word_1_26' title='bbox 1310 340 1462 384; x_wconf 85' lang='lat' dir='ltr'>Eccle-</span> 
     </span>
     <span class='ocr_line' id='line_1_5' title="bbox 86 411 1462 474; baseline -0.003 -15"><span class='ocrx_word' id='word_1_27' title='bbox 86 414 180 470; x_wconf 84' lang='lat' dir='ltr'>siae,</span> <span class='ocrx_word' id='word_1_28' title='bbox 206 430 304 474; x_wconf 80' lang='lat' dir='ltr'>quae</span> <span class='ocrx_word' id='word_1_29' title='bbox 342 412 604 457; x_wconf 85' lang='lat' dir='ltr'>diffunditur</span> <span class='ocrx_word' id='word_1_30' title='bbox 635 413 680 455; x_wconf 89' lang='lat' dir='ltr'>in</span> <span class='ocrx_word' id='word_1_31' title='bbox 709 412 913 456; x_wconf 87' lang='lat' dir='ltr'>omnibus</span> <span class='ocrx_word' id='word_1_32' title='bbox 949 413 1165 472; x_wconf 81' lang='lat' dir='ltr'>gentibus.</span> <span class='ocrx_word' id='word_1_33' title='bbox 1206 411 1330 456; x_wconf 83' lang='lat' dir='ltr'>Unde</span> <span class='ocrx_word' id='word_1_34' title='bbox 1358 411 1462 456; x_wconf 87' lang='lat' dir='ltr'>dicit</span> 
     </span>
     <span class='ocr_line' id='line_1_6' title="bbox 85 483 1462 544; baseline -0.003 -14"><span class='ocrx_word' id='word_1_35' title='bbox 85 484 316 544; x_wconf 80' lang='lat' dir='ltr'>Apostolus</span> <span class='ocrx_word' id='word_1_36' title='bbox 342 499 350 525; x_wconf 91' lang='lat'>:</span> <span class='ocrx_word' id='word_1_37' title='bbox 386 503 405 525; x_wconf 91' lang='lat'>«</span> <span class='ocrx_word' id='word_1_38' title='bbox 420 483 650 529; x_wconf 77' lang='lat' dir='ltr'><strong>studentes</strong></span> <span class='ocrx_word' id='word_1_39' title='bbox 671 498 840 528; x_wconf 83' lang='lat' dir='ltr'>servare</span> <span class='ocrx_word' id='word_1_40' title='bbox 857 483 1069 528; x_wconf 86' lang='lat' dir='ltr'>unitatem</span> <span class='ocrx_word' id='word_1_41' title='bbox 1094 484 1275 543; x_wconf 84' lang='lat' dir='ltr'>Spiritus</span> <span class='ocrx_word' id='word_1_42' title='bbox 1296 483 1341 526; x_wconf 92' lang='lat' dir='ltr'>in</span> <span class='ocrx_word' id='word_1_43' title='bbox 1362 483 1462 527; x_wconf 83' lang='lat' dir='ltr'>vin-</span> 
     </span>
     <span class='ocr_line' id='line_1_7' title="bbox 87 555 463 615; baseline 0.008 -19"><span class='ocrx_word' id='word_1_44' title='bbox 87 574 108 596; x_wconf 83' lang='lat'>»</span> <span class='ocrx_word' id='word_1_45' title='bbox 143 555 243 600; x_wconf 88' lang='lat' dir='ltr'>culo</span> <span class='ocrx_word' id='word_1_46' title='bbox 264 556 380 615; x_wconf 84' lang='lat' dir='ltr'>pacis</span> <span class='ocrx_word' id='word_1_47' title='bbox 397 558 427 599; x_wconf 87' lang='lat'>¹.</span> <span class='ocrx_word' id='word_1_48' title='bbox 444 574 463 596; x_wconf 89' lang='lat'>»</span> 
     </span>
    </p>

    <p class='ocr_par' dir='ltr' id='par_1_4' title="bbox 82 625 1465 1520">
     <span class='ocr_line' id='line_1_8' title="bbox 141 625 1463 685; baseline -0.001 -15"><span class='ocrx_word' id='word_1_49' title='bbox 141 628 307 670; x_wconf 81' lang='lat' dir='ltr'>XXIX.</span> <span class='ocrx_word' id='word_1_50' title='bbox 343 625 470 679; x_wconf 84' lang='lat' dir='ltr'>Quod</span> <span class='ocrx_word' id='word_1_51' title='bbox 487 635 630 670; x_wconf 87' lang='lat' dir='ltr'>autem</span> <span class='ocrx_word' id='word_1_52' title='bbox 651 626 705 670; x_wconf 91' lang='lat' dir='ltr'>sit</span> <span class='ocrx_word' id='word_1_53' title='bbox 720 626 810 684; x_wconf 90' lang='lat' dir='ltr'>ipse</span> <span class='ocrx_word' id='word_1_54' title='bbox 831 626 1013 684; x_wconf 85' lang='lat' dir='ltr'>Spiritus</span> <span class='ocrx_word' id='word_1_55' title='bbox 1033 625 1189 680; x_wconf 83' lang='lat' dir='ltr'>Patris,</span> <span class='ocrx_word' id='word_1_56' title='bbox 1214 626 1305 685; x_wconf 86' lang='lat' dir='ltr'>ipse</span> <span class='ocrx_word' id='word_1_57' title='bbox 1329 625 1463 670; x_wconf 88' lang='lat' dir='ltr'>Filius</span> 
     </span>
     <span class='ocr_line' id='line_1_9' title="bbox 84 697 1464 757; baseline -0.001 -15"><span class='ocrx_word' id='word_1_58' title='bbox 84 698 213 742; x_wconf 86' lang='lat' dir='ltr'>dicit:</span> <span class='ocrx_word' id='word_1_59' title='bbox 235 701 331 741; x_wconf 90' lang='lat' dir='ltr'>«De</span> <span class='ocrx_word' id='word_1_60' title='bbox 354 701 480 742; x_wconf 89' lang='lat' dir='ltr'>Patre</span> <span class='ocrx_word' id='word_1_61' title='bbox 494 697 690 757; x_wconf 83' lang='lat' dir='ltr'>procedit</span> <span class='ocrx_word' id='word_1_62' title='bbox 706 699 768 741; x_wconf 81' lang='lat'>².»</span> <span class='ocrx_word' id='word_1_63' title='bbox 787 700 844 741; x_wconf 92' lang='lat' dir='ltr'>Et</span> <span class='ocrx_word' id='word_1_64' title='bbox 860 697 943 741; x_wconf 85' lang='lat' dir='ltr'>alio</span> <span class='ocrx_word' id='word_1_65' title='bbox 962 697 1059 743; x_wconf 86' lang='lat' dir='ltr'>loco</span> <span class='ocrx_word' id='word_1_66' title='bbox 1080 716 1088 742; x_wconf 95' lang='lat'><strong>:</strong></span> <span class='ocrx_word' id='word_1_67' title='bbox 1110 700 1237 743; x_wconf 89' lang='lat' dir='ltr'>«Non</span> <span class='ocrx_word' id='word_1_68' title='bbox 1257 698 1371 741; x_wconf 86' lang='lat' dir='ltr'>enim</span> <span class='ocrx_word' id='word_1_69' title='bbox 1389 714 1464 742; x_wconf 90' lang='lat' dir='ltr'>vos</span> 
     </span>
     <span class='ocr_line' id='line_1_10' title="bbox 87 768 1464 830; baseline 0.001 -18"><span class='ocrx_word' id='word_1_70' title='bbox 87 788 106 811; x_wconf 89' lang='lat'>»</span> <span class='ocrx_word' id='word_1_71' title='bbox 143 770 239 813; x_wconf 90' lang='lat' dir='ltr'>estis</span> <span class='ocrx_word' id='word_1_72' title='bbox 262 769 337 830; x_wconf 92' lang='lat' dir='ltr'>qui</span> <span class='ocrx_word' id='word_1_73' title='bbox 358 768 610 830; x_wconf 82' lang='lat' dir='ltr'>loquimini,</span> <span class='ocrx_word' id='word_1_74' title='bbox 631 769 705 815; x_wconf 86' lang='lat' dir='ltr'>sed</span> <span class='ocrx_word' id='word_1_75' title='bbox 726 769 908 829; x_wconf 88' lang='lat' dir='ltr'>Spiritus</span> <span class='ocrx_word' id='word_1_76' title='bbox 925 769 1060 814; x_wconf 90' lang='lat' dir='ltr'>Patris</span> <span class='ocrx_word' id='word_1_77' title='bbox 1081 770 1210 814; x_wconf 85' lang='lat' dir='ltr'>vestri</span> <span class='ocrx_word' id='word_1_78' title='bbox 1234 770 1308 829; x_wconf 87' lang='lat' dir='ltr'>qui</span> <span class='ocrx_word' id='word_1_79' title='bbox 1326 770 1464 830; x_wconf 89' lang='lat' dir='ltr'>loqui-</span> 
     </span>
     <span class='ocr_line' id='line_1_11' title="bbox 87 839 1465 900; baseline 0.002 -20"><span class='ocrx_word' id='word_1_80' title='bbox 87 858 107 880; x_wconf 90' lang='lat'>»</span> <span class='ocrx_word' id='word_1_81' title='bbox 142 849 212 883; x_wconf 91' lang='lat' dir='ltr'>tur</span> <span class='ocrx_word' id='word_1_82' title='bbox 233 840 278 883; x_wconf 91' lang='lat' dir='ltr'>in</span> <span class='ocrx_word' id='word_1_83' title='bbox 293 840 415 884; x_wconf 87' lang='lat' dir='ltr'>vobis</span> <span class='ocrx_word' id='word_1_84' title='bbox 427 842 458 883; x_wconf 78' lang='grc'>3.</span> <span class='ocrx_word' id='word_1_85' title='bbox 469 859 487 881; x_wconf 86' lang='lat'>»</span> <span class='ocrx_word' id='word_1_86' title='bbox 504 840 632 893; x_wconf 89' lang='lat' dir='ltr'>Quod</span> <span class='ocrx_word' id='word_1_87' title='bbox 650 855 753 885; x_wconf 86' lang='lat' dir='ltr'>vero</span> <span class='ocrx_word' id='word_1_88' title='bbox 768 841 857 900; x_wconf 92' lang='lat' dir='ltr'>ipse</span> <span class='ocrx_word' id='word_1_89' title='bbox 871 840 924 884; x_wconf 89' lang='lat' dir='ltr'>sit</span> <span class='ocrx_word' id='word_1_90' title='bbox 938 850 980 884; x_wconf 92' lang='lat' dir='ltr'>et</span> <span class='ocrx_word' id='word_1_91' title='bbox 1001 840 1182 900; x_wconf 84' lang='lat' dir='ltr'>Spiritus</span> <span class='ocrx_word' id='word_1_92' title='bbox 1198 839 1310 893; x_wconf 77' lang='lat' dir='ltr'>Filii,</span> <span class='ocrx_word' id='word_1_93' title='bbox 1327 844 1465 899; x_wconf 87' lang='lat' dir='ltr'>Apos-</span> 
     </span>
     <span class='ocr_line' id='line_1_12' title="bbox 87 909 1461 971; baseline -0.001 -17"><span class='ocrx_word' id='word_1_94' title='bbox 87 910 198 954; x_wconf 84' lang='lat' dir='ltr'>tolus</span> <span class='ocrx_word' id='word_1_95' title='bbox 211 909 336 955; x_wconf 89' lang='lat' dir='ltr'>dicit:</span> <span class='ocrx_word' id='word_1_96' title='bbox 354 911 501 955; x_wconf 78' lang='lat' dir='ltr'>«Misit</span> <span class='ocrx_word' id='word_1_97' title='bbox 524 915 636 955; x_wconf 88' lang='lat' dir='ltr'>Deus</span> <span class='ocrx_word' id='word_1_98' title='bbox 661 912 866 971; x_wconf 90' lang='lat' dir='ltr'>Spiritum</span> <span class='ocrx_word' id='word_1_99' title='bbox 889 910 985 955; x_wconf 87' lang='lat' dir='ltr'>Filii</span> <span class='ocrx_word' id='word_1_100' title='bbox 1004 911 1069 955; x_wconf 93' lang='lat' dir='ltr'>sui</span> <span class='ocrx_word' id='word_1_101' title='bbox 1085 911 1130 954; x_wconf 90' lang='lat' dir='ltr'>in</span> <span class='ocrx_word' id='word_1_102' title='bbox 1147 909 1277 955; x_wconf 90' lang='lat' dir='ltr'>corda</span> <span class='ocrx_word' id='word_1_103' title='bbox 1300 919 1461 963; x_wconf 85' lang='lat' dir='ltr'>nostra,</span> 
     </span>
     <span class='ocr_line' id='line_1_13' title="bbox 86 980 1460 1041; baseline 0.001 -19"><span class='ocrx_word' id='word_1_104' title='bbox 86 980 382 1025; x_wconf 78' lang='lat' dir='ltr'>»clamantem</span> <span class='ocrx_word' id='word_1_105' title='bbox 403 981 728 1041; x_wconf 76' lang='lat' dir='ltr'>:Abba,pater⁴</span> <span class='ocrx_word' id='word_1_106' title='bbox 747 1001 757 1027; x_wconf 79' lang='lat'>2</span> <span class='ocrx_word' id='word_1_107' title='bbox 778 1000 798 1023; x_wconf 88' lang='lat'>»</span> <span class='ocrx_word' id='word_1_108' title='bbox 814 982 897 1026; x_wconf 91' lang='lat' dir='ltr'>hoc</span> <span class='ocrx_word' id='word_1_109' title='bbox 919 991 998 1037; x_wconf 88' lang='lat' dir='ltr'>est,</span> <span class='ocrx_word' id='word_1_110' title='bbox 1014 980 1200 1026; x_wconf 86' lang='lat' dir='ltr'>clamare</span> <span class='ocrx_word' id='word_1_111' title='bbox 1214 980 1460 1024; x_wconf 78' lang='lat' dir='ltr'>facientem.</span> 
     </span>
     <span class='ocr_line' id='line_1_14' title="bbox 83 1050 1464 1110; baseline 0 -15"><span class='ocrx_word' id='word_1_112' title='bbox 83 1053 168 1095; x_wconf 90' lang='lat' dir='ltr'>Nos</span> <span class='ocrx_word' id='word_1_113' title='bbox 190 1052 303 1094; x_wconf 89' lang='lat' dir='ltr'>enirn</span> <span class='ocrx_word' id='word_1_114' title='bbox 327 1050 590 1109; x_wconf 74' lang='lat' dir='ltr'>clamamus,</span> <span class='ocrx_word' id='word_1_115' title='bbox 615 1051 691 1096; x_wconf 89' lang='lat' dir='ltr'>sed</span> <span class='ocrx_word' id='word_1_116' title='bbox 713 1052 756 1096; x_wconf 88' lang='lat' dir='ltr'>in</span> <span class='ocrx_word' id='word_1_117' title='bbox 771 1051 870 1107; x_wconf 85' lang='lat' dir='ltr'>illo,</span> <span class='ocrx_word' id='word_1_118' title='bbox 895 1052 940 1095; x_wconf 88' lang='lat' dir='ltr'>id</span> <span class='ocrx_word' id='word_1_119' title='bbox 958 1061 1046 1106; x_wconf 87' lang='lat' dir='ltr'>est,</span> <span class='ocrx_word' id='word_1_120' title='bbox 1072 1053 1165 1110; x_wconf 88' lang='lat' dir='ltr'>ipso</span> <span class='ocrx_word' id='word_1_121' title='bbox 1188 1050 1464 1095; x_wconf 74' lang='lat' dir='ltr'>diffundente</span> 
     </span>
     <span class='ocr_line' id='line_1_15' title="bbox 83 1121 1465 1182; baseline 0.001 -18"><span class='ocrx_word' id='word_1_122' title='bbox 83 1121 335 1164; x_wconf 85' lang='lat' dir='ltr'>charitatem</span> <span class='ocrx_word' id='word_1_123' title='bbox 361 1122 404 1165; x_wconf 83' lang='lat' dir='ltr'>in</span> <span class='ocrx_word' id='word_1_124' title='bbox 423 1122 627 1165; x_wconf 85' lang='lat' dir='ltr'>cordibus</span> <span class='ocrx_word' id='word_1_125' title='bbox 651 1123 830 1176; x_wconf 82' lang='lat' dir='ltr'>nostris,</span> <span class='ocrx_word' id='word_1_126' title='bbox 868 1122 958 1165; x_wconf 88' lang='lat' dir='ltr'>sine</span> <span class='ocrx_word' id='word_1_127' title='bbox 990 1138 1074 1182; x_wconf 88' lang='lat' dir='ltr'>qua</span> <span class='ocrx_word' id='word_1_128' title='bbox 1098 1121 1284 1165; x_wconf 81' lang='lat' dir='ltr'>inaniter</span> <span class='ocrx_word' id='word_1_129' title='bbox 1306 1121 1465 1166; x_wconf 82' lang='lat' dir='ltr'>clamat</span> 
     </span>
     <span class='ocr_line' id='line_1_16' title="bbox 82 1191 1463 1251; baseline 0.001 -18"><span class='ocrx_word' id='word_1_130' title='bbox 82 1191 348 1250; x_wconf 84' lang='lat' dir='ltr'>quicumque</span> <span class='ocrx_word' id='word_1_131' title='bbox 370 1191 542 1235; x_wconf 84' lang='lat' dir='ltr'>clamat.</span> <span class='ocrx_word' id='word_1_132' title='bbox 570 1192 694 1237; x_wconf 85' lang='lat' dir='ltr'>Unde</span> <span class='ocrx_word' id='word_1_133' title='bbox 716 1192 820 1235; x_wconf 86' lang='lat' dir='ltr'>item</span> <span class='ocrx_word' id='word_1_134' title='bbox 844 1191 947 1235; x_wconf 86' lang='lat' dir='ltr'>dicit</span> <span class='ocrx_word' id='word_1_135' title='bbox 985 1211 992 1235; x_wconf 95' lang='lat'>:</span> <span class='ocrx_word' id='word_1_136' title='bbox 1031 1210 1051 1233; x_wconf 90' lang='lat'>«</span> <span class='ocrx_word' id='word_1_137' title='bbox 1082 1192 1284 1251; x_wconf 83' lang='lat' dir='ltr'>Quisquis</span> <span class='ocrx_word' id='word_1_138' title='bbox 1319 1203 1463 1235; x_wconf 87' lang='lat' dir='ltr'>autem</span> 
     </span>
     <span class='ocr_line' id='line_1_17' title="bbox 87 1261 1465 1322; baseline 0.004 -21"><span class='ocrx_word' id='word_1_139' title='bbox 87 1280 107 1302; x_wconf 66' lang='grc' dir='ltr'>η</span> <span class='ocrx_word' id='word_1_140' title='bbox 145 1261 351 1320; x_wconf 87' lang='lat' dir='ltr'>Spiritum</span> <span class='ocrx_word' id='word_1_141' title='bbox 375 1263 534 1306; x_wconf 84' lang='lat' dir='ltr'>Christi</span> <span class='ocrx_word' id='word_1_142' title='bbox 568 1277 655 1306; x_wconf 86' lang='lat' dir='ltr'>non</span> <span class='ocrx_word' id='word_1_143' title='bbox 685 1262 838 1316; x_wconf 86' lang='lat' dir='ltr'>habet,</span> <span class='ocrx_word' id='word_1_144' title='bbox 866 1263 936 1306; x_wconf 90' lang='lat' dir='ltr'>hic</span> <span class='ocrx_word' id='word_1_145' title='bbox 964 1278 1052 1306; x_wconf 86' lang='lat' dir='ltr'>non</span> <span class='ocrx_word' id='word_1_146' title='bbox 1086 1272 1151 1306; x_wconf 93' lang='lat' dir='ltr'>est</span> <span class='ocrx_word' id='word_1_147' title='bbox 1182 1264 1315 1322; x_wconf 71' lang='lat' dir='ltr'>ejus-⁷³.</span> <span class='ocrx_word' id='word_1_148' title='bbox 1348 1282 1366 1303; x_wconf 67' lang='grc' dir='ltr'>η</span> <span class='ocrx_word' id='word_1_149' title='bbox 1396 1262 1465 1306; x_wconf 78' lang='lat' dir='ltr'>Ad</span> 
     </span>
     <span class='ocr_line' id='line_1_18' title="bbox 84 1333 1463 1393; baseline 0.001 -18"><span class='ocrx_word' id='word_1_150' title='bbox 84 1348 214 1392; x_wconf 88' lang='lat' dir='ltr'>quem</span> <span class='ocrx_word' id='word_1_151' title='bbox 233 1348 336 1390; x_wconf 85' lang='lat' dir='ltr'>ergo</span> <span class='ocrx_word' id='word_1_152' title='bbox 358 1334 401 1376; x_wconf 88' lang='lat' dir='ltr'>in</span> <span class='ocrx_word' id='word_1_153' title='bbox 428 1334 636 1377; x_wconf 67' lang='lat' dir='ltr'>&#39;trinitate</span> <span class='ocrx_word' id='word_1_154' title='bbox 661 1334 835 1392; x_wconf 83' lang='lat' dir='ltr'>proprie</span> <span class='ocrx_word' id='word_1_155' title='bbox 857 1333 1091 1391; x_wconf 81' lang='lat' dir='ltr'>pertineret</span> <span class='ocrx_word' id='word_1_156' title='bbox 1114 1335 1240 1393; x_wconf 84' lang='lat' dir='ltr'>hujus</span> <span class='ocrx_word' id='word_1_157' title='bbox 1263 1349 1463 1378; x_wconf 88' lang='lat' dir='ltr'>commu-</span> 
     </span>
     <span class='ocr_line' id='line_1_19' title="bbox 83 1404 1465 1466; baseline 0.002 -19"><span class='ocrx_word' id='word_1_158' title='bbox 83 1404 156 1448; x_wconf 92' lang='lat' dir='ltr'>nio</span> <span class='ocrx_word' id='word_1_159' title='bbox 176 1405 388 1449; x_wconf 83' lang='lat' dir='ltr'>societatis</span> <span class='ocrx_word' id='word_1_160' title='bbox 403 1440 413 1460; x_wconf 92' lang='lat'>,</span> <span class='ocrx_word' id='word_1_161' title='bbox 440 1405 520 1448; x_wconf 88' lang='lat' dir='ltr'>nisi</span> <span class='ocrx_word' id='word_1_162' title='bbox 543 1406 597 1449; x_wconf 77' lang='lat' dir='ltr'>acl</span> <span class='ocrx_word' id='word_1_163' title='bbox 621 1420 719 1448; x_wconf 89' lang='lat' dir='ltr'>eum</span> <span class='ocrx_word' id='word_1_164' title='bbox 746 1405 953 1464; x_wconf 88' lang='lat' dir='ltr'>Spiritum</span> <span class='ocrx_word' id='word_1_165' title='bbox 974 1405 1047 1464; x_wconf 87' lang='lat' dir='ltr'>qui</span> <span class='ocrx_word' id='word_1_166' title='bbox 1060 1415 1121 1450; x_wconf 87' lang='lat' dir='ltr'>est</span> <span class='ocrx_word' id='word_1_167' title='bbox 1136 1405 1250 1450; x_wconf 88' lang='lat' dir='ltr'>Patri</span> <span class='ocrx_word' id='word_1_168' title='bbox 1270 1405 1465 1466; x_wconf 81' lang='lat' dir='ltr'>Filioque</span> 
     </span>
     <span class='ocr_line' id='line_1_20' title="bbox 84 1477 350 1520; baseline 0.004 -1"><span class='ocrx_word' id='word_1_169' title='bbox 84 1477 350 1520; x_wconf 79' lang='lat' dir='ltr'>communis?</span> 
     </span>
    </p>

    <p class='ocr_par' dir='ltr' id='par_1_5' title="bbox 82 1547 1467 2456">
     <span class='ocr_line' id='line_1_21' title="bbox 141 1547 1464 1608; baseline 0.002 -18"><span class='ocrx_word' id='word_1_170' title='bbox 141 1548 284 1590; x_wconf 44' lang='lat' dir='ltr'>XXX,</span> <span class='ocrx_word' id='word_1_171' title='bbox 321 1549 449 1590; x_wconf 90' lang='lat' dir='ltr'>Hunc</span> <span class='ocrx_word' id='word_1_172' title='bbox 473 1547 679 1605; x_wconf 86' lang='lat' dir='ltr'>Spiritum</span> <span class='ocrx_word' id='word_1_173' title='bbox 703 1547 823 1606; x_wconf 88' lang='lat' dir='ltr'>quod</span> <span class='ocrx_word' id='word_1_174' title='bbox 847 1547 909 1591; x_wconf 87' lang='lat' dir='ltr'>illi</span> <span class='ocrx_word' id='word_1_175' title='bbox 927 1562 1015 1591; x_wconf 87' lang='lat' dir='ltr'>non</span> <span class='ocrx_word' id='word_1_176' title='bbox 1038 1547 1250 1603; x_wconf 78' lang='lat' dir='ltr'>habeant,</span> <span class='ocrx_word' id='word_1_177' title='bbox 1271 1548 1464 1608; x_wconf 82' lang='lat' dir='ltr'>quisunt</span> 
     </span>
     <span class='ocr_line' id='line_1_22' title="bbox 85 1616 1464 1679; baseline 0.003 -19"><span class='ocrx_word' id='word_1_178' title='bbox 85 1616 140 1660; x_wconf 87' lang='lat' dir='ltr'>ab</span> <span class='ocrx_word' id='word_1_179' title='bbox 163 1617 352 1661; x_wconf 77' lang='lat' dir='ltr'>Ecclesia</span> <span class='ocrx_word' id='word_1_180' title='bbox 376 1619 610 1676; x_wconf 78' lang='lat' dir='ltr'>segregati,</span> <span class='ocrx_word' id='word_1_181' title='bbox 638 1619 771 1662; x_wconf 71' lang='lat' dir='ltr'>,Iudas</span> <span class='ocrx_word' id='word_1_182' title='bbox 794 1618 1012 1677; x_wconf 90' lang='lat' dir='ltr'>apostolus</span> <span class='ocrx_word' id='word_1_183' title='bbox 1035 1620 1299 1679; x_wconf 81' lang='lat' dir='ltr'>apertissime</span> <span class='ocrx_word' id='word_1_184' title='bbox 1320 1620 1464 1664; x_wconf 85' lang='lat' dir='ltr'>decla-</span> 
     </span>
     <span class='ocr_line' id='line_1_23' title="bbox 84 1684 1461 1748; baseline 0.002 -17"><span class='ocrx_word' id='word_1_185' title='bbox 84 1689 216 1742; x_wconf 87' lang='lat' dir='ltr'>ravit,</span> <span class='ocrx_word' id='word_1_186' title='bbox 238 1689 384 1732; x_wconf 86' lang='lat' dir='ltr'>dicens</span> <span class='ocrx_word' id='word_1_187' title='bbox 409 1708 418 1733; x_wconf 75' lang='grc' dir='ltr'>ε</span> <span class='ocrx_word' id='word_1_188' title='bbox 441 1690 545 1741; x_wconf 84' lang='lat' dir='ltr'>«Qui</span> <span class='ocrx_word' id='word_1_189' title='bbox 563 1684 606 1733; x_wconf 66' lang='lat' dir='ltr'>s&#39;e</span> <span class='ocrx_word' id='word_1_190' title='bbox 629 1689 741 1748; x_wconf 89' lang='lat' dir='ltr'>ipsos</span> <span class='ocrx_word' id='word_1_191' title='bbox 758 1698 999 1747; x_wconf 82' lang='lat' dir='ltr'>segregant,</span> <span class='ocrx_word' id='word_1_192' title='bbox 1017 1689 1238 1744; x_wconf 84' lang='lat' dir='ltr'>animales,</span> <span class='ocrx_word' id='word_1_193' title='bbox 1256 1690 1461 1748; x_wconf 88' lang='lat' dir='ltr'>Spiritum</span> 
     </span>
     <span class='ocr_line' id='line_1_24' title="bbox 87 1758 1467 1819; baseline 0.003 -20"><span class='ocrx_word' id='word_1_194' title='bbox 87 1775 107 1800; x_wconf 89' lang='lat'>»</span> <span class='ocrx_word' id='word_1_195' title='bbox 133 1773 221 1802; x_wconf 92' lang='lat' dir='ltr'>non</span> <span class='ocrx_word' id='word_1_196' title='bbox 239 1758 514 1802; x_wconf 66' lang='lat' dir='ltr'>habentesss.»</span> <span class='ocrx_word' id='word_1_197' title='bbox 528 1758 653 1802; x_wconf 87' lang='lat' dir='ltr'>Unde</span> <span class='ocrx_word' id='word_1_198' title='bbox 666 1760 709 1801; x_wconf 90' lang='lat' dir='ltr'>in</span> <span class='ocrx_word' id='word_1_199' title='bbox 724 1759 813 1817; x_wconf 87' lang='lat' dir='ltr'>ipsa</span> <span class='ocrx_word' id='word_1_200' title='bbox 838 1758 1026 1802; x_wconf 81' lang='lat' dir='ltr'>Ecclesia</span> <span class='ocrx_word' id='word_1_201' title='bbox 1046 1760 1171 1802; x_wconf 90' lang='lat' dir='ltr'>etiam</span> <span class='ocrx_word' id='word_1_202' title='bbox 1190 1759 1285 1803; x_wconf 90' lang='lat' dir='ltr'>illos</span> <span class='ocrx_word' id='word_1_203' title='bbox 1300 1760 1376 1819; x_wconf 90' lang='lat' dir='ltr'>qui</span> <span class='ocrx_word' id='word_1_204' title='bbox 1389 1775 1467 1819; x_wconf 89' lang='lat' dir='ltr'>per</span> 
     </span>
     <span class='ocr_line' id='line_1_25' title="bbox 86 1829 1461 1889; baseline 0.001 -16"><span class='ocrx_word' id='word_1_205' title='bbox 86 1830 261 1873; x_wconf 89' lang='lat' dir='ltr'>nomina</span> <span class='ocrx_word' id='word_1_206' title='bbox 278 1829 520 1889; x_wconf 82' lang='lat' dir='ltr'>hominum,</span> <span class='ocrx_word' id='word_1_207' title='bbox 538 1830 735 1889; x_wconf 85' lang='lat' dir='ltr'>quamvis</span> <span class='ocrx_word' id='word_1_208' title='bbox 747 1830 793 1873; x_wconf 89' lang='lat' dir='ltr'>in</span> <span class='ocrx_word' id='word_1_209' title='bbox 811 1830 979 1873; x_wconf 85' lang='lat' dir='ltr'>unitate</span> <span class='ocrx_word' id='word_1_210' title='bbox 995 1832 1087 1889; x_wconf 85' lang='lat' dir='ltr'>ejus</span> <span class='ocrx_word' id='word_1_211' title='bbox 1109 1830 1461 1886; x_wconf 89' lang='lat' dir='ltr'>constitutorum,</span> 
     </span>
     <span class='ocr_line' id='line_1_26' title="bbox 84 1899 1461 1960; baseline 0.001 -17"><span class='ocrx_word' id='word_1_212' title='bbox 84 1899 282 1960; x_wconf 84' lang='lat' dir='ltr'>quaedam</span> <span class='ocrx_word' id='word_1_213' title='bbox 299 1900 525 1944; x_wconf 81' lang='lat' dir='ltr'>schismata</span> <span class='ocrx_word' id='word_1_214' title='bbox 541 1900 847 1954; x_wconf 83' lang='lat' dir='ltr'>moliebantur,</span> <span class='ocrx_word' id='word_1_215' title='bbox 860 1899 1020 1944; x_wconf 85' lang='lat' dir='ltr'>Paulus</span> <span class='ocrx_word' id='word_1_216' title='bbox 1029 1899 1247 1959; x_wconf 86' lang='lat' dir='ltr'>apostolus</span> <span class='ocrx_word' id='word_1_217' title='bbox 1261 1916 1461 1959; x_wconf 81' lang='lat' dir='ltr'>arguens,</span> 
     </span>
     <span class='ocr_line' id='line_1_27' title="bbox 84 1970 1465 2032; baseline 0.001 -18"><span class='ocrx_word' id='word_1_218' title='bbox 84 1971 197 2014; x_wconf 88' lang='lat' dir='ltr'>inter</span> <span class='ocrx_word' id='word_1_219' title='bbox 218 1980 372 2015; x_wconf 86' lang='lat' dir='ltr'>caetera</span> <span class='ocrx_word' id='word_1_220' title='bbox 392 1972 450 2015; x_wconf 89' lang='lat' dir='ltr'>ait</span> <span class='ocrx_word' id='word_1_221' title='bbox 468 1991 475 2015; x_wconf 91' lang='lat'>:</span> <span class='ocrx_word' id='word_1_222' title='bbox 499 1970 738 2016; x_wconf 83' lang='lat' dir='ltr'>«Animalis</span> <span class='ocrx_word' id='word_1_223' title='bbox 758 1981 902 2015; x_wconf 85' lang='lat' dir='ltr'>autem</span> <span class='ocrx_word' id='word_1_224' title='bbox 918 1972 1050 2015; x_wconf 90' lang='lat' dir='ltr'>homo</span> <span class='ocrx_word' id='word_1_225' title='bbox 1068 1987 1155 2015; x_wconf 91' lang='lat' dir='ltr'>non</span> <span class='ocrx_word' id='word_1_226' title='bbox 1175 1971 1355 2031; x_wconf 86' lang='lat' dir='ltr'>percipit</span> <span class='ocrx_word' id='word_1_227' title='bbox 1367 1988 1465 2032; x_wconf 84' lang='lat' dir='ltr'>quae</span> 
     </span>
     <span class='ocr_line' id='line_1_28' title="bbox 85 2041 1464 2101; baseline 0.004 -19"><span class='ocrx_word' id='word_1_228' title='bbox 85 2059 105 2082; x_wconf 87' lang='lat'>»</span> <span class='ocrx_word' id='word_1_229' title='bbox 141 2050 242 2084; x_wconf 89' lang='lat' dir='ltr'>sunt</span> <span class='ocrx_word' id='word_1_230' title='bbox 275 2041 456 2100; x_wconf 84' lang='lat' dir='ltr'>Spiritus</span> <span class='ocrx_word' id='word_1_231' title='bbox 479 2042 582 2099; x_wconf 77' lang='lat' dir='ltr'>Dei3</span> <span class='ocrx_word' id='word_1_232' title='bbox 607 2041 789 2085; x_wconf 90' lang='lat' dir='ltr'>stultitia</span> <span class='ocrx_word' id='word_1_233' title='bbox 812 2042 926 2085; x_wconf 86' lang='lat' dir='ltr'>enim</span> <span class='ocrx_word' id='word_1_234' title='bbox 949 2050 1011 2085; x_wconf 88' lang='lat' dir='ltr'>est</span> <span class='ocrx_word' id='word_1_235' title='bbox 1030 2041 1113 2096; x_wconf 89' lang='lat' dir='ltr'>illi,</span> <span class='ocrx_word' id='word_1_236' title='bbox 1138 2051 1181 2085; x_wconf 86' lang='lat' dir='ltr'>et</span> <span class='ocrx_word' id='word_1_237' title='bbox 1211 2057 1299 2086; x_wconf 91' lang='lat' dir='ltr'>non</span> <span class='ocrx_word' id='word_1_238' title='bbox 1322 2051 1464 2101; x_wconf 89' lang='lat' dir='ltr'>potest</span> 
     </span>
     <span class='ocr_line' id='line_1_29' title="bbox 85 2112 1463 2173; baseline 0.004 -20"><span class='ocrx_word' id='word_1_239' title='bbox 85 2131 105 2154; x_wconf 87' lang='lat'>»</span> <span class='ocrx_word' id='word_1_240' title='bbox 140 2113 262 2167; x_wconf 83' lang='lat' dir='ltr'>scire,</span> <span class='ocrx_word' id='word_1_241' title='bbox 293 2113 495 2172; x_wconf 83' lang='lat' dir='ltr'>quoniam</span> <span class='ocrx_word' id='word_1_242' title='bbox 518 2112 764 2172; x_wconf 86' lang='lat' dir='ltr'>spiritaliter</span> <span class='ocrx_word' id='word_1_243' title='bbox 786 2112 1124 2173; x_wconf 78' lang='lat' dir='ltr'>dijudicatur⁷.»</span> <span class='ocrx_word' id='word_1_244' title='bbox 1146 2113 1346 2157; x_wconf 84' lang='lat' dir='ltr'>Ostendit</span> <span class='ocrx_word' id='word_1_245' title='bbox 1358 2113 1463 2173; x_wconf 88' lang='lat' dir='ltr'>quid</span> 
     </span>
     <span class='ocr_line' id='line_1_30' title="bbox 82 2182 1458 2243; baseline 0.001 -17"><span class='ocrx_word' id='word_1_246' title='bbox 82 2182 262 2237; x_wconf 83' lang='lat' dir='ltr'>dixerit,</span> <span class='ocrx_word' id='word_1_247' title='bbox 288 2198 376 2226; x_wconf 93' lang='lat' dir='ltr'>non</span> <span class='ocrx_word' id='word_1_248' title='bbox 402 2183 606 2242; x_wconf 87' lang='lat' dir='ltr'>percipit,</span> <span class='ocrx_word' id='word_1_249' title='bbox 631 2183 676 2226; x_wconf 89' lang='lat' dir='ltr'>id</span> <span class='ocrx_word' id='word_1_250' title='bbox 697 2193 760 2227; x_wconf 86' lang='lat' dir='ltr'>est</span> <span class='ocrx_word' id='word_1_251' title='bbox 776 2218 786 2238; x_wconf 90' lang='lat'>,</span> <span class='ocrx_word' id='word_1_252' title='bbox 813 2183 1002 2227; x_wconf 84' lang='lat' dir='ltr'>scientiae</span> <span class='ocrx_word' id='word_1_253' title='bbox 1019 2199 1107 2228; x_wconf 90' lang='lat' dir='ltr'>non</span> <span class='ocrx_word' id='word_1_254' title='bbox 1130 2185 1246 2243; x_wconf 88' lang='lat' dir='ltr'>capit</span> <span class='ocrx_word' id='word_1_255' title='bbox 1262 2184 1458 2228; x_wconf 86' lang='lat' dir='ltr'>verbum.</span> 
     </span>
     <span class='ocr_line' id='line_1_31' title="bbox 82 2252 1464 2315; baseline 0.001 -18"><span class='ocrx_word' id='word_1_256' title='bbox 82 2256 171 2297; x_wconf 92' lang='lat' dir='ltr'>Hos</span> <span class='ocrx_word' id='word_1_257' title='bbox 192 2255 237 2296; x_wconf 92' lang='lat' dir='ltr'>in</span> <span class='ocrx_word' id='word_1_258' title='bbox 260 2252 448 2298; x_wconf 86' lang='lat' dir='ltr'>Ecclesia</span> <span class='ocrx_word' id='word_1_259' title='bbox 473 2254 730 2298; x_wconf 83' lang='lat' dir='ltr'>constitutos</span> <span class='ocrx_word' id='word_1_260' title='bbox 753 2254 955 2313; x_wconf 84' lang='lat' dir='ltr'>parvulos</span> <span class='ocrx_word' id='word_1_261' title='bbox 971 2290 981 2309; x_wconf 93' lang='lat'>,</span> <span class='ocrx_word' id='word_1_262' title='bbox 1020 2254 1125 2299; x_wconf 88' lang='lat' dir='ltr'>dicit</span> <span class='ocrx_word' id='word_1_263' title='bbox 1158 2254 1355 2298; x_wconf 89' lang='lat' dir='ltr'>nondum</span> <span class='ocrx_word' id='word_1_264' title='bbox 1377 2256 1464 2315; x_wconf 89' lang='lat' dir='ltr'>spi-</span> 
     </span>
     <span class='ocr_line' id='line_1_32' title="bbox 82 2323 1458 2380; baseline 0.002 -13"><span class='ocrx_word' id='word_1_265' title='bbox 82 2324 248 2378; x_wconf 88' lang='lat' dir='ltr'>ritales,</span> <span class='ocrx_word' id='word_1_266' title='bbox 273 2328 347 2368; x_wconf 91' lang='lat' dir='ltr'>sed</span> <span class='ocrx_word' id='word_1_267' title='bbox 372 2324 514 2368; x_wconf 88' lang='lat' dir='ltr'>adhuc</span> <span class='ocrx_word' id='word_1_268' title='bbox 542 2323 754 2379; x_wconf 84' lang='lat' dir='ltr'>carnales,</span> <span class='ocrx_word' id='word_1_269' title='bbox 781 2335 823 2369; x_wconf 93' lang='lat' dir='ltr'>et</span> <span class='ocrx_word' id='word_1_270' title='bbox 855 2324 966 2369; x_wconf 89' lang='lat' dir='ltr'>lacte</span> <span class='ocrx_word' id='word_1_271' title='bbox 997 2325 1196 2380; x_wconf 84' lang='lat' dir='ltr'>alendos,</span> <span class='ocrx_word' id='word_1_272' title='bbox 1228 2340 1317 2369; x_wconf 91' lang='lat' dir='ltr'>non</span> <span class='ocrx_word' id='word_1_273' title='bbox 1349 2341 1458 2371; x_wconf 89' lang='lat' dir='ltr'>esca.</span> 
     </span>
     <span class='ocr_line' id='line_1_33' title="bbox 86 2395 1460 2456; baseline 0.003 -18"><span class='ocrx_word' id='word_1_274' title='bbox 86 2414 106 2438; x_wconf 90' lang='lat'>«</span> <span class='ocrx_word' id='word_1_275' title='bbox 131 2395 262 2448; x_wconf 86' lang='lat' dir='ltr'>Quasi</span> <span class='ocrx_word' id='word_1_276' title='bbox 282 2395 486 2455; x_wconf 86' lang='lat' dir='ltr'>parvulis,</span> <span class='ocrx_word' id='word_1_277' title='bbox 504 2396 661 2455; x_wconf 85' lang='lat' dir='ltr'>inquit,</span> <span class='ocrx_word' id='word_1_278' title='bbox 681 2397 726 2440; x_wconf 90' lang='lat' dir='ltr'>in</span> <span class='ocrx_word' id='word_1_279' title='bbox 749 2397 920 2441; x_wconf 85' lang='lat' dir='ltr'>Christo</span> <span class='ocrx_word' id='word_1_280' title='bbox 939 2397 1003 2441; x_wconf 86' lang='lat' dir='ltr'>lac</span> <span class='ocrx_word' id='word_1_281' title='bbox 1026 2397 1148 2440; x_wconf 85' lang='lat' dir='ltr'>vobis</span> <span class='ocrx_word' id='word_1_282' title='bbox 1166 2406 1318 2456; x_wconf 90' lang='lat' dir='ltr'>potum</span> <span class='ocrx_word' id='word_1_283' title='bbox 1336 2396 1460 2453; x_wconf 86' lang='lat' dir='ltr'>dedi,</span> 
     </span>
    </p>
   </div>
   <div class='ocr_carea' id='block_1_4' title="bbox 83 2491 1459 2589">
    <p class='ocr_par' dir='ltr' id='par_1_6' title="bbox 83 2491 1459 2589">
     <span class='ocr_line' id='line_1_34' title="bbox 129 2491 1459 2536; baseline 0.004 -14"><span class='ocrx_word' id='word_1_284' title='bbox 129 2497 139 2514; x_wconf 79' lang='lat'>¹</span> <span class='ocrx_word' id='word_1_285' title='bbox 156 2491 270 2534; x_wconf 87' lang='lat' dir='ltr'>Ephes.</span> <span class='ocrx_word' id='word_1_286' title='bbox 291 2502 338 2532; x_wconf 74' lang='grc' dir='ltr'>ιν,</span> <span class='ocrx_word' id='word_1_287' title='bbox 358 2492 388 2523; x_wconf 83' lang='lat'>3.</span> <span class='ocrx_word' id='word_1_288' title='bbox 409 2509 450 2514; x_wconf 90' lang='lat'><strong>—</strong></span> <span class='ocrx_word' id='word_1_289' title='bbox 477 2499 489 2514; x_wconf 78' lang='lat'>²</span> <span class='ocrx_word' id='word_1_290' title='bbox 509 2494 601 2523; x_wconf 87' lang='lat' dir='ltr'>Joan.</span> <span class='ocrx_word' id='word_1_291' title='bbox 621 2503 673 2533; x_wconf 82' lang='lat' dir='ltr'>xv,</span> <span class='ocrx_word' id='word_1_292' title='bbox 697 2494 739 2525; x_wconf 76' lang='lat'>26</span> <span class='ocrx_word' id='word_1_293' title='bbox 776 2510 817 2515; x_wconf 92' lang='lat'>—</span> <span class='ocrx_word' id='word_1_294' title='bbox 839 2491 851 2515; x_wconf 87' lang='lat'>3</span> <span class='ocrx_word' id='word_1_295' title='bbox 870 2493 990 2525; x_wconf 82' lang='lat' dir='ltr'>Matth.</span> <span class='ocrx_word' id='word_1_296' title='bbox 1014 2504 1044 2532; x_wconf 84' lang='lat' dir='ltr'>x,</span> <span class='ocrx_word' id='word_1_297' title='bbox 1065 2501 1118 2525; x_wconf 78' lang='lat'><em>¹20.</em></span> <span class='ocrx_word' id='word_1_298' title='bbox 1141 2510 1182 2515; x_wconf 92' lang='lat'>—</span> <span class='ocrx_word' id='word_1_299' title='bbox 1203 2492 1217 2522; x_wconf 73' lang='grc'>4</span> <span class='ocrx_word' id='word_1_300' title='bbox 1237 2493 1338 2526; x_wconf 79' lang='lat' dir='ltr'>Galat.</span> <span class='ocrx_word' id='word_1_301' title='bbox 1359 2504 1405 2536; x_wconf 79' lang='lat' dir='ltr'>tv,</span> <span class='ocrx_word' id='word_1_302' title='bbox 1426 2494 1459 2527; x_wconf 89' lang='lat'>6.</span> 
     </span>
     <span class='ocr_line' id='line_1_35' title="bbox 83 2543 1434 2589; baseline 0.001 -11"><span class='ocrx_word' id='word_1_303' title='bbox 83 2560 124 2569; x_wconf 54' lang='grc' dir='ltr'>ι·-</span> <span class='ocrx_word' id='word_1_304' title='bbox 142 2543 156 2568; x_wconf 84' lang='grc'><em>5</em></span> <span class='ocrx_word' id='word_1_305' title='bbox 177 2549 266 2578; x_wconf 85' lang='lat' dir='ltr'>Rom.</span> <span class='ocrx_word' id='word_1_306' title='bbox 288 2557 357 2587; x_wconf 79' lang='lat' dir='ltr'>vin,</span> <span class='ocrx_word' id='word_1_307' title='bbox 376 2558 407 2588; x_wconf 87' lang='lat'>9.</span> <span class='ocrx_word' id='word_1_308' title='bbox 433 2564 472 2568; x_wconf 97' lang='lat'><strong>—</strong></span> <span class='ocrx_word' id='word_1_309' title='bbox 486 2544 500 2568; x_wconf 85' lang='lat'><strong>6</strong></span> <span class='ocrx_word' id='word_1_310' title='bbox 520 2547 618 2579; x_wconf 78' lang='lat' dir='ltr'>Judae.</span> <span class='ocrx_word' id='word_1_311' title='bbox 638 2559 660 2585; x_wconf 83' lang='lat' dir='ltr'>i,</span> <span class='ocrx_word' id='word_1_312' title='bbox 685 2559 734 2589; x_wconf 83' lang='lat'>¹9·</span> <span class='ocrx_word' id='word_1_313' title='bbox 755 2565 796 2570; x_wconf 98' lang='lat'><strong>—</strong></span> <span class='ocrx_word' id='word_1_314' title='bbox 816 2555 828 2579; x_wconf 78' lang='lat'>7</span> <span class='ocrx_word' id='word_1_315' title='bbox 848 2549 930 2581; x_wconf 83' lang='lat' dir='ltr'>Beda</span> <span class='ocrx_word' id='word_1_316' title='bbox 952 2552 984 2579; x_wconf 82' lang='lat' dir='ltr'>et</span> <span class='ocrx_word' id='word_1_317' title='bbox 1005 2547 1111 2579; x_wconf 85' lang='lat' dir='ltr'>Florus</span> <span class='ocrx_word' id='word_1_318' title='bbox 1129 2548 1168 2580; x_wconf 83' lang='lat' dir='ltr'>ad</span> <span class='ocrx_word' id='word_1_319' title='bbox 1192 2560 1202 2580; x_wconf 75' lang='grc' dir='ltr'><em>ι</em></span> <span class='ocrx_word' id='word_1_320' title='bbox 1225 2550 1296 2581; x_wconf 84' lang='lat' dir='ltr'>Cor.</span> <span class='ocrx_word' id='word_1_321' title='bbox 1320 2560 1356 2589; x_wconf 86' lang='lat' dir='ltr'>n,</span> <span class='ocrx_word' id='word_1_322' title='bbox 1383 2549 1434 2589; x_wconf 69' lang='lat'>14.</span> 
     </span>
    </p>
   </div>
  </div>
 </body>
</html>
