1898 3178
375 263 514 293 SERMO
544 266 623 304 cx,
659 267 712 293 DE
744 267 889 295 VERBIS
921 268 1013 294 Luc.
1050 268 1146 294 xm.
1369 258 1448 295 611

84 348 106 372 »
131 329 335 389 percipite
364 345 569 388 regnum,
601 333 720 390 quod
742 332 864 376 vobis
893 341 1090 390 paratum
1112 341 1175 375 est
1204 332 1258 376 ab
1289 334 1455 391 origine

30 415 34 418 ·
84 418 105 441 »
131 398 329 443 mundi1.
357 417 378 440 »
407 399 491 444 Sed
521 399 649 458 plane
677 402 711 445 si
738 400 966 445 fecerimus
996 400 1117 461 quod
1143 401 1205 445 ibi
1227 402 1453 462 sequitur:

86 487 106 511 «
129 469 300 514 Esurivi
316 469 430 513 enim
445 503 456 522 ,
483 479 525 513 et
548 469 722 514 dedistis
743 471 851 516 mihi
878 472 1141 515 manducare
1157 506 1168 526 ,
1191 480 1274 516 etc.
1303 489 1322 513 »
1348 475 1456 516 Pro-

82 539 197 583 misit
218 539 412 599 patribus
434 540 588 584 nostris
604 561 614 597 3
633 539 708 583 sed
728 541 973 585 cautionem
991 541 1115 597 fecit,
1140 557 1270 601 quarn
1291 541 1454 600 legere-

81 625 179 654 mus
200 618 244 653 et
264 625 356 653 nos.
380 609 423 654 Si
438 608 568 653 faciat
585 611 810 655 nobiscum
831 611 1058 667 rationem,
1083 613 1158 672 qui
1178 611 1378 670 dignatus
1395 621 1458 657 est

81 679 222 724 facere
243 681 489 724 cautionem
507 715 517 735 ‚
538 690 581 724 et
606 679 721 724 dicat
743 700 751 724 :
777 681 925 739 Legite
943 682 1088 726 debita
1111 698 1204 726 mea
1221 717 1232 738 ,
1255 683 1339 727 hoc
1362 692 1425 727 est
1443 718 1455 738 ,

82 750 228 794 debita
245 750 579 810 promissionum
597 766 809 806 mearum,
831 759 873 794 et
887 761 1135 811 computate
1153 768 1252 814 quae
1268 751 1454 808 reddidi,

83 830 332 882 computate
354 822 469 865 enim
492 837 591 882 quae
624 821 764 866 debeo
789 837 797 863 :
824 837 923 866 ecce
944 838 1075 882 quam
1097 823 1234 867 multa
1260 822 1456 882 reddidi3

82 893 303 938 modicum
322 901 386 936 est
404 892 523 952 quod
545 892 685 937 debeo
712 909 720 933 :
746 908 826 953 pro
845 891 1018 937 modico
1035 892 1155 953 quod
1176 902 1308 937 restat
1323 929 1333 948 ‚
1358 894 1458 937 infi-

82 961 225 1007 delem
245 978 316 1006 me
346 962 651 1021 promissorem
676 977 764 1006 esse
786 962 1018 1021 putabitis?
1040 961 1152 1015 Quid
1180 963 1461 1021 respondebi-

83 1047 179 1076 mus
200 1040 350 1076 contra
375 1031 765 1075 manifestissimam
796 1031 1049 1075 veritatem?
1071 1033 1187 1089 Ergo
1209 1032 1284 1090 qui
1310 1031 1462 1075 sterilis

82 1111 168 1157 est,
195 1111 292 1160 agat
312 1100 617 1161 poenitentiam
634 1135 645 1155 ,
668 1109 711 1144 et
736 1099 866 1144 faciat
891 1098 1083 1143 fructum
1113 1099 1295 1157 dignum
1317 1101 1462 1159 poeni-

84 1173 245 1218 tentiae.
270 1173 526 1226 Quicurvus
548 1180 632 1225 est,
652 1179 810 1214 terram
830 1171 1043 1224 intuetur,
1067 1178 1237 1213 terrena
1254 1169 1462 1215 felicitate

81 1243 272 1297 laetatur,
296 1243 423 1286 istam
441 1242 575 1286 solam
596 1239 721 1300 putat
740 1256 828 1284 esse
845 1241 977 1285 vitam
996 1240 1165 1284 beatam
1181 1275 1192 1294 ,
1213 1240 1290 1284 ubi
1308 1241 1461 1285 beatus

82 1329 172 1358 esse
190 1313 347 1372 possit,
363 1311 487 1355 aliam
505 1327 593 1355 non
608 1311 745 1355 credit
771 1329 780 1355 ε
805 1310 1070 1370 quicumque
1093 1319 1180 1354 tam
1200 1326 1359 1354 curvus
1381 1319 1461 1366 est,

84 1384 275 1443 erigatur
305 1403 314 1427 :
350 1383 383 1426 si
414 1398 491 1440 per
518 1398 562 1425 se
594 1382 737 1440 ipsum
769 1397 858 1425 non
885 1389 1056 1440 potest,
1091 1381 1264 1425 invocet
1306 1384 1461 1425 Deum.

1215 2631 1281 2671 39.
