1898 3178
368 263 421 299 6-2
807 271 840 295 s.
877 266 1107 295 Aueuszruu
1140 269 1323 296 EPISCOP1

363 336 451 394 ipse
479 350 523 379 se
540 336 708 394 justum
740 332 873 385 dicit,
898 332 1063 376 exitum
1097 340 1245 376 autem
1267 346 1396 375 suum
1417 346 1507 376 non
1529 331 1685 376 abluit.
1724 350 1745 374 »

418 407 540 449 XIX.
581 424 602 446 «
626 402 851 448 Lateribus
885 410 929 446 et
961 402 1156 445 humeris
1182 402 1333 446 vestris
1365 400 1677 461 impellebatis,
1705 410 1750 446 et

369 494 384 514 n
419 473 625 518 cornibus
666 471 815 516 vestris
856 471 1186 530 percutiebatis,
1228 480 1270 515 et
1313 486 1443 515 omne
1483 469 1604 530 quod
1639 470 1750 516 defi-

366 563 384 585 »
419 544 560 588 ciebat
594 542 941 602 comprimebatis
955 577 967 597 ‚
1011 541 1298 602 quoadusque
1341 540 1646 600 dispergeretis
1677 556 1748 586 eas

365 633 384 654 »
418 614 546 659 foras.
572 616 628 658 Et
644 612 819 658 salvabo
832 628 931 657 oves
951 628 1083 657 meas.
1102 621 1132 653 '»
1157 614 1275 657 Sicut
1294 611 1551 656 detestanda
1566 611 1747 658 illorum

360 685 563 744 iniquitas
585 693 628 728 et
648 683 878 728 crudelitas
894 718 905 739 ,
929 684 989 728 ita
1010 683 1229 728 laudanda
1252 683 1434 742 pastoris
1457 683 1620 738 nostri,
1644 698 1747 728 vere

359 755 435 798 Dei
466 755 624 810 nostri,
649 754 941 798 misericordia
967 772 976 799 :
1001 754 1185 798 salvabit
1206 769 1310 798 oves
1338 769 1448 798 suaS.
1477 756 1631 809 Forte,
1651 753 1747 798 fra-

360 834 442 869 tres
465 825 572 880 mei,
596 825 790 885 quamvis
813 840 889 884 per
910 824 1113 868 minimos
1135 839 1279 868 servos
1298 818 1421 879 suos,
1445 822 1558 868 forte
1575 839 1653 884 per
1673 824 1746 868 in-

360 897 512 955 dignos
529 897 612 941 hoc
634 895 757 951 facit,
781 909 881 942 cum
904 896 988 940 hoc
1003 894 1216 940 dicimus:
1241 895 1387 940 Salvet
1402 909 1502 940 oves
1521 910 1619 940 suas
1639 914 1650 941 ε
1674 911 1748 940 au-

357 965 478 1010 diant
492 982 640 1011 vocem
660 966 840 1026 pastoris
859 965 947 1020 sui,
963 974 1006 1009 et
1022 974 1262 1025 sequantur
1279 979 1397 1009 eum.
1422 967 1522 1011 Non
1542 975 1747 1026 quaerant

356 1036 593 1080 Ecclesiam
615 1052 666 1080 ex
689 1051 763 1081 ore
784 1036 1012 1080 hominum
1039 1055 1048 1080 ι
1073 1051 1124 1079 ex
1147 1050 1221 1080 ore
1244 1035 1322 1080 Dei
1342 1045 1564 1096 quaerant,
1589 1051 1643 1080 ex
1671 1051 1746 1081 ore
1789 1033 1796 1040 ’

355 1107 734 1166 Christiquaerant.
752 1105 830 1150 Ille
845 1121 977 1165 quem
989 1105 1096 1150 dicit
1107 1106 1291 1164 impium
1305 1140 1317 1161 ,
1337 1107 1496 1166 impius
1510 1115 1574 1151 est
1587 1127 1599 1165 3
1613 1122 1745 1166 quem

354 1175 458 1219 dicit
466 1176 650 1235 justum,
656 1176 798 1234 justus
806 1185 886 1233 est,
897 1190 1028 1235 quem
1036 1174 1142 1220 dicit
1150 1177 1391 1230 ovem,ovis
1406 1186 1485 1239 est,
1499 1192 1632 1236 quem
1639 1177 1746 1222 dicit

354 1246 546 1301 hircum,
568 1246 713 1289 hircus
736 1254 814 1290 est.
841 1248 938 1304 Ipse
955 1254 1019 1289 est
1032 1246 1212 1299 veritas,
1230 1247 1321 1305 ipse
1342 1247 1549 1306 loquatur
1568 1282 1579 1302 ,
1600 1247 1654 1291 ab
1668 1246 1745 1292 illo

354 1316 545 1360 Ecclesia
567 1325 804 1376 quaeratur.
839 1316 915 1360 Dic
945 1316 1069 1361 nobis
1086 1350 1097 1371 ,
1127 1316 1336 1372 Domine,
1360 1317 1440 1361 ubi
1462 1327 1528 1362 est
1551 1317 1744 1362 Ecclesia

353 1388 454 1430 tua?
474 1389 531 1430 Et
553 1385 625 1430 ille
647 1386 850 1430 omnibus
876 1405 885 1431 :
906 1385 992 1430 Ubi
1013 1401 1094 1444 ego
1127 1386 1230 1440 sim,
1256 1386 1400 1430 scitis?
1431 1386 1743 1446 Respondeant

352 1471 500 1500 omnes
528 1475 536 1501 :
561 1459 611 1500 In
634 1456 748 1501 coelo
780 1456 834 1500 ad
857 1457 1078 1500 dexteram
1100 1457 1251 1501 Patris.
1273 1460 1448 1516 Integra
1466 1457 1574 1502 fides
1594 1474 1605 1502 .·
1627 1459 1741 1504 hanc

351 1527 483 1571 docui
498 1562 508 1581 ,
541 1527 654 1570 hanc
681 1526 913 1582 seminavi,
936 1525 1013 1570 sed
1034 1541 1110 1585 per
1133 1525 1352 1570 mundum
1372 1527 1599 1573 seminavi.
1625 1530 1740 1574 Cum

354 1614 420 1641 me
439 1631 450 1652 ,
488 1597 632 1657 inquit
650 1631 660 1651 ,
696 1596 965 1640 confitemini
989 1596 1034 1640 in
1065 1596 1207 1651 coelo,
1238 1597 1360 1641 venit
1395 1598 1518 1642 vobis
1554 1608 1671 1643 certe
1695 1599 1741 1643 in

352 1677 540 1712 mentem
555 1667 627 1710 ille
646 1666 838 1710 Psalmus
859 1685 867 1710 :
890 1685 910 1707 (ι
929 1665 1130 1710 Exaltare
1152 1681 1281 1726 super
1297 1667 1432 1713 coelos
1451 1671 1580 1713 Deus.
1605 1688 1626 1711 »
1651 1672 1740 1714 Ec-

350 1737 522 1780 clesiam
543 1735 768 1796 quaeritis?
791 1735 942 1794 Legite
963 1726 1085 1795 quod
1105 1737 1301 1796 sequitur
1327 1755 1337 1782 ε
1365 1756 1387 1779 «
1414 1740 1471 1782 Et
1493 1753 1622 1798 super
1643 1754 1740 1784 om·-

353 1826 372 1848 n
405 1822 506 1850 nem
528 1815 679 1850 terram
706 1805 840 1864 gloria
868 1815 958 1850 tua.
987 1823 1008 1847 »
1040 1806 1130 1861 Ibi,
1154 1806 1335 1862 fratres,
1360 1806 1438 1851 ubi
1458 1807 1626 1853 dictum
1654 1818 1733 1854 est.

355 1896 373 1917 «
410 1877 609 1921 Exaltare
629 1891 758 1935 super
774 1875 908 1920 coelos
927 1879 1060 1930 Deus,
1090 1894 1110 1916 »
1140 1875 1196 1920 de
1222 1876 1397 1921 Christo
1419 1887 1673 1937 resurgente
1693 1887 1738 1923 et

349 1947 634 2004 ascendente3
660 1947 721 1991 ibi
744 1946 888 1990 statim
915 1945 1112 2004 sequitur
1138 1964 1147 1990 ε
1175 1963 1196 1987 «
1217 1947 1275 1989 Et
1296 1961 1425 2005 super
1447 1962 1625 1992 omnem
1646 1957 1736 1993 ter-

353 2037 371 2058 »
406 2033 495 2062 ram
518 2017 651 2076 gloria
674 2026 764 2061 tua.
793 2034 813 2058 »
842 2018 1033 2074 Sponsus
1063 2016 1109 2059 in
1130 2014 1245 2060 coelo
1266 2025 1352 2071 est,
1376 2032 1533 2076 sponsa
1550 2018 1597 2062 in
1620 2028 1733 2063 terra

348 2097 412 2132 est
432 2107 441 2132 z
466 2088 539 2132 ille
572 2101 700 2146 super
732 2098 881 2133 omnes
903 2085 1038 2130 eoelos
1055 2120 1067 2140 ‚
1104 2085 1177 2129 illa
1207 2101 1338 2144 super
1358 2101 1533 2132 omnem
1556 2098 1731 2134 terram.

347 2161 384 2202 Ο
401 2159 624 2213 haeretice,
649 2157 786 2203 credis
818 2156 938 2216 quod
958 2156 1005 2200 in
1031 2155 1146 2200 coelo
1168 2171 1258 2200 non
1290 2156 1436 2212 vides,
1461 2171 1591 2216 negas
1613 2161 1736 2219 quod

349 2231 393 2273 in
420 2239 534 2274 terra
552 2228 687 2274 vides.
714 2228 838 2273 Dicat
859 2242 962 2286 ergo
983 2227 1078 2271 haec
1097 2260 1107 2281 ,
1137 2226 1255 2271 dicat
1276 2236 1318 2271 et
1340 2228 1543 2273 audiatur
1567 2248 1577 2274 ι
1599 2228 1736 2274 salvet

347 2315 446 2344 oves
470 2316 582 2345 suas.
611 2302 708 2344 «Et
737 2298 941 2352 salvabo,
972 2297 1139 2357 inquit,
1174 2312 1273 2342 oves
1303 2313 1443 2354 meas,
1469 2308 1513 2344 et
1531 2300 1621 2359 jam
1643 2315 1734 2346 non

351 2388 370 2411 »
396 2379 524 2413 erunt
544 2371 590 2414 in
606 2369 890 2414 vastationem
908 2387 917 2413 z
935 2376 978 2412 et
988 2367 1197 2427 judicabo
1219 2368 1332 2412 inter
1349 2384 1475 2414 ovem
1495 2378 1539 2414 et
1555 2384 1728 2415 ovem.»

404 2442 502 2483 XX.
525 2442 611 2483 «Et
633 2439 828 2484 excitabo
849 2453 979 2498 super
999 2453 1068 2482 eas
1086 2446 1302 2498 pastorem
1330 2440 1510 2483 unum3.
1525 2457 1545 2481 »
1575 2442 1731 2485 Nonne

345 2510 436 2568 ipse
452 2510 497 2553 in
515 2509 725 2568 superiori
744 2509 930 2554 lectione
951 2507 1140 2554 dixerat:
1161 2512 1287 2568 «Ego
1308 2524 1481 2568 pascam
1495 2511 1510 2534 4
1527 2511 1575 2552 ἲ»
1593 2508 1728 2555 Modo

393 2602 401 2619 ¹
420 2595 534 2630 Ezech.
556 2607 668 2639 xxxxv,
693 2604 747 2630 21.
765 2613 794 2621 -
812 2603 824 2620 ²
843 2595 925 2631 Psal.
945 2606 1017 2639 cvn,
1036 2596 1115 2632 6.-
1129 2594 1144 2620 3
1161 2596 1278 2631 Ezech.
1301 2605 1411 2638 xxxiv,
1429 2595 1556 2630 23.—4
1571 2595 1656 2630 ibid.
1673 2595 1725 2628 13.
