1898 3178
408 178 467 217 66
839 184 875 213 s.
910 183 1143 213 *uetustum
1175 185 1360 214 Eriscom

409 272 432 297 »
464 267 612 298 servus
633 266 755 296 meus
777 248 941 306 David,
969 267 991 292 »
1014 265 1150 310 quem
1170 259 1221 295 tu
1254 251 1346 310 ipse
1376 250 1598 296 Christum
1620 251 1796 295 intelle-

406 323 525 380 xisti,
548 337 629 367 nec
650 321 775 366 aliter
794 328 938 379 potest
958 319 1144 379 intelligi
1162 339 1173 366 z
1191 321 1404 366 rationem
1417 321 1534 365 enim
1549 320 1789 378 reddidisti,

403 394 499 439 haec
520 399 609 437 esse
630 391 764 446 dicta,
777 405 880 434 cum
895 391 987 450 jam
1007 390 1238 436 dormisset
1258 392 1419 437 David:
1438 391 1671 438 «Christus
1691 407 1796 451 ergo

407 483 429 507 »
463 465 547 510 erit
580 464 639 508 eis
670 463 718 506 in
748 470 989 521 pastorem,
1015 471 1060 506 et
1093 477 1175 521 ego
1206 454 1440 518 Dominus,
1480 463 1540 507 ait
1559 497 1571 518 ,
1615 478 1690 507 ero
1711 461 1796 507 illis

405 552 427 577 »ι
460 535 508 579 in
529 537 700 578 Deum:
728 549 749 573 »
773 531 847 576 ille
874 531 921 576 in
942 542 1187 591 pastorem,
1218 532 1293 576 ille
1323 533 1370 576 in
1406 536 1562 577 Deum.
1592 536 1659 577 Tu
1692 548 1797 593 ergo

404 605 512 649 mihi
540 617 707 662 expone
743 603 853 662 quid
873 611 938 647 est
963 621 973 648 :
1003 621 1024 645 «
1049 605 1141 661 Ego
1162 604 1366 662 pascam?
1391 620 1412 644 »
1443 603 1549 656 Quis
1582 603 1756 648 dicebat
1783 623 1796 650 z

405 693 427 718 «
460 677 553 733 Ego
574 674 777 733 pascam?
802 691 822 714 »
840 674 969 718 Certe
991 676 1106 718 Deus
1127 673 1313 733 loquens
1329 671 1528 728 dicebat,
1549 691 1570 715 «
1591 676 1686 732 Ego
1702 689 1799 732 pas-

402 764 424 788 »
458 761 571 791 cam.
598 762 620 787 »
644 744 878 798 Quomodo
899 760 990 789 non
1011 745 1230 804 separavit
1252 744 1475 790 Christum
1506 760 1531 789 a
1553 744 1793 804 pascendo,

400 832 502 863 cum
528 816 693 861 diceret
717 834 727 861 ε
753 834 775 857 «
805 817 899 874 Ego
921 830 1097 875 pascam
1132 834 1140 860 :
1164 834 1186 858 »
1208 816 1267 860 sie
1294 830 1386 861 non
1417 815 1631 875 separavit
1652 816 1800 862 Chris-

402 898 499 933 tum
517 904 542 933 a
558 886 720 933 deitate
741 901 843 930 cum
866 885 1032 931 diceret
1055 905 1102 931 z«
1125 889 1221 946 Ego
1241 890 1370 932 Deus.
1399 906 1419 928 n
1439 890 1552 931 Ecce
1571 897 1716 946 pastor
1736 895 1800 931 est

403 960 626 1015 Christus,
649 968 795 1018 pastor
822 968 886 1003 est
905 967 950 1003 et
967 961 1110 1003 Pater.
1139 959 1208 1003 Sic
1228 962 1344 1003 Deus
1365 967 1430 1002 est
1446 961 1589 1013 Pater,
1602 961 1718 1002 Deus
1735 966 1801 1002 est

408 1041 453 1077 et
472 1030 685 1077 Christus
716 1029 834 1075 Sicut
856 1045 880 1074 a
902 1038 1072 1089 pastore
1097 1029 1271 1075 Christo
1292 1044 1383 1073 non
1403 1043 1573 1087 separas
1600 1031 1799 1083 Patrem,

406 1103 466 1146 sic
483 1117 507 1145 a
529 1104 620 1145 Deo
645 1104 771 1144 Patre
801 1114 893 1144 non
922 1114 1092 1157 separes
1114 1100 1353 1144 Christum.
1387 1099 1532 1143 Habet
1565 1113 1667 1142 cum
1688 1097 1801 1143 Filio

405 1174 531 1215 Pater
553 1167 761 1229 pascendi
785 1167 1131 1222 miserationem,
1156 1168 1291 1212 habet
1313 1183 1415 1212 cum
1429 1170 1560 1212 Patre
1580 1167 1716 1211 Filius
1733 1167 1802 1212 di-

404 1239 596 1286 vinitatis
617 1236 929 1298 aequalitatem.
964 1236 1052 1282 Sed
1086 1237 1166 1280 nisi
1188 1236 1248 1282 ita
1279 1237 1464 1291 diceret,
1496 1246 1671 1296 putares
1700 1253 1801 1282 eum

405 1325 495 1355 esse
518 1313 691 1354 Patrem
711 1306 790 1367 qui
804 1315 870 1351 est
883 1297 1034 1350 Filius.
1055 1309 1171 1365 Ergo
1189 1316 1234 1351 et
1259 1306 1316 1350 ad
1338 1307 1552 1351 unitatem
1571 1307 1742 1352 deitatis
1759 1316 1802 1352 te

407 1378 658 1433 admonuit,
693 1386 738 1421 et
764 1376 818 1420 ad
847 1391 1132 1435 personarum
1165 1376 1521 1422 distributionem
1553 1396 1562 1422 :
1596 1387 1646 1422 ut
1679 1377 1804 1438 quod

410 1452 546 1497 dicit:
575 1469 597 1492 «
627 1453 724 1509 Ipse
745 1458 913 1508 pascet,
953 1457 996 1492 et
1029 1463 1108 1506 ego
1130 1464 1204 1492 ero
1224 1448 1309 1492 illis
1332 1450 1379 1492 in
1411 1452 1574 1504 Deum,
1602 1467 1622 1490 »
1647 1465 1738 1494 non
1758 1464 1804 1494 se

410 1536 613 1582 separans
633 1535 659 1564 a
675 1519 787 1564 Filio
808 1527 1013 1578 pascente
1027 1553 1039 1573 ,
1056 1534 1137 1562 nec
1159 1518 1321 1562 Filium
1343 1534 1547 1577 separans
1564 1535 1588 1563 a
1604 1535 1648 1563 se
1666 1520 1804 1565 domi-

409 1602 563 1648 nante,
587 1592 699 1636 etin
732 1593 859 1634 Patre
890 1587 1108 1647 intelligas
1145 1592 1284 1632 Deum
1319 1588 1508 1642 Filium,
1545 1598 1588 1633 et
1621 1590 1670 1633 in
1690 1590 1803 1635 Filio

412 1661 628 1720 intelligas
648 1668 866 1720 pastorem
891 1662 1079 1702 Patrem.
1108 1676 1130 1700 «
1157 1661 1252 1717 Ego
1269 1693 1282 1713 ,
1306 1658 1475 1718 inquit,
1496 1660 1706 1704 Dominus
1728 1675 1803 1705 ero

414 1752 437 1776 »
471 1732 555 1777 illis
574 1731 622 1774 in
645 1732 802 1784 Deum,
829 1737 872 1772 et
893 1743 1041 1772 servus
1060 1743 1182 1772 meus
1204 1728 1344 1773 David
1364 1731 1565 1788 princeps
1591 1729 1637 1773 in
1659 1729 1805 1775 medio

417 1822 440 1846 »
475 1815 643 1847 eorum.
669 1817 691 1842 »
717 1802 861 1852 Quare
887 1800 933 1842 in
959 1797 1106 1842 medio
1139 1799 1324 1843 eorum?
1343 1799 1454 1851 Quia
1487 1800 1682 1843 Verbum
1703 1815 1805 1845 caro

418 1891 440 1915 »
474 1872 641 1917 factum
663 1879 748 1925 est,
772 1879 816 1914 et
850 1869 1065 1913 habitavit
1089 1869 1136 1912 in
1165 1869 1332 1913 nobis¹.
1356 1871 1561 1928 Princeps
1588 1871 1634 1914 in
1656 1871 1803 1916 medio

420 1961 441 1986 »
476 1956 644 1988 eorum.
664 1960 686 1983 »
711 1940 820 1985 Inde
841 1949 886 1984 et
904 1939 1117 1983 mediator
1136 1938 1212 1982 Dei
1226 1948 1270 1983 et
1284 1939 1517 1984 hominum
1533 1960 1546 1998 3
1563 1941 1667 2000 quia
1688 1945 1804 1986 Deus

417 2029 521 2059 cum
556 2016 706 2066 Patre,
741 2010 845 2069 quia
872 2010 1006 2054 homo
1027 2023 1129 2052 cum
1157 2009 1426 2054 hominibus.
1461 2012 1560 2056 Non
1589 2011 1804 2056 mediator

416 2083 551 2129 homo
571 2090 730 2143 praeter
762 2079 1002 2138 deitatem,
1027 2094 1118 2124 non
1151 2078 1364 2124 mediator
1395 2083 1510 2132 Deus
1542 2090 1702 2140 praeter
1716 2083 1803 2127 hu-

417 2156 686 2200 manitatem.
730 2154 844 2196 Ecee
872 2150 1086 2195 mediator
1119 2169 1129 2195 z
1169 2150 1379 2195 Divinitas
1419 2152 1511 2195 sine
1533 2152 1804 2198 humanitate

418 2240 510 2271 non
549 2233 615 2269 est
652 2221 904 2276 mediatrix,
945 2220 1193 2265 humanitas
1229 2220 1323 2264 sine
1362 2219 1591 2266 divinitate
1623 2237 1715 2266 non
1738 2231 1805 2267 est
1869 2241 1874 2247 ·

420 2294 668 2349 mediatrix,
692 2294 768 2338 sed
796 2292 911 2336 inter
941 2291 1216 2336 divinitatem
1248 2290 1384 2335 solam
1411 2301 1455 2336 et
1486 2292 1804 2336 humanitatem

418 2366 576 2420 solam,
595 2363 823 2409 mediatrix
839 2371 904 2407 est
922 2363 1115 2406 humana
1134 2360 1336 2405 divinitas
1357 2370 1402 2406 et
1422 2360 1570 2406 divina
1598 2362 1804 2406 humani-

420 2445 480 2481 tas
505 2435 679 2481 Christi.
723 2453 744 2477 «
769 2436 827 2479 Et
847 2447 994 2478 servus
1022 2446 1143 2477 meus
1168 2431 1304 2476 David
1337 2431 1537 2490 princeps
1575 2433 1621 2475 in
1656 2432 1802 2477 medio
1876 2434 1880 2450 ¹

469 2526 478 2543 ¹
498 2520 587 2554 Joan.
606 2531 632 2560 1,
656 2518 706 2560 14.
