1898 3178
388 172 442 213 54
820 183 854 209 s.
889 178 1120 208 Auens-nm
1151 180 1333 209 nuscum

387 260 501 294 tores
521 248 657 292 nostri
678 248 779 301 sint,
801 247 834 289 si
856 261 935 290 nos
952 246 1140 304 Christi3
1164 246 1199 290 si
1220 255 1365 290 autem
1381 261 1460 291 nos
1481 260 1570 291 non
1592 245 1769 301 Christi,

388 319 625 364 imitatores
653 318 738 361 sint
760 315 963 361 Christi1.
990 319 1010 360 I
1012 332 1089 376 pse
1118 317 1235 360 enim
1264 317 1398 376 pascit
1425 331 1597 376 gregem
1619 331 1770 371 suum,

388 400 432 436 et
448 406 551 435 cum
567 390 770 434 omnibus
789 389 902 432 bene
916 387 1301 448 pascentibus-ipse
1316 388 1431 433 solus
1453 396 1514 432 est
1533 405 1543 432 ι
1559 386 1662 446 quia
1685 402 1776 431 om-

387 476 463 506 nes
483 463 528 505 in
550 460 625 504 illo
645 468 759 503 sunt.
785 461 882 504 Non
900 474 1002 518 ergo
1032 458 1264 503 utilitatem
1286 467 1479 503 nostram
1510 458 1772 518 quaerimus,

387 531 566 594 quando
586 531 757 590 plaeere
792 530 1045 574 hominibus
1069 529 1272 575 volumus
1309 549 1317 574 :
1343 529 1419 573 sed
1448 528 1689 587 gaudemus
1715 529 1775 572 eis

385 603 556 664 placere
577 599 700 660 quod
720 600 885 645 bonum
910 609 989 656 est,
1006 609 1184 660 propter
1201 603 1395 660 ipsorum
1417 598 1668 653 utilitatem,
1686 613 1777 642 non

386 682 564 733 propter
598 679 789 715 nostram
827 671 1097 730 dignitatem.
1122 674 1287 716 Contra
1309 685 1419 729 quos
1449 678 1597 714 autem
1619 667 1777 712 dixerit

387 742 622 803 Apostolus
647 761 656 786 ε
683 761 703 783 «
727 741 1034 804 Sihominibus
1050 742 1221 802 placere
1243 741 1401 786 vellem
1416 775 1426 795 ‚
1447 739 1608 785 Christi
1629 754 1776 784 servus
1843 769 1845 771 »

390 832 411 856 »
445 828 537 857 non
555 826 711 866 essem,
736 810 1017 856 manifestum
1036 821 1100 856 est
1124 831 1134 857 ς
1163 830 1183 852 »
1202 821 1245 855 et
1261 819 1438 870 propter
1455 825 1565 869 quos
1585 809 1742 852 dixerit
1764 827 1774 853 ι

390 903 411 926 «
448 882 622 927 Placete
643 882 848 934 omnibus
872 897 948 941 per
969 882 1131 936 omnia,
1158 882 1270 925 sicut
1291 891 1334 925 et
1357 895 1437 938 ego
1465 879 1669 924 omnibus
1691 877 1778 938 pla-

390 972 411 996 »
446 968 523 998 ceo
550 968 627 1012 per
661 953 830 1007 omnia,
861 951 1141 996 manifestum
1172 961 1266 996 est:
1292 970 1312 992 »
1339 960 1578 1009 utrumque
1616 948 1776 993 diluci-

389 1024 496 1069 dum
512 1059 524 1080 ,
548 1033 787 1083 utrumque
808 1023 1123 1083 tranquillum3
1149 1033 1385 1082 utrumque
1408 1036 1585 1082 purum,
1612 1030 1778 1064 utrum-

390 1109 476 1153 que
497 1109 587 1138 non
605 1094 912 1152 perturbatum
935 1111 944 1138 ε
962 1102 1011 1137 tu
1026 1102 1197 1137 tantum
1221 1108 1346 1151 pasce
1363 1101 1406 1137 et
1425 1092 1544 1146 bibe,
1569 1090 1661 1135 noli
1677 1105 1776 1135 con·

389 1164 561 1209 culcare
586 1172 630 1207 et
649 1163 843 1207 turbare.

447 1236 574 1278 XIII.
596 1235 705 1277 Nam
725 1241 768 1276 et
786 1232 1023 1277 Dominum
1045 1233 1186 1292 ipsum
1209 1235 1356 1276 Jesum
1381 1232 1598 1275 Christum
1619 1231 1780 1290 magis-

388 1315 506 1351 trum
524 1302 836 1362 Apostolorum
862 1302 1015 1362 utique
1037 1302 1217 1347 audisti:
1237 1306 1465 1347 «Luceant
1486 1317 1618 1361 opera
1640 1311 1781 1346 vestra

391 1394 413 1417 ³)
448 1388 595 1419 coram
616 1372 884 1427 hominibus,
908 1380 956 1416 ut
977 1371 1155 1417 videant
1177 1373 1293 1417 bona
1316 1371 1428 1416 facta
1453 1382 1608 1426 vestra,
1626 1381 1669 1415 et
1684 1371 1780 1429 glo-

392 1462 415 1485 »
450 1444 621 1488 rificent
638 1446 809 1486 Patrem
831 1451 1024 1486 vestrum
1043 1443 1119 1502 qui
1140 1443 1186 1485 in
1205 1442 1326 1486 coelis
1349 1445 1440 1485 est²
1462 1461 1470 1486 ε
1495 1459 1516 1482 n
1533 1441 1578 1485 id
1595 1451 1682 1496 est,
1703 1442 1782 1501 qui

390 1529 467 1559 vos
487 1512 590 1557 {ecit
611 1512 733 1557 tales.
762 1531 783 1555 «
808 1515 894 1558 Nos
928 1512 1043 1556 enim
1067 1512 1254 1572 populus
1278 1528 1448 1571 pascuae
1470 1513 1560 1571 ejus
1578 1547 1589 1566 ‚
1614 1521 1658 1556 et
1679 1527 1781 1557 oves

393 1602 414 1626 >›
450 1598 662 1628 manuum
684 1584 819 1643 ejusss.
849 1601 869 1624 »
897 1582 975 1627 Ille
1012 1598 1116 1641 ergo
1136 1582 1366 1637 laudetur,
1395 1583 1472 1642 qui
1494 1592 1536 1626 te
1571 1583 1676 1627 fecit
1697 1583 1780 1627 bo—

390 1663 515 1708 num,
540 1654 574 1697 si
596 1653 739 1697 bonus
762 1667 834 1710 es;
858 1668 949 1697 non
971 1661 1043 1707 tu,
1069 1652 1147 1712 qui
1169 1667 1246 1711 per
1268 1662 1311 1695 te
1333 1653 1475 1709 ipsum
1498 1667 1588 1696 non
1609 1661 1782 1711 poteras

390 1739 480 1769 esse
501 1723 583 1768 nisi
604 1722 758 1767 malus.
779 1721 897 1776 Quid
916 1722 979 1767 vis
1001 1731 1147 1766 autem
1169 1722 1214 1765 in
1237 1722 1504 1766 contrarium
1526 1722 1686 1766 ducere
1703 1738 1780 1767 ve-

389 1795 563 1839 ritatem
579 1829 591 1849 ,
622 1802 671 1838 ut
697 1792 875 1853 quando
898 1793 1003 1837 boni
1024 1791 1192 1853 aliquid
1213 1792 1340 1847 facis,
1373 1802 1416 1836 te
1446 1791 1550 1837 velis
1578 1792 1778 1851 laudari3

391 1863 569 1925 quando
586 1862 689 1908 mali
703 1862 871 1922 aliquid
888 1862 1009 1917 facis,
1029 1862 1263 1907 Dominum
1280 1860 1385 1907 velis
1402 1862 1636 1921 vituperari
1651 1863 1668 1904 2?
1686 1863 1780 1910 Uti-

389 1950 477 1995 que
499 1934 615 1978 enim
638 1934 715 1994 qui
731 1933 861 1977 dixit:
878 1935 1107 1977 «Luceant
1124 1947 1254 1990 opera
1270 1941 1410 1977 vestra
1423 1947 1570 1976 coram
1588 1933 1781 1977 homini-

391 2023 413 2047 »
430 2005 511 2049 bus
529 2022 538 2050 :
555 2022 574 2045 ι)
591 2004 681 2063 ipse
703 2003 812 2048 dixit
832 2003 878 2046 in
899 2001 1054 2047 eodem
1068 2017 1288 2047 sermone:
1305 2001 1478 2048 «Nolite
1495 2002 1641 2056 facere
1651 2003 1780 2062 justi-

393 2095 414 2118 »
451 2076 556 2120 tiam
575 2083 761 2120 vestram
781 2088 927 2118 coram
943 2072 1194 2117 hominibus
1207 2073 1267 2116 ⁴.»
1282 2072 1366 2118 Sed
1385 2073 1498 2118 sicut
1511 2074 1556 2117 in
1568 2073 1780 2133 Apostolo

387 2147 467 2190 ista
489 2146 569 2190 tibi
591 2145 809 2190 contraria
832 2143 1119 2197 videbantur,
1144 2144 1204 2187 sic
1221 2152 1264 2187 et
1285 2144 1331 2186 in
1353 2142 1608 2202 Evangelio.
1632 2144 1675 2189 Si
1698 2159 1779 2189 au-

390 2227 478 2261 tem
500 2232 591 2261 non
613 2215 842 2274 perturbes
865 2229 1022 2274 aquam
1040 2213 1182 2258 cordis
1203 2214 1294 2271 tui,
1317 2223 1361 2258 et
1382 2214 1452 2258 hic
1474 2229 1682 2273 agnosces
1703 2230 1781 2273 pa-

389 2301 482 2330 cem
516 2286 865 2345 Scripturarum‚
900 2292 943 2327 et
976 2283 1156 2333 habebis
1179 2299 1279 2328 cum
1313 2284 1371 2327 eis
1399 2293 1442 2329 et
1468 2294 1517 2331 tu
1541 2299 1708 2343 pacem.
1737 2284 1780 2329 Si

386 2365 534 2400 autem
558 2366 608 2399 tu
635 2370 737 2401 cum
760 2356 818 2399 eis
838 2354 999 2399 habere
1032 2353 1223 2399 nolueris
1254 2369 1430 2413 pacem,
1455 2364 1505 2398 tu
1527 2355 1572 2398 in
1593 2363 1636 2398 te
1655 2369 1780 2400 com-

384 2425 518 2469 mittis
534 2425 656 2469 litem
678 2435 817 2479 tuam,
833 2424 921 2468 illae
937 2439 1025 2468 non
1047 2424 1251 2469 amittent
1269 2439 1418 2482 pacem
1441 2438 1579 2467 suam.
1594 2427 1777 2484 Propter

440 2515 450 2532 ¹
471 2520 483 2541 1
504 2511 575 2541 Cor.
596 2520 641 2549 iv,
663 2510 713 2541 16.
731 2527 772 2532 -
792 2516 803 2531 ²
823 2508 943 2540 Matth.
963 2520 997 2547 v,
1020 2508 1068 2539 16.
1096 2525 1136 2530 —
1159 2506 1171 2530 3
1190 2508 1268 2539 Psal.
1291 2518 1375 2546 xciv,
1395 2506 1508 2549 7.-—4
1527 2507 1648 2540 Matth.
1672 2488 1719 2547 vxi
1744 2518 1777 2541 1.
1833 2494 1838 2496 .
