1898 3178
291 232 432 262 sunno
466 235 537 272 n,
571 233 625 260 nn
655 231 890 261 coucounu
921 230 1086 261 nura.
1122 233 1174 261 Etr
1205 234 1299 261 Luc.
1404 225 1486 264 107

106 299 270 343 homini
285 299 562 358 propinatum
576 305 640 342 est
652 311 730 356 per
746 311 964 342 venenum
981 296 1228 343 foeminam:
1248 300 1490 358 reparando

102 369 267 413 homini
278 368 534 428 propinetur
545 366 659 411 salus
672 381 749 426 per
761 365 1005 412 foeminam.
1026 369 1287 428 Compenset
1307 367 1491 417 foemina

105 438 276 498 decepti
297 454 374 498 per
393 453 438 483 se
458 437 647 483 hominis
679 445 906 496 peccatum
923 471 934 491 ,
974 438 1221 496 generando
1248 439 1486 485 Christum.

105 507 212 553 Inde
225 518 267 553 et
284 517 582 567 resurgentem
594 509 735 552 Deum
750 506 914 565 priores
929 505 1121 552 foeminae
1137 507 1354 568 Apostolis
1371 525 1491 555 nun-

103 580 277 624 tiarunt.
303 579 531 624 Nuntiavit
550 579 644 624 viro
673 592 752 622 suo
773 586 958 622 mortem
977 576 1159 623 foemina
1183 580 1229 623 in
1258 579 1456 639 paradiso
1476 599 1488 628 ε

102 650 415 696 nuntiaverunt
428 659 471 694 et
494 648 686 693 foeminae
704 647 886 692 salutem
909 648 1010 692 viris
1031 650 1075 692 in
1099 650 1305 694 Ecclesia.
1331 653 1491 696 Resur-

103 720 340 765 rectionem
376 719 535 765 Christi
571 718 769 778 Apostoli
805 727 929 764 erant
965 718 1167 777 gentibus
1204 720 1452 765 nuntiaturi
1475 741 1487 766 ε

101 789 318 848 Apostolis
346 787 542 834 foeminae
575 788 850 834 nuntiarunt.
886 790 1026 834 Nemo
1059 803 1164 847 ergo
1199 788 1492 836 calumnietur

101 859 273 904 Christo
290 868 395 904 nato
417 872 470 902 ex
486 856 666 902 foemina
683 892 694 913 ,
723 858 778 902 de
811 873 902 918 quo
922 872 1025 901 sexu
1047 858 1272 904 Liberator
1284 859 1492 904 maculari

99 945 188 974 non
210 938 375 989 posset,
391 938 436 973 et
449 943 581 988 quem
603 943 751 973 sexum
765 927 945 974 Creator
961 928 1269 973 commendare
1291 928 1487 974 deberet.

159 1002 236 1044 IV.
274 999 382 1054 Sed,
415 999 647 1058 inquiunt,
683 997 907 1058 quomodo
927 998 1135 1043 credituri
1157 1014 1307 1044 sumus
1338 1008 1492 1044 natum

99 1084 150 1114 ex
181 1068 362 1114 foemina
383 1069 631 1115 Christum?
663 1068 996 1127 Respondeam:
1022 1072 1086 1114 Ex
1108 1069 1346 1128 Evangelio
1370 1070 1492 1129 quod

98 1138 384 1199 praedicatum
400 1147 464 1183 est
484 1147 527 1182 et
549 1138 813 1197 praedicatur
826 1137 1030 1184 universo
1044 1139 1139 1184 orbi
1154 1149 1383 1183 terrarum.
1407 1138 1492 1184 Sed

98 1210 159 1254 rei
169 1210 259 1267 jam
281 1207 457 1253 creditae
479 1223 557 1267 per
578 1223 753 1252 omnem
776 1217 933 1253 terram
957 1209 1246 1268 quaestionem
1276 1217 1492 1254 conantur

97 1279 292 1337 ingerere
319 1278 446 1331 caeci,
471 1293 686 1322 excaecare
708 1278 815 1321 alios
837 1278 1090 1322 affectantes
1105 1313 1116 1333 ,
1157 1287 1199 1322 et
1222 1293 1311 1322 non
1332 1278 1490 1324 viden-

97 1356 159 1392 tes
191 1347 312 1407 quod
334 1345 574 1391 videndum
602 1355 688 1401 est,
725 1347 832 1391 dum
865 1347 1110 1391 convellere
1131 1355 1348 1393 conantur
1368 1346 1492 1406 quod

96 1417 361 1462 credendum
380 1426 458 1460 est.
478 1415 760 1475 Respondent
772 1417 905 1472 enim,
926 1426 969 1460 et
982 1416 1136 1461 dicunt
1152 1436 1161 1462 ε
1177 1415 1276 1462 Noli
1293 1432 1371 1461 nos
1387 1431 1492 1461 auc-

95 1489 270 1532 toritate
293 1487 411 1533 orbis
434 1496 646 1531 terrarum
670 1501 866 1545 premere
885 1505 894 1531 :
919 1487 1055 1545 ipsam
1087 1486 1356 1545 Scripturam
1378 1501 1490 1531 con-

96 1558 350 1602 sideremus.
375 1557 473 1602 Noli
494 1557 763 1616 populariter
783 1571 932 1614 agere:
954 1555 1195 1601 multitudo
1212 1557 1293 1601 tibi
1310 1556 1491 1603 seducta

95 1628 230 1674 favet.
259 1627 405 1671 Primo
431 1626 502 1671 hic
528 1627 770 1686 respondeo
796 1645 806 1670 ε
828 1625 1070 1670 Multitudo
1092 1625 1271 1671 seducta
1292 1627 1399 1670 mihi
1421 1627 1488 1671 fa-

95 1699 193 1742 vet?
216 1699 320 1743 Haec
341 1695 604 1749 multitudo,
629 1695 822 1754 paucitas
842 1694 941 1740 fuit.
963 1695 1090 1740 Unde
1103 1696 1239 1741 crevit
1260 1696 1355 1740 haec
1375 1696 1492 1741 mul-

21 1755 27 1782 Ε
98 1765 240 1811 titudo
254 1801 265 1821 ‚
290 1781 389 1825 quae
411 1765 457 1808 in
477 1766 567 1810 istis
589 1765 868 1810 incrementis
889 1775 1012 1811 tanto
1044 1775 1144 1810 ante
1177 1767 1377 1811 nuntiata
1400 1769 1490 1812 est?

20 1829 27 1871 'ff
95 1840 193 1885 Non
209 1836 324 1881 enim
341 1851 531 1881 crescere
546 1836 636 1880 visa
648 1845 727 1890 est,
748 1851 849 1895 quae
860 1851 951 1881 non
964 1845 1029 1881 est
1039 1837 1237 1895 praevisa.
1258 1839 1355 1882 Non
1370 1837 1486 1893 dico,

96 1907 290 1967 paucitas
312 1915 432 1950 erat:
459 1920 574 1950 unus
600 1914 690 1949 erat
722 1905 958 1951 Abraham.
983 1906 1291 1961 Considerate,
1318 1905 1487 1963 fratres,

97 1992 211 2022 unus
233 1985 325 2020 erat
346 1976 567 2023 Abraham
582 1990 659 2034 per
676 1984 818 2019 totum
835 1976 1053 2022 mundum
1067 1975 1144 2021 illo
1162 1985 1359 2035 tempore
1373 2011 1386 2032 ,
1409 1992 1490 2036 per

24 2067 27 2074 ·
96 2056 240 2092 totum
263 2046 416 2092 orbem
433 2055 644 2090 terrarum
659 2045 772 2090 inter
788 2061 938 2091 omnes
956 2046 1154 2092 homines
1168 2081 1180 2102 ‚
1205 2047 1321 2091 inter
1336 2062 1490 2092 omnes

99 2126 247 2177 gentes
262 2151 275 2173 ‚
304 2117 377 2161 cui
397 2116 565 2162 homini
588 2115 755 2161 dictum
773 2126 837 2162 est
858 2135 867 2162 ε
898 2135 919 2159 «
939 2120 992 2161 In
1010 2118 1174 2161 semine
1200 2126 1280 2162 tuo
1299 2116 1483 2161 benedi-

99 2207 121 2231 »
157 2196 312 2232 centur
338 2202 487 2237 omnes
525 2196 674 2245 gentes
698 2190 729 2231 ¹.
760 2207 777 2230 »
810 2187 936 2240 Quod
962 2187 1149 2232 credidit
1178 2203 1293 2231 unus
1322 2186 1378 2231 de
1408 2203 1488 2232 sua

97 2257 397 2316 singularitate
418 2280 439 2311 ,ν
469 2256 713 2301 exhibitum
747 2265 811 2302 est
844 2257 992 2302 multis
1029 2257 1084 2302 de
1124 2258 1296 2302 seminis
1332 2255 1487 2301 multi-

97 2327 268 2372 tudine.
290 2329 413 2370 Tunc
427 2341 517 2371 non
527 2325 777 2382 videbatur,
797 2336 841 2371 et
857 2327 1141 2385 credebatur3
1157 2342 1277 2371 nunc
1292 2326 1483 2384 videtur,

100 2405 144 2440 et
163 2397 468 2456 impugnatur:
493 2404 536 2440 et
551 2395 673 2456 quod
688 2396 767 2441 uni
783 2405 888 2441 tunc
907 2397 1137 2442 dicebatur
1153 2405 1198 2441 et
1213 2397 1270 2441 ab
1289 2412 1380 2442 uno
1397 2412 1484 2441 cre-

100 2464 313 2520 debatur,
336 2481 455 2510 nunc
481 2475 762 2524 oppugnatur
792 2483 817 2512 a
844 2467 1019 2526 paucis,
1042 2465 1223 2526 quando
1251 2467 1486 2513 exhibetur

149 2558 159 2573 ¹
186 2552 265 2583 Gen.
288 2560 367 2591 xxn,
393 2550 449 2582 18.
