1898 3178
300 199 439 226 sent-ito
470 198 580 235 xcii,
617 199 670 224 DE
704 197 847 224 VERBJS
879 198 1042 224 MATTH.
1078 197 1181 223 xxu.
1357 184 1440 224 495

0 281 1 284 ¹
61 269 144 304 test
165 259 309 305 saciat.
336 264 413 305 Est
435 261 553 321 quod
575 261 653 304 sibi
685 271 862 318 erogent
894 262 1021 305 ctiam
1051 276 1261 321 pauperes
1288 275 1296 300 t
1335 259 1442 305 alius

60 329 218 374 claudo
240 331 370 390 pedes
393 331 711 385 accommodet,
744 331 850 375 alius
877 347 993 376 caeco
1015 348 1114 375 suos
1138 330 1286 376 oculos
1308 330 1444 375 duces

0 440 1 444 ,
59 400 276 459 praebeat3
301 400 409 444 alius
431 401 574 444 visitet
595 401 841 456 infirmum,
867 400 976 446 alius
1000 401 1178 461 sepeliat
1202 410 1439 445 mortuum.

0 502 1 506 =
63 473 176 516 Sunt
196 472 276 516 ista
298 472 343 515 in
365 472 590 527 omni-bus,
625 481 675 515 ut
707 488 880 531 prorsus
902 472 1080 517 difficile
1101 473 1347 517 inveniatur
1366 471 1446 515 ali-

0 555 4 562 ·
59 542 156 602 quis
177 542 253 601 qui
275 558 364 587 non
382 543 539 587 habeat
560 542 677 586 unde
701 542 867 603 aliquid
890 543 1013 587 alteri
1034 553 1222 603 praestet.
1256 546 1311 588 Et
1334 542 1445 587 illud

59 621 303 657 extremum
335 624 379 657 et
418 628 622 673 magnum
650 613 771 673 quod
800 614 859 658 ait
896 614 1129 674 Apostolus
1155 630 1164 655 t
1202 634 1222 657 «
1253 614 1445 659 Invicem

0 696 6 723 ὲ
62 700 84 724 »
111 698 243 728 onera
254 693 392 728 vestra
405 693 596 744 portate,
615 684 728 728 etsie
740 683 1031 744 adimplebitis
1048 684 1188 744 legem
1203 684 1364 731 Christi
1376 686 1406 729 ¹.
1421 702 1441 725 »

60 853 1446 872 mmmmmmmmmmmmmmmmmmm

541 983 771 1030 SERMO
810 984 982 1031 XC112.

208 1141 286 1187 De
308 1141 486 1188 eisdem
511 1142 667 1188 verbis
689 1143 956 1206 Evangelii
972 1141 1153 1189 Matth..
1189 1162 1297 1189 xxu.

117 1303 152 1345 I.
205 1304 498 1355 QUAEsTmix-EM
545 1304 810 1362 propositam
852 1306 875 1347 J
882 1303 1015 1348 udaeis
1070 1303 1234 1348 debent
1281 1304 1446 1349 solvere

58 1371 306 1416 Christiani.
334 1373 543 1414 Dominus
562 1373 677 1414 enim
696 1376 819 1414 Jesus
833 1374 1030 1417 Christus
1045 1408 1056 1427 ‚
1077 1374 1150 1432 qui
1168 1389 1262 1418 eam
1282 1374 1444 1418 Judaeis

59 1442 316 1501 proposuit,
339 1442 429 1502 ipse
451 1458 540 1486 non
564 1441 713 1497 solvit,
738 1441 814 1486 sed
828 1441 992 1486 Judaeis
1008 1477 1018 1496 ‚
1039 1443 1166 1487 nobis
1188 1453 1332 1488 autem
1356 1444 1444 1489 sol·

0 1551 10 1565 „
57 1513 134 1556 vit.
156 1515 213 1556 Et
233 1513 585 1557 commemorabo
613 1513 879 1557 Charitatem
905 1514 1100 1556 Vestram
1118 1547 1130 1568 ,
1156 1523 1198 1557 et
1219 1514 1445 1558 invenietis

58 1584 161 1643 quia
182 1582 323 1627 solvit.
354 1583 500 1628 Primo
530 1582 696 1627 nodum
718 1582 863 1627 videte
892 1583 1158 1642 quaestionis.
1193 1584 1399 1637 Quaesivit
1421 1601 1444 1628 a

59 1653 222 1699 Judaeis
243 1654 351 1715 quid
377 1654 436 1698 eis
461 1654 681 1698 videretur
704 1653 758 1697 de
788 1654 986 1708 Christo,
1010 1655 1132 1713 cujus
1155 1663 1265 1697 esset
1292 1654 1406 1698 filius
1431 1675 1440 1699 z

57 1724 158 1784 quia
177 1734 220 1768 et
236 1724 317 1784 ipsi
334 1734 507 1784 sperant
526 1725 762 1769 Christum.
791 1727 842 1767 In
857 1724 1084 1783 Prophetis
1106 1723 1319 1782 legerunt,
1339 1741 1444 1769 ven-

57 1803 207 1837 turum
236 1803 575 1850 expectaverunt
594 1830 605 1850 ,
636 1804 893 1854 praesentem
925 1795 1180 1839 occiderunt
1202 1811 1210 1836 :
1232 1796 1333 1855 quia
1366 1796 1443 1840 ubi

56 1863 263 1922 legebant
283 1871 519 1906 venturum
541 1861 760 1906 Christum
777 1896 787 1916 ,
818 1865 877 1904 ibi
908 1864 1112 1920 legebant
1133 1865 1234 1925 quia
1261 1866 1443 1910 occisuri

6 1937 24 1980 .’
60 1943 183 1979 erant
203 1933 440 1978 Christum.
466 1932 550 1978 Sed
580 1931 694 1976 illius
716 1933 917 1976 futurum
946 1932 1181 1976 adventum
1212 1937 1445 1991 sperabant

3 1992 11 2058 L
58 2005 106 2050 in
128 2004 353 2064 Prophetis
374 2019 382 2044 :
409 2018 508 2047 nam
536 2003 736 2047 futurum
758 2018 883 2046 suum
908 2001 1076 2047 facinus
1107 2018 1194 2047 non
1217 2003 1438 2050 videbant.

59 2077 128 2122 Sic
149 2091 252 2134 ergo
274 2090 345 2119 eos
365 2074 648 2132 interrogavit
669 2074 723 2118 de
743 2074 915 2118 Christo
932 2108 942 2127 ‚
964 2088 1052 2117 non
1070 2074 1192 2132 quasi
1215 2073 1269 2118 de
1288 2075 1441 2135 incog-

57 2148 151 2192 nito
167 2181 178 2202 ‚
198 2155 272 2190 aut
292 2147 414 2206 cujus
431 2160 592 2189 nomen
616 2160 841 2205 nunquam
861 2143 1095 2199 audissent,
1122 2155 1198 2189 aut
1219 2146 1342 2205 cujus
1365 2147 1443 2190 ad-

57 2226 238 2262 ventum
261 2231 488 2276 nunquam
510 2224 765 2274 sperassent.
797 2217 905 2260 Nam
936 2213 1144 2273 quoniam
1168 2214 1310 2259 adhuc
1340 2231 1442 2260 eum

0 2280 11 2338 ss
58 2296 258 2347 sperant,
278 2287 378 2331 ideo
400 2295 561 2331 errant.
579 2286 797 2346 Equidem
820 2295 863 2329 et
884 2301 962 2329 nos
984 2300 1205 2344 speramus
1222 2302 1343 2345 eum3
1366 2288 1442 2332 sed

26 2359 28 2362 ’
56 2357 512 2417 venturumjudicem‚
535 2372 625 2401 non
640 2365 874 2400 venturum
887 2354 1190 2416 judicandum.
1214 2357 1442 2416 Prophetae

0 2471 13 2486 ,,
59 2437 205 2474 autem
225 2428 362 2472 sancti
394 2437 634 2487 utrumque
661 2427 1052 2486 prophetaverunt,
1084 2435 1320 2472 venturum
1340 2443 1442 2472 eum

107 2531 116 2548 ¹
138 2523 243 2558 Galat.
267 2535 317 2565 vi,
331 2534 362 2556 2.
384 2540 425 2547 —
442 2530 454 2547 ²
473 2523 558 2555 Alias
571 2522 612 2555 de
633 2525 791 2566 Tempore
810 2523 888 2557 235.
