1898 3178
331 259 469 288 sumno
502 259 714 297 Lxxxvm,
751 261 803 286 DE
835 258 981 288 vannis
1013 259 1176 287 MATTH.
1212 260 1281 286 xit.
1407 249 1490 289 453

115 334 216 370 sunt
237 326 496 370 Christiani?
532 328 614 368 Ista
648 324 829 369 stultitia
855 335 944 379 est,
983 326 1062 369 ista
1093 325 1311 369 dementia
1333 335 1409 370 est.
1436 329 1493 371 Et

115 405 269 440 caetera
291 394 388 439 talia
411 395 542 438 turba
566 393 746 449 clamat,
782 409 836 438 ne
869 395 971 439 caeci
998 394 1201 440 clament.
1236 395 1381 439 Turba
1403 396 1494 440 cla-

115 475 282 510 mantes
307 464 592 525 corripiebat,
632 463 707 509 sed
738 480 888 510 eorum
918 465 1126 510 clamores
1157 481 1247 511 non
1277 467 1492 512 vincebat.

116 537 369 597 Intelligant
390 536 497 597 quid
518 534 701 591 faciant,
724 537 800 596 qui
817 537 971 581 volunt
987 538 1142 582 sanari.
1162 541 1220 582 Et
1234 553 1352 583 nunc
1374 541 1496 584 Jesus

116 609 270 653 transit
295 624 304 648 τ
340 607 416 668 qui
443 608 566 667 juxta
588 606 702 651 viam
723 616 846 663 sunt,
880 607 1083 653 clament.
1113 627 1134 650 «
1159 609 1216 653 Hi
1247 619 1348 653 sunt
1382 609 1496 654 enim

119 697 140 721 »
165 679 241 739 qui
256 678 380 723 labiis
394 679 633 733 honorant,
653 693 726 723 cor
741 687 887 723 autem
904 694 1056 723 eorum
1068 679 1196 737 longe
1214 689 1277 724 est
1294 696 1317 724 a
1334 683 1458 725 Deo¹.
1475 699 1495 722 »

117 750 205 809 Ipsi
225 758 328 794 sunt
350 750 474 809 juxta
500 749 638 805 viam,
674 749 834 809 quibus
864 750 1062 809 praecipit
1083 751 1294 795 Dominus
1328 751 1499 795 obtritis

116 820 261 865 corde.
288 822 397 865 Nam
421 835 520 864 cum
544 820 781 864 recitantur
812 835 862 864 ea
883 836 982 880 quoe
1004 820 1108 865 fecit
1136 822 1347 866 Dominus
1374 831 1499 866 tran-

117 891 311 946 seuntia,
347 905 515 950 semper
548 890 671 934 nobis
705 891 934 935 exhibetur
968 891 1180 936 transiens
1216 895 1354 936 Jesus.
1393 893 1500 945 Quia

117 977 254 1023 usque
275 962 321 1005 in
342 962 474 1006 finem
497 962 643 1006 saeculi
664 977 754 1007 non
773 962 931 1007 desunt
953 963 1057 1008 caeci
1072 961 1269 1007 sedentes
1290 962 1346 1008 ad
1367 963 1497 1007 viam.

117 1036 237 1093 Opus
259 1048 360 1092 ergo
384 1042 472 1087 est,
499 1043 548 1077 ut
569 1031 757 1078 clament
779 1032 842 1076 issi
857 1035 980 1093 juxta
997 1034 1111 1079 viam
1127 1034 1337 1079 sedentes.
1357 1035 1503 1078 Turba

117 1120 216 1164 quae
242 1120 342 1148 cum
370 1104 553 1149 Domino
573 1113 686 1160 erat,
712 1104 1014 1163 compescebat
1041 1105 1275 1148 clamorem
1301 1120 1504 1164 quaeren-

118 1175 227 1218 tium
253 1175 496 1219 sanitatem.
517 1177 705 1229 Fratres,
721 1174 876 1218 videtis
899 1172 1007 1234 quid
1025 1173 1193 1218 dicam?
1213 1175 1367 1219 Nescio
1388 1175 1505 1218 enim

116 1246 339 1306 quomodo
362 1244 504 1289 dicam
530 1264 538 1288 :
571 1244 647 1288 sed
668 1244 766 1303 plus
789 1243 934 1289 nescio
957 1243 1181 1304 quomodo
1205 1253 1386 1289 taceam.
1408 1247 1502 1289 Hoc

50 1355 51 1360 ,
115 1315 234 1370 dico,
266 1324 308 1359 et
331 1324 477 1374 aperte
498 1315 609 1359 dico.
644 1314 792 1358 Timeo
820 1314 936 1358 enim
959 1316 1107 1358 Jesum
1133 1323 1432 1360 transeuntem
1459 1323 1504 1360 et

52 1436 53 1442 ἵ
115 1394 388 1430 manentem:
410 1394 453 1429 et
466 1384 565 1429 ideo
582 1394 722 1429 tacere
737 1400 827 1429 non
843 1399 1034 1444 possum.
1056 1387 1198 1430 Bonos
1215 1386 1499 1441 ChristianOS‚

115 1471 214 1501 vere
245 1455 485 1510 studiOSOS‚
519 1454 714 1500 volentes
747 1455 889 1499 facere
923 1464 1141 1514 praecepta
1176 1457 1281 1509 Dei,
1324 1472 1422 1515 quae
1456 1457 1502 1500 in

116 1526 353 1584 Evangelio
375 1526 533 1585 scripta
565 1534 666 1569 sunt
682 1560 692 1580 ,
729 1524 962 1569 Christiani
983 1525 1088 1569 mali
1116 1534 1160 1569 et
1186 1524 1322 1584 tepidi
1349 1527 1501 1585 prohi-

55 1630 57 1638 ,
115 1597 236 1641 bent.
261 1597 404 1640 Turba
419 1597 510 1655 ipsa
531 1611 631 1655 quae
653 1610 755 1640 cum
773 1595 960 1640 Domino
977 1604 1062 1650 est,
1083 1595 1288 1654 prohibet
1305 1595 1502 1642 claman-

115 1677 205 1723 tes,
237 1668 283 1712 id
315 1677 399 1719 est,
434 1667 638 1726 prohibet
665 1667 776 1710 bene
809 1675 1063 1725 operantes,
1103 1682 1159 1710 ne
1186 1668 1502 1725 perseverando

57 1741 62 1803 '3
115 1746 334 1782 sanentur.
371 1736 572 1781 Clament
602 1735 690 1791 illi,
721 1751 811 1780 non
849 1735 1074 1791 deficiant,
1112 1751 1256 1796 neque
1284 1736 1503 1782 ducantur

8 1814 14 1868 J
115 1809 238 1868 quasi
257 1807 512 1851 auctoritate
531 1807 781 1864 turbarum,
801 1821 880 1851 nec
898 1821 970 1850 eos
989 1807 1064 1866 qui
1086 1807 1250 1865 priores
1268 1808 1502 1854 Christiani

0 1872 13 1892 ’ἵ
58 1872 65 1910 ἶ
114 1878 219 1923 facti
241 1886 367 1933 sunt,
406 1876 518 1920 male
549 1878 764 1932 viventes,
791 1886 835 1921 et
866 1877 990 1921 bonis
1023 1877 1228 1936 operibus
1259 1879 1503 1926 invidentes

116 1949 355 1993 imitentur.
378 1950 476 1992 Non
498 1946 645 1992 dicant
670 1966 679 1991 :
705 1946 937 2001 Quomodo
959 1948 1028 1991 isti
1047 1949 1201 1992 vivunt
1223 1957 1312 1993 tam
1336 1950 1464 1995 multi
1483 1986 1497 2004 ‚

60 2039 66 2061 z
116 2020 174 2063 sic
189 2019 398 2063 vivamus.
416 2022 555 2071 Quare
567 2033 657 2062 non
677 2018 821 2077 potius
833 2016 1057 2078 quomodo
1070 2017 1174 2062 dicit
1186 2016 1500 2079 Evangeliurn?

0 2079 34 2106 ³*
60 2108 65 2130 1=
117 2090 259 2142 Quare
279 2089 342 2132 vis
370 2088 513 2132 vivere
541 2087 782 2132 secundum
803 2088 1145 2147 increpationem
1177 2089 1319 2133 turbae
1352 2091 1501 2148 prohi-

116 2159 283 2213 bentis,
321 2167 365 2202 et
395 2173 484 2202 non
521 2157 760 2202 secundum
795 2159 970 2216 vestigia
1006 2158 1178 2203 Domini
1210 2161 1501 2205 transeuntis?

0 2224 10 2238 ”
65 2253 68 2257 -
117 2227 415 2282 Insultabunt,
439 2228 766 2287 vituperabunt,
793 2229 1088 2274 revocabunt:
1106 2237 1156 2273 tu
1177 2229 1316 2273 clama
1331 2246 1497 2290 quous-

117 2315 203 2359 que
223 2299 446 2358 pervenias
468 2299 523 2343 ad
545 2313 668 2343 aures
690 2301 806 2345 Jesu.
836 2303 946 2347 Nam
968 2301 1044 2361 qui
1065 2303 1432 2360 perseveraverint
1451 2303 1498 2347 in

118 2370 316 2415 faciendo
337 2369 438 2415 talia
460 2370 606 2430 qualia
626 2373 833 2432 praecepit
863 2373 1059 2417 Christus
1073 2407 1084 2427 ,
1119 2381 1163 2416 et
1188 2388 1278 2417 non
1299 2374 1498 2418 attende-

42 2439 51 2446 '
118 2440 206 2484 rint
241 2440 390 2484 turbas
433 2439 738 2499 prohibentes,
778 2457 921 2502 neque
959 2441 1337 2501 magnipenderint
1377 2444 1497 2503 quod

120 2510 339 2555 Christum
360 2510 564 2554 videntur
586 2511 734 2570 sequi,
762 2511 805 2555 id
831 2521 915 2567 est,
941 2511 1060 2572 quod
1090 2512 1320 2557 Christiani
1348 2513 1495 2573 appel-

163 2597 176 2614 ¹
199 2596 271 2627 lsai.
291 2606 378 2636 xxix,
404 2596 456 2636 13,
475 2600 508 2627 et
526 2595 645 2627 Matth.
663 2606 729 2637 xix,
752 2595 784 2629 8.
