1898 3178
427 238 565 267 51511Μο
597 239 718 277 cx1v,
755 241 807 267 nn
841 240 986 269 VERBIS
1019 243 1110 269 Luc,
1148 243 1254 269 xvir.
1343 253 1350 256 >
1453 230 1532 271 631

155 304 237 347 luit
258 304 466 364 intelligi,
493 307 572 349 nisi
594 306 977 367 quotiescumque,
1002 323 1057 352 ne
1072 307 1184 352 forte
1204 317 1356 368 peccet
1377 310 1508 354 octies
1526 346 1536 365 ,

156 383 199 418 et
221 374 330 418 nolis
347 375 581 433 ignoscere.
600 377 716 429 Quid
731 387 793 421 est
809 393 911 436 ergo
934 397 954 420 «
973 379 1158 438 septies?
1174 397 1194 420 »
1220 381 1412 439 Semper,
1429 396 1541 441 quo-

155 446 424 505 tiescumque
445 448 688 506 peccaverit
709 463 896 508 eumque
911 449 1180 508 poenituerit.
1197 451 1290 495 Hoc
1309 451 1425 495 enim
1440 460 1503 496 est
1528 471 1537 496 :

159 534 180 558 «
217 517 380 575 Septies
398 517 444 560 in
466 516 535 562 die
556 516 748 562 laudabo
770 521 836 562 te1
866 539 873 563 ε
903 536 922 559 »
943 518 1063 579 quod
1083 527 1146 563 est
1166 520 1211 563 in
1233 519 1316 564 alio
1337 519 1507 566 Psalmo
1528 541 1538 567 z

160 605 180 627 «
217 588 393 646 Semper
421 586 514 631 laus
547 589 637 647 ejus
659 588 701 631 in
724 603 797 632 ore
825 592 963 633 me02.
991 608 1011 630 n
1038 592 1093 633 Et
1121 601 1255 650 quare
1276 592 1430 650 septies
1462 602 1541 651 pro

159 671 210 701 eo
233 657 351 718 quod
373 667 435 702 est
457 671 625 718 semper
643 667 851 718 ponatur,
877 659 1109 704 certissima
1127 662 1234 705 ratio
1250 670 1314 705 est
1339 681 1349 706 ι
1374 671 1540 721 septem

158 728 321 788 quippe
341 725 494 772 diebus
512 729 786 773 venientibus
816 738 858 773 et
881 727 1164 775 redeuntibus
1186 739 1325 775 totum
1353 730 1542 777 volvitur

158 808 346 857 tempus.

218 873 274 913 ΙΙ.
307 870 510 930 Quisquis
535 885 637 929 ergo
662 871 882 915 Christum
903 872 1084 929 cogitas,
1117 880 1160 916 et
1190 873 1310 931 cupis
1346 873 1540 933 accipere

156 941 276 999 quod
298 941 514 999 promisit,
529 939 619 984 noli
634 956 722 984 esse
744 941 865 1000 piger
888 939 1027 985 facere
1046 941 1165 1001 quod
1184 942 1405 1001 praecepit.
1423 943 1539 996 Quid

157 1011 272 1053 enirn
291 1011 520 1070 promisit?
543 1011 686 1054 Vitam
717 1020 939 1054 aeternam.
971 1014 1027 1055 Et
1048 1011 1154 1070 quid
1181 1012 1417 1071 praecepit?
1440 1013 1539 1056 Dari

155 1080 277 1125 fratri
301 1090 376 1125 tuo
401 1081 569 1124 veniam
597 1091 798 1141 tanquam
820 1082 983 1126 diceret
1012 1082 1094 1126 tibi
1116 1102 1124 1126 :
1148 1085 1213 1125 Tu
1231 1083 1361 1126 homo
1378 1081 1432 1127 da
1456 1084 1538 1128 ho-

155 1152 263 1194 mini
287 1151 456 1195 veniam
475 1186 484 1205 ,
511 1160 560 1195 ut
584 1166 662 1209 ego
685 1154 797 1195 Deus
821 1151 875 1195 ad
895 1161 936 1196 te
953 1152 1137 1195 veniam.
1157 1153 1241 1197 Sed
1259 1162 1305 1196 ut
1322 1153 1536 1209 omittam,

154 1220 223 1264 vel
242 1222 384 1280 potius
406 1221 686 1265 intermittam
706 1221 856 1265 altiora
878 1220 951 1265 illa
970 1221 1116 1265 divina
1138 1224 1360 1281 promissa,
1378 1223 1423 1266 in
1441 1224 1541 1283 qui-

154 1292 235 1335 bus
259 1307 335 1335 nos
357 1294 536 1337 Creator
559 1301 703 1335 noster
724 1290 919 1335 facturus
944 1301 1007 1335 est
1028 1291 1214 1352 aequales
1237 1292 1412 1351 Angelis
1433 1293 1535 1348 suis,

154 1370 204 1405 ut
227 1377 327 1405 cum
350 1359 424 1404 illo
448 1371 490 1405 et
511 1362 558 1404 in
574 1360 649 1405 illo
673 1371 715 1404 et
739 1362 793 1404 de
815 1361 890 1405 illo
909 1362 1001 1405 sine
1023 1362 1109 1405 fine
1131 1362 1327 1406 vivamus
1355 1383 1362 1407 :
1388 1372 1437 1407 ut
1453 1364 1538 1408 hoc

154 1431 327 1475 interim
353 1447 443 1475 non
476 1431 617 1475 dicam
637 1467 646 1485 ,
678 1432 762 1475 hoc
789 1432 931 1490 ipsum
963 1433 1082 1491 quod
1108 1432 1274 1492 juberis
1310 1431 1432 1477 fratri
1462 1443 1538 1478 tuo

154 1502 279 1556 dare,
306 1518 328 1545 a
356 1505 441 1545 Deo
466 1508 542 1545 tuo
558 1517 647 1545 non
670 1502 731 1545 vis
751 1503 974 1561 accipere?
1004 1505 1096 1546 Hoc
1117 1503 1256 1560 ipsum
1276 1538 1286 1558 ,
1324 1505 1500 1563 inquam
1524 1539 1534 1558 ,

152 1571 271 1633 quod
289 1573 453 1632 juberis
478 1571 598 1615 fratri
622 1582 696 1615 tuo
719 1572 820 1615 <lare
835 1607 845 1626 ,
871 1588 892 1616 a
916 1574 1100 1617 Domino
1122 1582 1199 1617 tuo
1221 1589 1310 1617 non
1339 1574 1402 1618 vis
1425 1575 1538 1619 acci-

152 1658 254 1702 pere
271 1645 288 1686 ?
308 1643 382 1686 Dic
406 1642 509 1685 mihi
533 1643 565 1685 si
588 1656 676 1684 non
693 1642 770 1695 vis,
793 1650 836 1684 et
856 1641 945 1685 noli
961 1643 1078 1685 dare.
1102 1642 1218 1695 Quid
1241 1651 1303 1686 est
1324 1644 1431 1697 hoc,
1455 1645 1536 1688 nisi

153 1722 201 1756 ut
226 1713 419 1772 poscenti
450 1713 669 1769 ignoscas,
694 1712 726 1754 si
763 1711 842 1755 tibi
866 1712 1002 1770 poscis
1037 1711 1229 1769 ignosci?
1267 1716 1354 1755 Aut
1387 1713 1421 1756 si
1448 1729 1536 1757 non

150 1783 285 1827 habes
309 1782 427 1842 quod
451 1782 526 1824 tibi
546 1782 812 1839 ignoscatur,
840 1780 979 1825 audeo
1002 1781 1169 1826 dicere:
1187 1780 1532 1841 Noliignoscere.

151 1857 407 1912 Quanquam
426 1866 505 1895 nec
518 1852 599 1895 hoc
623 1850 764 1894 dicere
785 1849 934 1894 debui.
956 1851 1046 1895 Etsi
1065 1866 1155 1895 non
1171 1850 1306 1895 habes
1319 1851 1441 1911 quod
1456 1852 1536 1896 tibi
1582 1872 1587 1874 ·

151 1924 401 1983 ignoscatur
416 1958 426 1977 ,
451 1922 637 1980 ignosce.

209 1997 289 2038 111.
327 1994 528 2037 Dicturus
547 2007 589 2036 es
612 1992 718 2035 mihi
743 1990 874 2036 modo
899 1991 1011 2036 :Sed
1034 2006 1114 2050 ego
1142 2007 1232 2036 non
1262 2007 1358 2036 sum
1390 1994 1532 2050 Deus,

151 2065 282 2109 homo
300 2080 395 2109 sum
417 2072 632 2123 peccator.
655 2065 744 2107 Deo
763 2063 932 2121 gratias,
952 2062 1072 2122 quod
1093 2063 1310 2107 confiteris
1328 2079 1417 2108 esse
1438 2080 1536 2124 pec-

150 2143 245 2179 cata
270 2144 357 2179 tua,
381 2137 494 2191 Ergo
516 2133 687 2191 ignosce
703 2168 713 2187 ,
740 2141 789 2176 ut
812 2132 1090 2176 dimittantur
1112 2133 1207 2176 tibi.
1228 2135 1438 2177 Hortatur
1457 2150 1535 2179 nos

150 2214 295 2249 tamen
316 2205 406 2264 ipse
427 2204 632 2247 Dominus
646 2206 759 2247 Deus
782 2211 927 2246 noster
948 2211 997 2245 ut
1010 2203 1230 2245 imitemur
1247 2218 1346 2246 eum
1363 2222 1371 2248 :
1388 2199 1534 2249 Primo

149 2277 241 2336 ipse
253 2279 366 2320 Deus
385 2276 595 2328 Christus,
613 2273 666 2317 de
684 2285 772 2333 quo
792 2271 1012 2332 apostolus
1034 2276 1185 2316 Petrus
1198 2273 1328 2317 dixit:
1350 2292 1370 2315 «
1386 2273 1535 2318 Chris·

153 2365 174 2388 »
209 2357 278 2392 tus
300 2363 379 2407 pro
400 2346 525 2390 nobis
546 2360 693 2405 passus
715 2354 778 2389 est
794 2379 805 2399 ,
832 2341 1081 2404 relinquens
1103 2343 1227 2388 vobis
1256 2343 1504 2404 exemplum
1518 2381 1529 2401 ,

152 2437 173 2460 »
208 2428 258 2463 ut
273 2417 512 2478 sequamini
533 2416 708 2474 vestigia
723 2417 812 2476 ejus
827 2450 837 2470 ‚
858 2415 935 2475 qui
954 2424 1181 2474 peccatum
1199 2430 1290 2459 non
1308 2414 1428 2471 fecit,
1451 2432 1532 2461 nec

152 2507 174 2530 »
208 2490 410 2533 inventus
432 2496 495 2531 est
527 2485 653 2531 dolus
680 2486 726 2529 in
749 2501 819 2530 ore
841 2486 931 2545 ejus
950 2486 981 2528 3.
1008 2503 1026 2526 »
1048 2487 1104 2529 Et
1143 2485 1296 2545 utique
1322 2486 1414 2545 ipse
1443 2502 1531 2531 non

200 2581 209 2597 ¹
236 2573 316 2606 Psal.
339 2584 446 2613 exvm,
466 2572 539 2613 164.
559 2589 599 2595 -
617 2578 629 2594 ²
650 2571 696 2603 Id.
714 2581 825 2611 xxxin,
845 2579 875 2603 2.
895 2587 936 2593 —-
954 2569 968 2592 3
991 2581 1002 2602 ι
1020 2571 1106 2604 Petr.
1127 2582 1166 2612 11,
1184 2579 1239 2611 21,
1263 2579 1316 2603 22.
