1898 3178
389 208 473 247 ‘118
823 216 856 243 S·
892 211 1125 241 AUGUSTINI
1156 213 1339 242 El’lscorl

388 291 563 344 oportet
587 282 655 327 bis
675 279 918 338 numerari3
939 279 1040 339 quia
1057 287 1102 324 et
1121 277 1177 324 ad
1199 278 1324 324 illum
1345 278 1543 325 ordinem
1560 278 1772 339 pertinet:

385 355 463 417 qui
476 368 614 415 usque
625 352 682 398 ad
697 353 840 411 ipsum
853 350 1021 407 finitur,
1045 359 1090 396 et
1110 349 1166 396 ad
1180 350 1306 395 illum
1327 351 1404 411 qui
1423 351 1478 395 ab
1492 350 1587 410 ipso
1603 350 1772 409 incipit,

386 427 446 472 sic
468 425 577 470 ordo
602 421 934 483 generationum
951 419 1150 482 quandiu
1170 421 1216 465 in
1235 420 1311 466 illo
1337 421 1503 481 populo
1524 420 1707 476 mansit,
1720 420 1778 464 ‘in

386 498 454 542 bis
468 505 669 556 septeno,
683 491 729 537 id
748 491 1073 549 est,intervallo
1089 507 1179 538 non
1190 491 1294 537 fecit
1311 492 1522 551 angulum
1540 512 1551 549 3
1576 507 1677 536 cum
1700 507 1778 536 au-

387 577 477 612 tem
491 565 687 610 detortus
706 563 814 608 ordo
831 572 917 620 est,
941 571 993 608 ut
1009 562 1387 621 transmigraretur
1402 563 1449 605 in
1470 560 1777 619 Babyloniam,

386 637 509 684 velut
537 651 562 680 a
585 634 795 680 Jechonia
826 633 1007 695 quidam
1041 633 1182 678 factus
1205 643 1268 678 est
1296 632 1504 691 angulu83
1532 641 1582 676 ut
1614 631 1781 676 eumin

385 718 494 768 typo
510 706 626 752 illius
646 704 884 752 venerandi
905 704 1064 765 lapidis
1080 704 1297 763 angularis
1317 703 1382 748 bis
1402 717 1635 747 numerare
1657 717 1782 762 opor-

387 788 517 823 teret.

443 851 564 895 XVI.
598 847 747 894 Altera
767 847 944 893 illorum
973 845 1255 892 calumniatio
1280 854 1356 890 est.
1383 847 1465 889 Per
1487 844 1651 904 Joseph
1670 878 1681 899 ,
1708 843 1781 887 in-

386 920 571 981 quiunt,
592 919 894 978 generationes
916 917 1104 973 Christi,
1128 925 1172 960 et
1190 931 1282 961 non
1313 930 1391 975 per
1422 914 1604 960 Mariam
1627 928 1784 958 nume-

386 999 558 1035 rantur.
605 989 817 1035 Attendat
860 988 1081 1048 paulisper
1113 987 1326 1033 Sanctitas
1357 988 1524 1030 Vestra.
1559 987 1656 1031 Non
1672 1019 1683 1039 ‚
1719 984 1785 1028 in-

387 1063 576 1122 quiunt,
596 1076 673 1120 per
690 1063 711 1105 J
719 1061 853 1119 oseph
866 1059 1037 1103 debuit.
1057 1061 1201 1112 Quare
1218 1073 1309 1102 non
1322 1056 1475 1101 debuit
1496 1071 1573 1115 per
1596 1055 1785 1115 Joseph?

388 1132 615 1192 Numquid
631 1147 722 1176 non
743 1140 836 1175 erat
857 1131 1037 1175 maritus
1049 1130 1199 1175 Mariae
1211 1132 1236 1173 J
1239 1129 1372 1188 oseph
1386 1130 1404 1173 P
1417 1130 1514 1174 Non
1527 1162 1538 1183 ,
1559 1127 1782 1187 inquiunt.

389 1203 497 1257 Quis
519 1204 603 1247 hoc
622 1200 754 1246 dicit?
778 1202 1000 1261 Scriptura
1013 1200 1133 1244 enim
1155 1198 1261 1244 dicit
1277 1198 1483 1256 Angelica
1506 1198 1784 1253 auctoritate,

390 1275 512 1334 quod
545 1273 725 1318 maritus
761 1281 868 1316 erat.
895 1290 917 1314 «
941 1271 1041 1318 Noli
1070 1271 1248 1325 timere,
1279 1269 1447 1329 inquit,
1477 1268 1673 1328 accipere
1699 1270 1788 1313 Ma-

393 1363 416 1388 »
450 1346 559 1390 riam
578 1345 813 1404 conjugem
834 1351 972 1387 tuam.
999 1341 1130 1395 Quod
1152 1340 1268 1385 enim
1290 1341 1336 1384 in
1356 1339 1430 1383 illa
1452 1349 1605 1383 natum
1626 1347 1715 1394 est,
1733 1338 1788 1382 de

393 1433 416 1458 »
455 1415 619 1474 Spiritu
649 1422 799 1458 sancto
828 1415 934 1458 est1.
964 1430 985 1454 ι)
1009 1412 1063 1456 Ei
1085 1426 1265 1471 quoque
1283 1409 1465 1470 jubetur
1486 1418 1687 1469 utpuero
1709 1423 1789 1453 no-

392 1500 498 1531 men
518 1486 716 1545 imponat
730 1519 742 1540 ,
759 1483 958 1544 quamvis
975 1497 1066 1527 non
1090 1481 1145 1526 de
1163 1481 1326 1525 semine
1344 1495 1424 1524 suo
1440 1489 1558 1524 nato.
1586 1498 1606 1522 «
1627 1479 1787 1534 Pariet‚

395 1576 418 1601 »
440 1556 600 1615 inquit,
615 1555 773 1609 filium,
791 1563 835 1598 et
848 1553 1024 1598 vocabis
1044 1567 1207 1597 nomen
1224 1554 1316 1612 ejus
1338 1554 1530 1596 Jesum2.
1554 1570 1574 1593 »
1601 1551 1685 1597 Sed
1707 1552 1791 1596 hoc

395 1627 587 1674 intendit
603 1626 825 1685 Scriptura
841 1659 853 1680 ‚
873 1623 994 1684 quod
1016 1639 1107 1669 non
1128 1624 1182 1668 sit
1203 1633 1330 1667 natus
1352 1623 1407 1667 de
1430 1624 1593 1667 semine
1609 1625 1633 1667 J
1637 1623 1789 1682 oseph‚

397 1713 501 1744 cum
524 1695 708 1741 sollicito
737 1694 855 1739 unde
881 1703 993 1739 esset
1023 1693 1098 1738 illa
1120 1692 1258 1753 gravis
1280 1703 1406 1738 utero
1421 1728 1433 1749 ‚
1458 1693 1618 1738 dicitur
1641 1708 1651 1735 ι
1682 1711 1701 1735 «
1727 1695 1792 1737 De

400 1788 424 1812 >›
461 1768 625 1828 Spiritu
653 1775 802 1811 sancto
826 1774 906 1810 est.
934 1783 956 1808 »
980 1767 1038 1810 Et
1059 1773 1208 1810 tamen
1226 1774 1406 1824 paterna
1422 1765 1461 1808 ei
1486 1779 1577 1809 non
1597 1763 1794 1808 aufertur

402 1839 636 1886 auctoritas
654 1873 666 1893 ,
686 1852 787 1882 cum
804 1837 986 1897 jubetur
997 1851 1133 1897 puero
1150 1851 1313 1881 nomen
1330 1836 1569 1895 imponere.
1597 1836 1795 1896 Denique

401 1910 556 1969 etipsa
579 1908 702 1967 virgo
726 1908 864 1953 Maria
885 1907 998 1952 bene
1019 1907 1102 1951 sibi
1135 1906 1306 1950 conscia
1336 1905 1458 1966 quod
1488 1921 1579 1950 non
1617 1920 1669 1950 ex
1699 1905 1794 1965 ejus

399 1979 632 2041 complexu
651 1988 696 2023 et
716 1978 957 2024 concubitu
977 1976 1226 2035 conceperit
1246 1976 1470 2022 Christum
1485 2010 1497 2033 ,
1522 1984 1669 2021 tamen
1691 1990 1793 2020 eum

403 2061 572 2112 patrem
594 2049 754 2097 Christi
774 2047 894 2093 dicit.

460 2123 605 2167 XVII.
643 2118 870 2166 Attendite
903 2116 1295 2178 quemadmodum.
1334 2118 1447 2162 Cum
1481 2125 1591 2161 esset
1621 2113 1794 2161 duode-

405 2194 490 2238 cim
523 2206 739 2238 annorum
764 2189 974 2235 Dominus
1003 2191 1125 2234 Jesus
1156 2189 1354 2235 Christus
1379 2188 1621 2232 secundum
1647 2186 1795 2232 homi·
1830 2229 1833 2231 ,

406 2279 530 2320 nem,
554 2264 632 2324 qui
651 2262 895 2308 secundum
922 2265 1061 2307 Deum
1083 2268 1147 2305 est
1167 2268 1267 2303 ante
1289 2267 1485 2318 tempora
1508 2267 1551 2302 et
1568 2258 1658 2302 sine
1679 2266 1795 2301 tem-

407 2348 539 2392 pore,
576 2333 782 2378 remansit
824 2333 879 2376 ab
924 2331 982 2376 eis
1023 2331 1069 2375 in
1106 2329 1292 2388 templo,
1325 2337 1368 2372 et
1409 2327 1661 2388 disputabat
1691 2341 1795 2371 cum

411 2402 676 2458 senioribus,
712 2412 755 2447 et
785 2401 1111 2447 admirabantur
1148 2414 1276 2458 super
1312 2398 1509 2443 doctrina
1551 2398 1640 2456 ejus
1658 2400 1688 2439 ³.
1724 2395 1794 2440 Illi

414 2482 557 2516 autem
589 2473 815 2518 redeuntes
837 2474 891 2517 de
911 2471 1187 2527 Jerosolymis
1210 2470 1472 2529 quaesierunt
1497 2467 1619 2511 illum
1647 2468 1691 2511 in
1715 2481 1792 2509 co-

464 2564 471 2576 ¹
498 2555 610 2587 Mauh.
630 2567 653 2595 ι,
679 2564 730 2587 20.
754 2574 792 2578 —
810 2564 820 2578 ²
843 2556 922 2587 lbitl.
941 2564 992 2587 21.
1016 2571 1056 2576 ·-
1080 2552 1091 2576 3
1113 2557 1186 2585 Luc.
1207 2564 1240 2593 ιι,
1261 2553 1315 2593 4).

1882 1724 1898 1892 *ὴτ
1882 874 1898 1681 53.5=ez·-—-¹==n,n=-e=s—·=‡==

1879 1994 1898 2108 ΞΕ.

1879 2135 1898 2460 8Εὲ-’·“Ε>

1881 2485 1898 2530 EF
