1898 3178
386 214 468 255 554
807 222 840 252 s.
877 221 1106 252 Avensa-Im
1139 223 1319 252 muscum

384 304 518 351 quare
545 303 645 334 cum
664 287 746 332 ‘illa
767 287 989 347 loqueris?
1013 286 1356 332 Admirationem
1385 288 1503 347 apud
1523 303 1568 332 se
1596 290 1763 333 habue-

384 369 509 415 runt,
541 357 764 403 audaciam
781 357 912 401 corde
933 367 1193 416 presserunt.
1216 359 1327 402 Huic
1358 373 1460 416 ergo
1485 360 1762 403 Samaritanae»

383 446 473 475 non
495 437 586 474 erat
617 442 783 472 novum
814 442 976 472 nomen
997 427 1176 483 Christi,
1195 429 1284 487 jam
1301 428 1556 487 expectabat
1581 429 1764 474 veniew

383 510 496 555 tem,
530 501 618 559 jam
647 497 888 542 crediderat
915 512 1004 542 esse
1026 506 1275 542 venturum.
1303 497 1429 542 Unde
1459 496 1701 543 crediderat
1727 500 1763 543 si

382 586 470 615 non
493 572 664 626 Moyses
684 568 968 612 seminaverat
984 569 1002 612 ?
1018 567 1102 613 Sed
1122 568 1206 613 hoc
1229 569 1465 626 expressius
1487 567 1649 612 audite.
1673 571 1757 613 Do-

381 640 525 684 minus
551 648 657 683 tunc
681 639 736 683 ad
758 638 1000 698 Discipulos
1020 653 1119 683 suos
1142 638 1200 682 ait
1225 657 1233 682 ε
1269 656 1289 679 «
1319 638 1466 681 Dicitis
1488 639 1590 698 quia
1617 638 1762 683 adhuc

383 728 404 751 »
439 708 566 766 longe
598 717 661 753 est
683 717 827 763 aestas,
852 708 992 753 levate
1025 707 1174 753 oculos
1197 716 1381 762 vestros,
1414 716 1458 751 et
1477 706 1621 752 videte
1643 707 1762 752 albas

382 797 403 821 n
438 780 633 838 regiones
660 778 715 823 ad
749 793 945 822 messem.
980 797 1000 819 »
1026 782 1084 823 Et
1106 777 1304 838 adjungit
1330 797 1338 822 :
1367 796 1388 819 «
1419 777 1504 822 Alii
1534 777 1762 823 laborave-

382 867 402 891 >›
436 857 565 904 runt,
591 858 633 893 et
666 864 742 893 vos
762 849 808 892 in
828 848 999 894 labores
1033 863 1185 893 eorum
1218 847 1447 892 intrastis1.
1476 866 1496 889 »
1528 848 1763 893 Laboravit

378 919 622 972 Abraham,
638 921 772 974 Isaac,
789 918 944 974 Jacob,
968 921 1160 976 Moyses,
1183 918 1434 977 Prophetae,
1452 917 1762 963 laboraverunt

378 987 661 1046 seminando,
694 989 740 1032 in
776 988 967 1032 adventu
997 989 1170 1032 Domini
1195 997 1366 1032 matura
1385 987 1531 1032 messis
1560 987 1607 1031 in
1633 997 1761 1032 venta

378 1067 454 1102 est.
474 1058 591 1102 Missi
604 1073 811 1102 messores
829 1073 928 1102 cum
947 1057 1058 1103 falce
1074 1057 1312 1116 Evangelii,
1325 1066 1608 1117 portaverunt
1620 1059 1762 1102 mani—

376 1129 503 1189 pulos
530 1129 585 1172 ad
607 1143 749 1172 aream
784 1122 1052 1173 Dominicam
1062 1165 1077 1185 ,
1100 1130 1178 1173 ubi
1197 1130 1442 1188 Stephanus
1465 1128 1757 1173 trituraretur.

436 1201 517 1242 ΙΙΙ.
537 1199 617 1242 Hic
632 1207 779 1242 autem
800 1198 966 1243 accedit
980 1198 1139 1243 Paulus
1153 1198 1242 1254 ille,
1257 1208 1300 1243 et
1312 1198 1366 1242 ad
1380 1200 1538 1243 Gentes
1554 1199 1757 1244 mittitur.

376 1271 433 1313 Et
445 1284 535 1313 non
548 1278 663 1313 tacet
676 1269 815 1313 hocin
829 1268 1177 1313 commendando
1190 1269 1385 1328 gratiam,
1401 1283 1532 1327 quam
1544 1269 1762 1328 praecipue

375 1340 639 1399 proprieque
664 1339 866 1397 suscepit.
892 1339 966 1383 Ait
985 1339 1101 1382 enim
1134 1339 1180 1382 in
1204 1339 1433 1397 Scripturis
1455 1338 1566 1393 suis,
1585 1338 1763 1383 missum

376 1423 420 1452 se
433 1424 521 1452 esse
536 1407 773 1468 praedicare
787 1406 1092 1465 Evangelium,
1107 1408 1185 1451 ubi
1199 1408 1394 1453 Christus
1408 1423 1496 1452 non
1512 1408 1603 1452 erat
1617 1409 1762 1453 nomi-

375 1487 518 1522 natus.
543 1477 625 1523 Sed
645 1480 734 1537 jam
756 1478 860 1537 quia
875 1476 989 1521 facta
1009 1487 1073 1521 est
1092 1477 1166 1522 illa
1187 1478 1356 1533 messis,
1383 1487 1426 1521 et
1449 1492 1598 1522 omnes
1620 1477 1763 1522 Judaei

375 1550 450 1608 qui
484 1557 804 1603 remanserunt,
834 1563 1015 1593 messem
1047 1549 1321 1608 attendamus
1343 1547 1464 1608 quod
1486 1564 1565 1593 nos
1592 1564 1757 1594 sumus.

377 1620 645 1664 Seminatum
661 1628 724 1662 est
741 1619 856 1662 enim
875 1620 930 1662 ab
949 1618 1166 1678 Apostolis
1184 1627 1227 1662 et
1240 1618 1482 1678 Prophetis.
1499 1621 1596 1678 Ipse
1617 1619 1759 1664 Domi·

374 1705 456 1733 nus
472 1689 712 1733 seminavit.
727 1692 823 1748 Ipse
840 1690 1012 1733 enimin
1024 1689 1240 1749 Apostolis
1255 1689 1355 1744 fuit,
1373 1690 1474 1749 quia
1491 1698 1534 1733 et
1548 1689 1638 1748 ipse
1650 1704 1760 1733 mes-

375 1760 460 1804 suit
477 1758 688 1804 Christus.
702 1761 800 1805 Non
815 1760 932 1803 enim
953 1759 1016 1803 illi
1038 1759 1203 1820 aliquid
1217 1760 1307 1803 sine
1329 1759 1407 1804 illo
1429 1758 1527 1804 :ille
1543 1758 1758 1818 perfectus

375 1840 437 1876 est
451 1830 540 1874 sine
557 1830 655 1875 illis.
676 1833 772 1890 Ipse
786 1831 901 1874 enim
914 1830 997 1875 illis
1011 1831 1089 1875 ait:
1108 1850 1127 1873 «
1148 1832 1253 1885 Quia
1268 1832 1358 1874 sine
1372 1845 1442 1874 me
1459 1830 1569 1874 nihil
1579 1832 1756 1889 potestis

376 1920 397 1943 a
423 1900 604 1946 facere1.
623 1920 643 1943 »
670 1902 893 1946 Seminans
911 1917 1014 1961 ergo
1030 1902 1226 1947 Christus
1239 1902 1329 1962 jam
1347 1901 1393 1944 in
1420 1901 1632 1946 Gentibus
1648 1901 1756 1962 quid

373 1971 504 2016 dicit?
523 1990 541 2013 «
558 1971 673 2016 Exiit
690 1972 905 2016 seminans
918 1973 1129 2016 seminare
1140 1973 1172 2015 ⁶.
1188 1971 1283 2015 »Ibi
1298 1971 1534 2014 mittuntur
1549 1986 1755 2016 messores

372 2050 555 2096 metere,
586 2041 656 2085 hic
685 2041 790 2085 exiit
811 2041 1027 2085 seminans
1049 2042 1260 2085 seminare
1278 2041 1476 2100 impiger.
1499 2040 1611 2094 Quid
1640 2042 1753 2086 enim

372 2112 616 2170 pertimuit,
653 2112 772 2171 quod
803 2110 921 2155 aliud
954 2111 1110 2157 cecidit
1129 2112 1173 2155 in
1195 2111 1331 2166 viam,
1367 2109 1486 2154 aliud
1516 2111 1562 2155 in
1584 2120 1754 2171 petrosa

372 2181 488 2235 loca,
516 2181 636 2225 aliud
657 2182 770 2225 inter
791 2182 964 2241 spinas?
987 2183 1029 2226 Si
1050 2182 1150 2226 istas
1172 2180 1369 2226 difficiles
1398 2189 1531 2224 terras
1550 2181 1722 2226 timeret
1739 2216 1750 2237 ,

374 2252 429 2296 ad
452 2262 609 2297 terram
630 2253 791 2297 bonam
804 2269 893 2297 non
910 2254 1170 2312 perveniret.
1197 2252 1309 2306 Quid
1335 2251 1390 2296 ad
1419 2267 1518 2307 nOS,
1544 2253 1650 2312 quid
1673 2269 1754 2298 no-

373 2322 437 2365 bis
465 2332 528 2367 est
555 2324 645 2383 jam
666 2322 720 2366 de
748 2323 910 2368 Judaeis
932 2323 1171 2383 disputare,
1202 2333 1245 2367 et
1265 2322 1388 2382 loqui
1417 2321 1471 2365 de
1493 2321 1614 2380 palea
1638 2341 1646 2366 :
1669 2323 1753 2368 hoc
1783 2358 1790 2362 .

372 2392 511 2436 solum
533 2392 587 2436 ad
610 2408 711 2448 nos,
738 2409 794 2438 ne
826 2395 894 2438 via
916 2394 1073 2448 simus,
1106 2409 1161 2437 ne
1197 2409 1367 2450 saxum,
1400 2411 1454 2440 ne
1485 2393 1639 2452 spinae,
1676 2392 1751 2438 sed

428 2493 437 2509 ¹
455 2489 547 2521 Joan.
567 2499 613 2529 iv,
630 2489 682 2520 35.
704 2507 745 2513 -
761 2498 772 2513 ²
789 2491 894 2523 For-te
917 2489 1119 2530 addendam,
1139 2491 1248 2524 messis
1262 2501 1322 2524 non
1336 2496 1419 2524 sunt.
1440 2508 1481 2515 -
1499 2489 1512 2516 3
1528 2493 1622 2524 Joan.
1641 2501 1696 2532 xv,
1715 2489 1746 2521 5.

371 2557 413 2565 —-
429 2539 444 2563 ὅ
463 2543 539 2576 Luc.
559 2554 630 2584 vm,
651 2544 682 2577 5.
