1898 3178
381 245 464 283 560
760 253 793 282 S.
841 251 1071 281 Aucusnm
1103 253 1283 282 El‘lscol‘l

379 320 541 379 aliquid
573 319 691 365 vides
712 329 754 364 et
775 319 930 374 esuris,
967 319 1147 363 sollicite
1168 334 1295 379 carpe
1311 354 1322 375 ,
1346 335 1402 364 ne
1423 335 1521 365 cum
1544 322 1599 366 ad
1625 338 1754 367 uvam

376 406 552 434 manum
573 389 704 433 mittis
719 423 730 443 ,
754 389 951 433 lacereris
974 406 995 433 a
1014 389 1160 447 spiniS.
1188 392 1280 434 Hoc
1304 399 1366 434 est
1384 391 1504 450 quod
1527 392 1625 437 dico
1651 411 1659 435 z
1687 394 1754 438 Sic

375 460 477 504 audi
493 459 611 518 quod
635 460 801 503 honum
823 468 907 514 est,
932 474 987 502 ne
1009 458 1144 503 malos
1165 473 1305 504 mores
1327 460 1517 504 imiteris.
1546 461 1755 506 Praedicet

375 545 425 573 ex
445 529 682 583 occasione,
710 527 867 572 salutet
884 529 930 572 in
951 528 1020 572 via
1039 547 1047 573 :
1064 527 1127 572 illi
1144 529 1320 573 nocebit
1341 529 1460 589 quod
1479 545 1567 575 non
1591 531 1756 577 audivit

373 608 640 659 praeceptum
675 599 835 644 Christi
861 614 870 640 t
901 618 920 641 «
945 599 1172 645 Neminem
1206 600 1252 643 in
1286 600 1353 643 via
1381 599 1666 645 salutaveritis
1692 617 1701 641 :
1732 619 1751 642 »

373 670 452 713 tibi
474 685 563 714 non
585 669 783 725 nocebit,
809 670 884 729 qui
917 670 1005 714 sive
1026 685 1050 713 a
1078 678 1356 724 transeunte,
1381 670 1467 714 sive
1498 687 1522 715 a
1554 671 1756 715 veniente

372 738 556 783 salutem
573 738 710 794 audis,
736 738 920 783 salutern
937 747 1071 783 tenes.
1098 738 1356 797 Apostolum
1377 739 1501 795 audi,
1521 741 1632 784 sicut
1650 755 1756 799 prae-

371 810 591 865 miseram,
608 809 915 855 admonentem
930 810 1025 854 ista.
1045 810 1162 862 Quid
1181 810 1326 853 enim?
1350 827 1369 851 «
1395 812 1508 854 Dum
1525 811 1644 855 omni
1661 826 1756 855 mo·-

374 897 394 920 »
420 878 478 923 do
493 914 504 933 ,
533 880 622 923 sive
647 880 894 934 occasione,
917 880 1005 923 sive
1028 879 1208 923 veritate
1232 879 1428 924 Christus
1451 883 1752 934 annuntietur,

373 967 394 990 »
421 959 464 994 et
484 950 529 993 in
546 950 630 993 hoc
654 950 837 1008 gaudeo,
858 950 933 995 sed
949 959 991 994 et
1014 948 1228 1008 gaudebo.
1251 949 1347 994 Scio
1363 950 1477 993 enim
1492 951 1633 1009 ipsum
1648 952 1756 995 mihi

373 1036 393 1060 »
419 1019 629 1077 proficere
651 1020 696 1062 in
719 1019 902 1064 salutem
924 1035 1003 1079 per
1024 1028 1209 1064 vestram
1232 1018 1574 1063 obsecrationem
1588 1022 1617 1063 1.
1646 1038 1667 1060 »

428 1093 505 1134 XI.
530 1089 653 1133 Tales
663 1091 799 1148 igitur
814 1090 1012 1150 Apostoli
1025 1090 1185 1135 Christi
1198 1088 1500 1149 praedicatores
1513 1090 1752 1148 Evangelii,

372 1176 461 1206 non
492 1160 729 1204 salutantes
749 1161 793 1203 in
819 1162 887 1205 via
905 1197 915 1216 ,
946 1163 1030 1206 hoc
1051 1170 1135 1215 est,
1168 1177 1256 1205 non
1285 1160 1401 1204 aliud
1424 1170 1666 1221 quaerentes
1688 1161 1757 1205 vel

371 1240 564 1290 agentes,
581 1231 654 1274 sed
675 1246 876 1289 germana
897 1232 1104 1276 charitate
1121 1229 1409 1289 Evangelium
1429 1231 1753 1286 annuntiantes,

369 1303 546 1345 veniant
568 1301 623 1345 ad
644 1300 826 1345 domum
849 1310 892 1345 et
914 1302 1061 1346 dicant
1087 1317 1094 1341 :
1126 1320 1142 1340 «
1172 1305 1258 1344 Pax
1286 1301 1388 1344 huic
1419 1300 1583 1345 domui.
1615 1322 1632 1342 »
1658 1304 1755 1346 Non

369 1387 443 1417 ore
464 1371 604 1416 solum
627 1373 780 1415 dicunt
806 1390 814 1415 :
835 1387 923 1431 quo
946 1371 1065 1430 pleni
1099 1380 1222 1426 sunt,
1254 1370 1448 1415 fundunt
1474 1389 1482 1414 ε
1516 1369 1756 1429 praedicant

367 1456 543 1500 pacem,
570 1450 613 1484 et
633 1440 798 1484 habent
819 1455 986 1499 pacem.
1012 1443 1110 1485 Non
1138 1449 1239 1484 sunt
1267 1441 1371 1484 tales
1397 1440 1451 1483 de
1479 1441 1636 1499 quibus
1658 1440 1753 1485 dic·-

367 1520 461 1555 tum
483 1519 570 1555 est:
601 1528 620 1551 «
643 1513 728 1553 Pax
741 1543 751 1564 ,
777 1524 858 1568 pax
875 1544 885 1564 ,
910 1518 954 1553 et
971 1525 1059 1553 non
1082 1518 1145 1552 est
1162 1513 1284 1567 pax‘2.
1309 1527 1329 1550 »
1351 1509 1466 1562 Quid
1488 1518 1579 1554 est:
1605 1528 1625 1552 «
1647 1514 1750 1567 Patr,

369 1600 390 1623 »
416 1597 496 1640 pax
508 1616 518 1634 ‚
537 1590 580 1624 et
597 1595 685 1624 non
702 1589 765 1623 est
780 1581 892 1638 pax?
910 1579 1214 1634 Praedieantes,
1234 1595 1322 1624 non
1344 1580 1510 1624 habent
1525 1601 1536 1638 3
1552 1580 1750 1636 laudant,

367 1662 410 1697 et
432 1668 521 1697 non
543 1660 719 1708 amant,
745 1650 926 1705 dicunt,
951 1659 994 1694 et
1015 1665 1104 1693 non
1127 1648 1308 1694 faciunt.
1337 1651 1420 1695 Sed
1442 1660 1586 1695 tamen
1609 1660 1657 1695 tu
1679 1667 1751 1696 ac-

366 1723 461 1782 cipe
483 1736 658 1781 pacem,
685 1720 773 1764 sive
796 1720 1020 1764 occasione
1034 1754 1044 1774 ,
1061 1720 1148 1763 sive
1165 1720 1344 1764 veritate
1367 1721 1562 1764 Christus
1584 1736 1753 1765 annun-

368 1794 512 1837 tietur.
539 1792 624 1844 Qui
647 1805 748 1849 ergo
768 1790 923 1849 plenus
946 1799 1009 1833 est
1040 1805 1172 1848 pace3
1207 1799 1248 1833 et
1271 1789 1428 1834 salutat
1453 1806 1461 1831 :
1491 1808 1512 1832 «
1537 1794 1623 1835 Pax
1649 1792 1750 1836 huic

369 1882 391 1906 ³>
415 1863 590 1917 domui,
629 1862 662 1904 si
695 1870 757 1905 est
785 1860 872 1904 illic
898 1860 1012 1904 filius
1045 1861 1186 1919 pacis,
1218 1861 1458 1920 requiescet
1489 1876 1617 1920 super
1649 1877 1749 1905 eum

369 1951 390 1975 »
417 1949 498 1992 pax
520 1933 657 1988 illius,
677 1931 710 1974 si
727 1946 815 1991 quo
839 1931 997 1985 minus,
1019 1949 1038 1971 »
1065 1931 1178 1975 forte
1200 1931 1313 1974 enim
1336 1946 1425 1975 non
1447 1941 1512 1975 est
1531 1930 1617 1976 illic
1635 1932 1749 1977 filius

366 2003 482 2063 pacis
499 2038 509 2058 ,
530 2001 639 2046 nihil
659 2000 848 2060 perdidit
869 2000 944 2059 qui
967 1999 1169 2044 salutavit
1195 2019 1203 2044 :
1233 2019 1251 2041 «
1277 2000 1344 2044 Ad
1362 2016 1436 2044 vos
1450 2036 1460 2055 ,
1482 2002 1649 2060 inquit,
1678 2018 1748 2046 re„

369 2092 390 2115 >›
417 2082 622 2117 vertetur.
652 2089 672 2112 »
711 2074 968 2115 Revertetur
998 2069 1053 2113 ad
1081 2078 1151 2124 te,
1187 2085 1285 2128 quae
1308 2086 1396 2114 non
1429 2069 1619 2115 discessit
1640 2087 1663 2115 a
1686 2081 1742 2116 te.

368 2147 462 2188 Hoc
484 2143 599 2186 enim
621 2141 764 2186 dicere
787 2139 924 2184 voluit
950 2155 958 2180 :
989 2139 1082 2183 Tibi
1106 2138 1281 2198 prodest
1308 2139 1428 2199 quod
1451 2142 1742 2197 annuntiasti,

366 2213 476 2257 nihil
498 2214 536 2257 ei
563 2211 728 2272 profuit
749 2212 825 2270 qui
850 2226 936 2254 non
959 2209 1171 2268 suscepit,
1197 2225 1284 2253 non
1305 2211 1405 2268 quia
1428 2209 1501 2253 ille
1520 2211 1657 2256 inanis
1679 2228 1746 2256 re-

366 2284 550 2338 mansit,
584 2282 683 2327 ideo
713 2291 761 2326 tu
790 2280 1013 2340 perdidisti
1040 2279 1310 2336 mercedem,
1344 2279 1539 2323 redditur
1558 2281 1635 2324 tibi
1670 2297 1744 2337 pro

369 2353 594 2397 voluntate
616 2362 689 2396 tua
708 2387 718 2406 ‚
753 2350 950 2394 redditur
971 2348 1049 2393 tibi
1071 2364 1150 2407 pro
1173 2349 1381 2392 charitate
1412 2364 1544 2408 quam
1573 2349 1746 2409 impen-

370 2423 490 2477 disti,
516 2421 668 2466 reddet
685 2421 762 2465 tibi
778 2421 852 2480 qui
867 2429 909 2463 te
926 2433 1123 2463 securum
1137 2417 1240 2462 fecit
1256 2434 1361 2463 voce
1376 2419 1599 2477 Angelica:
1622 2439 1642 2462 «
1660 2423 1745 2465 Pax

375 2509 396 2533 «
420 2492 465 2535 in
489 2501 602 2535 terra
619 2490 870 2535 hominibus
893 2489 1019 2534 bonae
1042 2488 1321 2532 voluntatisss.
1351 2506 1370 2528 n

420 2581 427 2597 ¹
453 2574 564 2616 Philip.
582 2586 604 2615 1,
626 2574 803 2616 1S‚19.—
823 2581 834 2597 ²
854 2576 973 2606 Jerem.
994 2583 1061 2614 vin,
1084 2583 1136 2605 11.
1156 2589 1192 2595 —
1218 2571 1230 2596 3
1250 2574 1326 2606 Luc.
1347 2583 1381 2611 ιι,
1405 2572 1454 2614 141.
