1898 3178
437 229 521 269 490
865 239 898 268 s.
935 240 1164 268 niomium
1197 241 1377 270 zmscom

433 316 524 361 tur,
556 321 761 365 magnum
794 306 959 350 crimen
987 306 1146 366 objecit
1176 307 1324 351 dicens
1350 326 1358 352 ε
1388 325 1405 347 «
1433 307 1658 368 Numquid
1682 309 1814 367 gratis

438 396 457 418 n
492 376 596 421 colit
612 376 697 420 Job
720 378 916 420 Deum1?
943 394 964 417 »

494 450 568 491 IV.
595 450 709 504 Ergo
724 448 757 490 si
776 446 1043 492 adversarius
1060 448 1144 493 hoc
1162 448 1337 508 objecit,
1363 449 1515 493 timere
1537 448 1744 493 debemus
1762 465 1817 494 ne

435 520 516 563 hoc
550 518 676 563 nobis
698 518 944 578 objiciatur.
970 521 1083 564 Cum
1112 534 1268 577 magno
1290 519 1407 563 enim
1440 519 1708 564 calumnioso
1737 521 1818 565 ha-

434 591 586 633 bemus
608 590 847 647 negotium.
861 590 904 634 Si
925 590 1084 650 quaerit
1098 590 1261 649 fingere
1283 589 1403 649 quod
1420 606 1509 634 non
1538 599 1627 646 est,
1651 600 1818 650 quanto

433 660 567 719 magis
591 660 778 719 objicere
797 659 917 720 quod
940 662 1033 704 est?
1050 660 1326 704 Gaudeamus
1341 669 1503 715 tamen,
1518 661 1621 721 quia
1642 660 1738 704 talis
1755 670 1819 706 est

425 729 580 790 judex,
601 731 677 790 qui
700 729 792 774 falli
825 730 880 774 ab
904 740 1151 775 accusatore
1174 740 1323 775 nostro
1346 745 1436 775 non
1468 740 1626 790 potest.
1649 732 1760 776 Nam
1783 732 1818 775 si

431 802 651 845 hominem
682 801 941 846 haberemus
965 802 1160 862 judicem
1179 837 1189 856 ,
1215 802 1316 845 huic
1338 800 1554 862 quidquid
1577 801 1708 847 vellet
1737 802 1818 846 fin-

432 881 550 930 geret
572 872 787 916 inimicus.
814 875 951 917 Nemo
973 881 1037 916 est
1059 870 1234 916 diabolo
1257 872 1440 916 astutior
1467 872 1522 916 ad
1538 872 1812 930 fingendum.

432 944 542 987 Nam
563 952 606 986 et
618 958 736 987 nunc
751 943 895 986 omnia
911 942 1015 986 falsa
1033 942 1211 985 crimina
1229 941 1284 986 de
1298 941 1455 985 sanctis
1478 942 1568 1001 ipse
1586 942 1812 1000 confingit.
1868 974 1876 1002 c

433 1014 521 1057 Scit
539 1029 634 1057 suas
649 1014 969 1058 criminationes
987 1013 1129 1057 valere
1144 1029 1232 1057 non
1251 1029 1374 1073 posse
1391 1013 1509 1072 apud
1530 1016 1684 1067 Deum,
1703 1014 1817 1057 inter

428 1085 625 1128 homines
652 1084 746 1128 illas
768 1085 941 1144 spargit.
969 1087 1025 1129 Et
1046 1085 1129 1129 hoc
1151 1085 1189 1129 ei
1211 1085 1318 1144 quid
1342 1084 1538 1143 prodest,
1568 1099 1670 1128 cum
1701 1083 1818 1129 dicat

428 1154 661 1214 Apostolus
679 1174 686 1199 :
707 1155 886 1200 «Gloria
904 1164 1049 1199 nostra
1065 1156 1159 1200 haec
1179 1164 1258 1210 est,
1277 1155 1572 1199 testimonium
1593 1155 1817 1199 conscien-

431 1244 450 1266 »
487 1227 557 1270 tiae
592 1230 818 1272 nostrae2?
844 1247 862 1269 »
888 1228 1053 1273 Putatis
1084 1237 1232 1271 tamen
1269 1227 1372 1287 quia
1400 1225 1473 1271 ille
1501 1225 1608 1270 falsa
1635 1226 1815 1270 crimina
1888 1246 1893 1287 ³.

425 1297 549 1342 nulla
567 1299 722 1342 astutia
746 1300 988 1358 confingit?
1009 1299 1140 1344 Novit
1157 1299 1264 1359 quid
1285 1298 1387 1342 inde
1407 1296 1510 1342 mali
1529 1306 1649 1356 agat,
1677 1297 1757 1341 nisi
1776 1297 1815 1341 ei

427 1369 595 1414 resistat
614 1369 837 1427 vigilantia
870 1370 986 1413 fidei.
1014 1369 1119 1412 Ideo
1142 1370 1258 1411 enim
1280 1378 1323 1411 et
1345 1369 1541 1412 debonis
1558 1368 1672 1411 mala
1692 1383 1815 1427 spar—

428 1439 489 1496 git
505 1473 515 1492 ,
544 1448 592 1482 ut
618 1439 778 1482 infirmi
801 1454 889 1482 non
907 1447 1063 1497 putent
1087 1437 1254 1497 aliquos
1271 1453 1360 1482 esse
1384 1438 1522 1482 bonos
1541 1472 1551 1492 ,
1576 1447 1620 1481 et
1641 1437 1815 1482 tradant
1852 1469 1887 1498 mn

427 1523 471 1551 se
496 1508 729 1567 rapiendos
750 1508 1007 1552 libidinibus
1036 1517 1081 1551 et
1103 1507 1371 1567 dissipandos
1386 1543 1397 1563 ,
1419 1508 1612 1553 dicentes
1630 1508 1749 1568 apud
1769 1523 1814 1553 se
1850 1525 1898 1571 Μ

426 1578 539 1635 ipsos
561 1597 568 1622 :
597 1580 701 1631 Quis
733 1588 795 1623 est
817 1579 932 1622 enim
965 1579 1040 1639 qui
1059 1589 1199 1623 servat
1228 1579 1480 1624 mandatum
1505 1579 1603 1634 Dei,
1625 1588 1700 1624 aut
1716 1580 1812 1640 quis
1849 1577 1898 1653 ,qu

427 1658 491 1692 est
508 1650 584 1708 qui
613 1660 752 1694 servat
775 1651 1047 1695 castitatem?
1070 1654 1182 1694 Dum
1205 1660 1330 1710 putat
1351 1652 1453 1711 quia
1475 1666 1628 1705 nemo,
1655 1651 1745 1710 ipse
1763 1651 1813 1695 fit
1846 1668 1896 1725 ΡΜ·

426 1734 570 1763 nemo.
593 1722 685 1765 Hoc
710 1736 812 1780 ergo
841 1722 929 1780 agit
950 1720 1164 1765 diabolus.
1195 1721 1278 1766 Sed
1309 1720 1404 1766 talis
1427 1730 1518 1765 erat
1539 1722 1602 1765 vir
1623 1721 1730 1775 Job,
1757 1720 1811 1765 de
1845 1754 1898 1797 ,pm

426 1805 514 1848 quo
537 1790 645 1834 nihil
669 1800 809 1849 potest
825 1792 1072 1849 confingere
1090 1810 1098 1835 ;
1115 1800 1216 1835 nota
1239 1792 1354 1835 enim
1379 1801 1471 1836 erat
1488 1801 1531 1835 et
1548 1791 1675 1834 nimis
1697 1789 1818 1834 clara.
1843 1825 1894 1856 ,cm

425 1861 513 1904 vita
535 1863 641 1920 ejus.
668 1863 752 1906 Sed
779 1863 881 1920 quia
904 1862 1062 1906 multas
1085 1863 1275 1903 habebat
1296 1859 1465 1904 divitias
1482 1895 1493 1915 ‚
1517 1861 1601 1904 hoc
1623 1861 1806 1920 objecit,
1840 1883 1898 1925 mm!

425 1930 544 1988 quod
567 1930 659 1973 etsi
681 1939 806 1984 esset,
825 1930 869 1974 in
889 1929 1018 1974 corde
1041 1945 1129 1973 esse
1151 1939 1309 1989 posset,
1325 1930 1370 1973 in
1392 1930 1585 1974 moribus
1603 1945 1808 1990 apparere
1838 1963 1898 2009 „W

424 2014 513 2043 non
536 2009 694 2058 posset.
715 2000 898 2045 Colebat
921 2003 1060 2044 Deum
1077 2035 1087 2054 ,
1113 1998 1298 2044 faciebat
1313 1999 1610 2057 eleemosynas
1628 2022 1638 2059 3
1660 2011 1704 2045 et
1720 2015 1808 2061 quo
1837 2021 1895 2069 ΜΗ

425 2071 555 2115 corde
577 2070 778 2126 faciebat,
805 2087 933 2115 nemo
953 2071 1131 2125 sciebat,
1157 2086 1236 2117 nec
1258 2071 1347 2130 ipse
1365 2071 1585 2117 diabolus:
1601 2072 1676 2116 sed
1694 2075 1806 2116 Deus
1835 2088 1895 2135 Μ,

426 2151 619 2187 noverat.
648 2143 853 2187 Perhibet
875 2146 988 2187 Deus
1010 2143 1306 2187 testimonium
1327 2158 1449 2188 servo
1471 2159 1549 2187 suo
1575 2162 1584 2188 ε
1607 2142 1806 2188 diabolus
1834 2157 1863 2206 sm

424 2213 715 2257 calumniatur
737 2229 859 2258 servo
883 2214 971 2258 Dei.
1001 2214 1271 2257 Permittitur
1294 2213 1366 2257 ille
1388 2214 1572 2268 tentari,
1594 2203 1898 2293 probaturlquu'?

423 2285 533 2339 Job,
571 2284 859 2329 confunditur
895 2284 1110 2329 diabolus.
1139 2286 1366 2329 Invenitur
1398 2285 1483 2329 Job
1507 2285 1636 2343 gratis
1664 2274 1896 2355 colerelifflnpss

424 2358 583 2410 Deum,
610 2356 739 2414 gratis
760 2355 939 2414 diligere
961 2375 969 2400 ε
1001 2371 1090 2399 non
1113 2356 1214 2415 quia
1246 2355 1411 2415 aliquid
1433 2354 1575 2410 dedit,
1605 2354 1680 2399 sed
1702 2349 1898 2431 qniaffllciin

422 2439 465 2467 se
483 2426 624 2483 ipsum
642 2441 731 2469 non
753 2425 946 2470 abstulit.
966 2425 1039 2470 Ait
1055 2426 1169 2470 enim
1191 2445 1200 2471 ι
1225 2426 1472 2471 «Dominus
1489 2425 1626 2481 dedit,
1648 2425 1880 2557 Βοηιί-ῙἬἯ

1825 2513 1860 2565 ini:
1871 2538 1898 2567 θυι

1803 2602 1806 2609 ι
1849 2604 1852 2610 v

1801 2647 1804 2655 ι

1801 2660 1804 2672 1

472 2525 481 2542 ¹
503 2520 575 2552 Job.
597 2532 621 2561 1,
640 2532 672 2563 9.
693 2537 733 2544 -
754 2528 766 2544 ²
786 2521 858 2555 Cor.
875 2533 899 2563 1,
921 2530 971 2554 12.
