<?xml version="1.0" encoding="UTF-8"?>
<!DOCTYPE html PUBLIC "-//W3C//DTD XHTML 1.0 Transitional//EN"
    "http://www.w3.org/TR/xhtml1/DTD/xhtml1-transitional.dtd">
<html xmlns="http://www.w3.org/1999/xhtml" xml:lang="en" lang="en">
 <head>
  <title>
</title>
<meta http-equiv="Content-Type" content="text/html;charset=utf-8" />
  <meta name='ocr-system' content='tesseract 3.04.00' />
  <meta name='ocr-capabilities' content='ocr_page ocr_carea ocr_par ocr_line ocrx_word'/>
</head>
<body>
  <div class='ocr_page' id='page_1' title='image "./operaomniaaccura18auguuoft_0036.png"; bbox 0 0 1898 3178; ppageno 0'>
   <div class='ocr_carea' id='block_1_1' title="bbox 341 201 1288 242">
    <p class='ocr_par' dir='ltr' id='par_1_1' title="bbox 341 201 1288 242">
     <span class='ocr_line' id='line_1_1' title="bbox 341 201 1288 242; baseline -0.003 0"><span class='ocrx_word' id='word_1_1' title='bbox 341 201 399 242; x_wconf 79' lang='lat'><strong>26</strong></span> <span class='ocrx_word' id='word_1_2' title='bbox 775 208 810 241; x_wconf 86' lang='lat' dir='ltr'><strong>s.</strong></span> <span class='ocrx_word' id='word_1_3' title='bbox 844 207 1077 240; x_wconf 63' lang='lat' dir='ltr'><strong>Aucus-nm</strong></span> <span class='ocrx_word' id='word_1_4' title='bbox 1105 209 1288 241; x_wconf 69' lang='lat' dir='ltr'><strong>nuscum</strong></span> 
     </span>
    </p>
   </div>
   <div class='ocr_carea' id='block_1_2' title="bbox 340 274 1733 2442">
    <p class='ocr_par' dir='ltr' id='par_1_2' title="bbox 340 274 1733 1387">
     <span class='ocr_line' id='line_1_2' title="bbox 341 274 1723 337; baseline -0.001 -14"><span class='ocrx_word' id='word_1_5' title='bbox 341 290 504 323; x_wconf 80' lang='lat' dir='ltr'><strong>securae</strong></span> <span class='ocrx_word' id='word_1_6' title='bbox 520 277 718 337; x_wconf 85' lang='lat' dir='ltr'><strong>pascatis.</strong></span> <span class='ocrx_word' id='word_1_7' title='bbox 740 274 968 336; x_wconf 86' lang='lat' dir='ltr'><strong>Quidquid</strong></span> <span class='ocrx_word' id='word_1_8' title='bbox 980 274 1083 320; x_wconf 88' lang='lat' dir='ltr'><strong>inde</strong></span> <span class='ocrx_word' id='word_1_9' title='bbox 1098 275 1340 332; x_wconf 87' lang='lat' dir='ltr'><strong>audieritis,</strong></span> <span class='ocrx_word' id='word_1_10' title='bbox 1358 276 1444 321; x_wconf 90' lang='lat' dir='ltr'><strong>hoc</strong></span> <span class='ocrx_word' id='word_1_11' title='bbox 1462 275 1588 321; x_wconf 86' lang='lat' dir='ltr'><strong>vobis</strong></span> <span class='ocrx_word' id='word_1_12' title='bbox 1608 276 1723 322; x_wconf 87' lang='lat' dir='ltr'><strong>bene</strong></span> 
     </span>
     <span class='ocr_line' id='line_1_3' title="bbox 341 346 1720 408; baseline -0.001 -14"><span class='ocrx_word' id='word_1_13' title='bbox 341 349 501 408; x_wconf 84' lang='lat' dir='ltr'><strong>sapiat:</strong></span> <span class='ocrx_word' id='word_1_14' title='bbox 521 346 736 408; x_wconf 91' lang='lat' dir='ltr'><strong>quidquid</strong></span> <span class='ocrx_word' id='word_1_15' title='bbox 758 355 876 391; x_wconf 86' lang='lat' dir='ltr'><strong>extra</strong></span> <span class='ocrx_word' id='word_1_16' title='bbox 891 355 970 402; x_wconf 84' lang='lat' dir='ltr'><strong>est,</strong></span> <span class='ocrx_word' id='word_1_17' title='bbox 993 347 1196 407; x_wconf 86' lang='lat' dir='ltr'><strong>respuite.</strong></span> <span class='ocrx_word' id='word_1_18' title='bbox 1221 349 1285 393; x_wconf 90' lang='lat' dir='ltr'><strong>Ne</strong></span> <span class='ocrx_word' id='word_1_19' title='bbox 1305 347 1454 391; x_wconf 89' lang='lat' dir='ltr'><strong>erretis</strong></span> <span class='ocrx_word' id='word_1_20' title='bbox 1474 347 1519 391; x_wconf 91' lang='lat' dir='ltr'><strong>in</strong></span> <span class='ocrx_word' id='word_1_21' title='bbox 1540 346 1720 404; x_wconf 84' lang='lat' dir='ltr'><strong>nebula,</strong></span> 
     </span>
     <span class='ocr_line' id='line_1_4' title="bbox 341 415 1723 476; baseline -0.001 -13"><span class='ocrx_word' id='word_1_22' title='bbox 341 417 489 464; x_wconf 86' lang='lat' dir='ltr'><strong>audite</strong></span> <span class='ocrx_word' id='word_1_23' title='bbox 509 433 660 463; x_wconf 87' lang='lat' dir='ltr'><strong>vocem</strong></span> <span class='ocrx_word' id='word_1_24' title='bbox 677 417 857 476; x_wconf 89' lang='lat' dir='ltr'><strong>pastoris</strong></span> <span class='ocrx_word' id='word_1_25' title='bbox 877 435 888 462; x_wconf 77' lang='lat' dir='ltr'><strong><em>z</em></strong></span> <span class='ocrx_word' id='word_1_26' title='bbox 911 415 1102 475; x_wconf 86' lang='lat' dir='ltr'><strong>colligite</strong></span> <span class='ocrx_word' id='word_1_27' title='bbox 1122 431 1198 462; x_wconf 84' lang='lat' dir='ltr'><strong>vos</strong></span> <span class='ocrx_word' id='word_1_28' title='bbox 1219 415 1275 461; x_wconf 89' lang='lat' dir='ltr'><strong>ad</strong></span> <span class='ocrx_word' id='word_1_29' title='bbox 1295 425 1465 461; x_wconf 90' lang='lat' dir='ltr'><strong>montes</strong></span> <span class='ocrx_word' id='word_1_30' title='bbox 1489 416 1723 476; x_wconf 85' lang='lat' dir='ltr'><strong>Scripturae</strong></span> 
     </span>
     <span class='ocr_line' id='line_1_5' title="bbox 340 486 1724 542; baseline -0.001 -8"><span class='ocrx_word' id='word_1_31' title='bbox 340 498 528 534; x_wconf 83' lang='lat' dir='ltr'><strong>sanctae:</strong></span> <span class='ocrx_word' id='word_1_32' title='bbox 554 488 613 532; x_wconf 93' lang='lat' dir='ltr'><strong>ibi</strong></span> <span class='ocrx_word' id='word_1_33' title='bbox 649 497 750 532; x_wconf 91' lang='lat' dir='ltr'><strong>sunt</strong></span> <span class='ocrx_word' id='word_1_34' title='bbox 771 486 938 532; x_wconf 75' lang='lat' dir='ltr'><strong>deliciae</strong></span> <span class='ocrx_word' id='word_1_35' title='bbox 974 487 1116 532; x_wconf 88' lang='lat' dir='ltr'><strong>cordis</strong></span> <span class='ocrx_word' id='word_1_36' title='bbox 1136 487 1297 542; x_wconf 83' lang='lat' dir='ltr'><strong>vestri,</strong></span> <span class='ocrx_word' id='word_1_37' title='bbox 1323 487 1385 531; x_wconf 92' lang='lat' dir='ltr'><strong>ibi</strong></span> <span class='ocrx_word' id='word_1_38' title='bbox 1405 486 1516 531; x_wconf 91' lang='lat' dir='ltr'><strong>nihil</strong></span> <span class='ocrx_word' id='word_1_39' title='bbox 1535 502 1724 532; x_wconf 85' lang='lat' dir='ltr'><strong>veneno-</strong></span> 
     </span>
     <span class='ocr_line' id='line_1_6' title="bbox 340 557 1723 617; baseline 0.001 -15"><span class='ocrx_word' id='word_1_40' title='bbox 340 573 438 603; x_wconf 91' lang='lat' dir='ltr'><strong>sum</strong></span> <span class='ocrx_word' id='word_1_41' title='bbox 452 593 464 613; x_wconf 86' lang='lat'>‚</span> <span class='ocrx_word' id='word_1_42' title='bbox 484 558 592 602; x_wconf 91' lang='lat' dir='ltr'><strong>nihil</strong></span> <span class='ocrx_word' id='word_1_43' title='bbox 612 557 802 602; x_wconf 89' lang='lat' dir='ltr'><strong>alienum</strong></span> <span class='ocrx_word' id='word_1_44' title='bbox 820 578 832 616; x_wconf 77' lang='lat'><em>3</em></span> <span class='ocrx_word' id='word_1_45' title='bbox 855 558 1075 602; x_wconf 89' lang='lat' dir='ltr'><strong>uberrima</strong></span> <span class='ocrx_word' id='word_1_46' title='bbox 1092 573 1251 617; x_wconf 85' lang='lat' dir='ltr'><strong>pascua</strong></span> <span class='ocrx_word' id='word_1_47' title='bbox 1266 566 1357 602; x_wconf 87' lang='lat' dir='ltr'><strong>est:</strong></span> <span class='ocrx_word' id='word_1_48' title='bbox 1375 572 1452 602; x_wconf 86' lang='lat' dir='ltr'><strong>vos</strong></span> <span class='ocrx_word' id='word_1_49' title='bbox 1468 566 1642 602; x_wconf 87' lang='lat' dir='ltr'><strong>tantum</strong></span> <span class='ocrx_word' id='word_1_50' title='bbox 1661 573 1723 603; x_wconf 91' lang='lat' dir='ltr'><strong>sa-</strong></span> 
     </span>
     <span class='ocr_line' id='line_1_7' title="bbox 340 628 1723 689; baseline -0.001 -15"><span class='ocrx_word' id='word_1_51' title='bbox 340 645 409 674; x_wconf 85' lang='lat' dir='ltr'><strong>nae</strong></span> <span class='ocrx_word' id='word_1_52' title='bbox 424 629 589 685; x_wconf 82' lang='lat' dir='ltr'><strong>venite,</strong></span> <span class='ocrx_word' id='word_1_53' title='bbox 613 644 728 674; x_wconf 87' lang='lat' dir='ltr'><strong>sanae</strong></span> <span class='ocrx_word' id='word_1_54' title='bbox 744 629 970 689; x_wconf 84' lang='lat' dir='ltr'><strong>pascimini</strong></span> <span class='ocrx_word' id='word_1_55' title='bbox 991 629 1037 673; x_wconf 91' lang='lat' dir='ltr'><strong>in</strong></span> <span class='ocrx_word' id='word_1_56' title='bbox 1060 629 1286 673; x_wconf 89' lang='lat' dir='ltr'><strong>montibus</strong></span> <span class='ocrx_word' id='word_1_57' title='bbox 1308 628 1455 673; x_wconf 82' lang='lat' dir='ltr'><strong>Israe‘l.</strong></span> <span class='ocrx_word' id='word_1_58' title='bbox 1479 646 1501 670; x_wconf 94' lang='lat'>«</span> <span class='ocrx_word' id='word_1_59' title='bbox 1519 630 1578 673; x_wconf 89' lang='lat' dir='ltr'><strong>Et</strong></span> <span class='ocrx_word' id='word_1_60' title='bbox 1598 629 1644 672; x_wconf 91' lang='lat' dir='ltr'><strong>in</strong></span> <span class='ocrx_word' id='word_1_61' title='bbox 1663 628 1723 672; x_wconf 89' lang='lat' dir='ltr'><strong>ri-</strong></span> 
     </span>
     <span class='ocr_line' id='line_1_8' title="bbox 343 699 1724 756; baseline 0.001 -14"><span class='ocrx_word' id='word_1_62' title='bbox 343 718 365 742; x_wconf 88' lang='lat'>»</span> <span class='ocrx_word' id='word_1_63' title='bbox 399 701 461 745; x_wconf 87' lang='lat' dir='ltr'><strong>vis</strong></span> <span class='ocrx_word' id='word_1_64' title='bbox 474 734 486 755; x_wconf 86' lang='lat'>‚</span> <span class='ocrx_word' id='word_1_65' title='bbox 511 709 554 744; x_wconf 89' lang='lat' dir='ltr'><strong>et</strong></span> <span class='ocrx_word' id='word_1_66' title='bbox 575 700 622 743; x_wconf 93' lang='lat' dir='ltr'><strong>in</strong></span> <span class='ocrx_word' id='word_1_67' title='bbox 640 700 759 745; x_wconf 91' lang='lat' dir='ltr'><strong>omni</strong></span> <span class='ocrx_word' id='word_1_68' title='bbox 780 700 1050 745; x_wconf 86' lang='lat' dir='ltr'><strong>habitatione</strong></span> <span class='ocrx_word' id='word_1_69' title='bbox 1065 709 1206 746; x_wconf 85' lang='lat' dir='ltr'><strong>terrae.</strong></span> <span class='ocrx_word' id='word_1_70' title='bbox 1233 719 1252 741; x_wconf 87' lang='lat'>»</span> <span class='ocrx_word' id='word_1_71' title='bbox 1276 702 1314 744; x_wconf 83' lang='lat' dir='ltr'>A</span> <span class='ocrx_word' id='word_1_72' title='bbox 1332 699 1557 744; x_wconf 89' lang='lat' dir='ltr'><strong>montibus</strong></span> <span class='ocrx_word' id='word_1_73' title='bbox 1579 699 1697 743; x_wconf 90' lang='lat' dir='ltr'><strong>enim</strong></span> <span class='ocrx_word' id='word_1_74' title='bbox 1711 733 1724 756; x_wconf 80' lang='lat'>,</span> 
     </span>
     <span class='ocr_line' id='line_1_9' title="bbox 341 769 1728 829; baseline 0 -15"><span class='ocrx_word' id='word_1_75' title='bbox 341 785 452 829; x_wconf 90' lang='lat' dir='ltr'><strong>quos</strong></span> <span class='ocrx_word' id='word_1_76' title='bbox 472 769 740 815; x_wconf 85' lang='lat' dir='ltr'><strong>ostendimus</strong></span> <span class='ocrx_word' id='word_1_77' title='bbox 756 805 768 826; x_wconf 84' lang='lat'>,</span> <span class='ocrx_word' id='word_1_78' title='bbox 792 779 1081 815; x_wconf 89' lang='lat' dir='ltr'><strong>manaverunt</strong></span> <span class='ocrx_word' id='word_1_79' title='bbox 1099 770 1179 815; x_wconf 87' lang='lat' dir='ltr'><strong>rivi</strong></span> <span class='ocrx_word' id='word_1_80' title='bbox 1200 769 1520 829; x_wconf 76' lang='lat' dir='ltr'><strong>praedicationis</strong></span> <span class='ocrx_word' id='word_1_81' title='bbox 1545 783 1728 828; x_wconf 83' lang='lat' dir='ltr'><strong>evange-</strong></span> 
     </span>
     <span class='ocr_line' id='line_1_10' title="bbox 341 837 1730 894; baseline 0.001 -12"><span class='ocrx_word' id='word_1_82' title='bbox 341 838 437 883; x_wconf 86' lang='lat' dir='ltr'><strong>lieae</strong></span> <span class='ocrx_word' id='word_1_83' title='bbox 454 874 465 894; x_wconf 86' lang='lat'>‚</span> <span class='ocrx_word' id='word_1_84' title='bbox 491 854 592 884; x_wconf 90' lang='lat' dir='ltr'><strong>cum</strong></span> <span class='ocrx_word' id='word_1_85' title='bbox 611 840 658 884; x_wconf 93' lang='lat' dir='ltr'><strong>in</strong></span> <span class='ocrx_word' id='word_1_86' title='bbox 676 855 850 884; x_wconf 87' lang='lat' dir='ltr'><strong>omnem</strong></span> <span class='ocrx_word' id='word_1_87' title='bbox 866 848 1028 884; x_wconf 88' lang='lat' dir='ltr'><strong>terram</strong></span> <span class='ocrx_word' id='word_1_88' title='bbox 1045 840 1146 884; x_wconf 83' lang='lat' dir='ltr'><strong>exiit</strong></span> <span class='ocrx_word' id='word_1_89' title='bbox 1161 854 1294 884; x_wconf 92' lang='lat' dir='ltr'><strong>sonus</strong></span> <span class='ocrx_word' id='word_1_90' title='bbox 1315 854 1467 884; x_wconf 90' lang='lat' dir='ltr'><strong>eorum</strong></span> <span class='ocrx_word' id='word_1_91' title='bbox 1481 841 1496 865; x_wconf 86' lang='lat'><strong>¹</strong></span> <span class='ocrx_word' id='word_1_92' title='bbox 1523 857 1533 883; x_wconf 89' lang='lat'><strong>:</strong></span> <span class='ocrx_word' id='word_1_93' title='bbox 1553 847 1598 883; x_wconf 90' lang='lat' dir='ltr'><strong>et</strong></span> <span class='ocrx_word' id='word_1_94' title='bbox 1613 837 1730 884; x_wconf 88' lang='lat' dir='ltr'><strong>facta</strong></span> 
     </span>
     <span class='ocr_line' id='line_1_11' title="bbox 342 909 1731 970; baseline 0 -17"><span class='ocrx_word' id='word_1_95' title='bbox 342 917 406 953; x_wconf 90' lang='lat' dir='ltr'><strong>est</strong></span> <span class='ocrx_word' id='word_1_96' title='bbox 437 910 577 954; x_wconf 90' lang='lat' dir='ltr'><strong>omnis</strong></span> <span class='ocrx_word' id='word_1_97' title='bbox 609 910 820 955; x_wconf 88' lang='lat' dir='ltr'><strong>habitatio</strong></span> <span class='ocrx_word' id='word_1_98' title='bbox 842 919 968 955; x_wconf 86' lang='lat' dir='ltr'><strong>terrae</strong></span> <span class='ocrx_word' id='word_1_99' title='bbox 1002 909 1058 954; x_wconf 88' lang='lat' dir='ltr'><strong>ad</strong></span> <span class='ocrx_word' id='word_1_100' title='bbox 1079 909 1318 970; x_wconf 86' lang='lat' dir='ltr'><strong>pascendas</strong></span> <span class='ocrx_word' id='word_1_101' title='bbox 1341 925 1443 955; x_wconf 88' lang='lat' dir='ltr'><strong>oves</strong></span> <span class='ocrx_word' id='word_1_102' title='bbox 1463 909 1564 954; x_wconf 84' lang='lat' dir='ltr'><strong>laeta</strong></span> <span class='ocrx_word' id='word_1_103' title='bbox 1597 918 1731 969; x_wconf 86' lang='lat' dir='ltr'><strong>atque</strong></span> 
     </span>
     <span class='ocr_line' id='line_1_12' title="bbox 342 978 1731 1040; baseline 0.001 -18"><span class='ocrx_word' id='word_1_104' title='bbox 342 978 567 1024; x_wconf 86' lang='lat' dir='ltr'><strong>foecunda.</strong></span> <span class='ocrx_word' id='word_1_105' title='bbox 596 998 616 1021; x_wconf 85' lang='lat'>«</span> <span class='ocrx_word' id='word_1_106' title='bbox 648 983 700 1024; x_wconf 91' lang='lat' dir='ltr'><strong>In</strong></span> <span class='ocrx_word' id='word_1_107' title='bbox 719 995 879 1040; x_wconf 88' lang='lat' dir='ltr'><strong>pascua</strong></span> <span class='ocrx_word' id='word_1_108' title='bbox 901 981 1018 1025; x_wconf 90' lang='lat' dir='ltr'><strong>bona</strong></span> <span class='ocrx_word' id='word_1_109' title='bbox 1040 995 1213 1040; x_wconf 89' lang='lat' dir='ltr'><strong>pascam</strong></span> <span class='ocrx_word' id='word_1_110' title='bbox 1234 996 1328 1036; x_wconf 86' lang='lat' dir='ltr'><strong>eas,</strong></span> <span class='ocrx_word' id='word_1_111' title='bbox 1361 989 1406 1024; x_wconf 89' lang='lat' dir='ltr'><strong>et</strong></span> <span class='ocrx_word' id='word_1_112' title='bbox 1438 980 1485 1023; x_wconf 90' lang='lat' dir='ltr'><strong>in</strong></span> <span class='ocrx_word' id='word_1_113' title='bbox 1505 980 1731 1024; x_wconf 89' lang='lat' dir='ltr'><strong>montibus</strong></span> 
     </span>
     <span class='ocr_line' id='line_1_13' title="bbox 344 1049 1731 1105; baseline 0.002 -15"><span class='ocrx_word' id='word_1_114' title='bbox 344 1066 364 1090; x_wconf 89' lang='lat'>»</span> <span class='ocrx_word' id='word_1_115' title='bbox 400 1049 496 1093; x_wconf 82' lang='lat' dir='ltr'><strong>altis</strong></span> <span class='ocrx_word' id='word_1_116' title='bbox 516 1050 661 1094; x_wconf 76' lang='lat' dir='ltr'><strong>Israel.</strong></span> <span class='ocrx_word' id='word_1_117' title='bbox 688 1053 831 1095; x_wconf 90' lang='lat' dir='ltr'><strong>Erunt</strong></span> <span class='ocrx_word' id='word_1_118' title='bbox 851 1051 1023 1096; x_wconf 87' lang='lat' dir='ltr'><strong>stabula</strong></span> <span class='ocrx_word' id='word_1_119' title='bbox 1045 1066 1195 1095; x_wconf 86' lang='lat' dir='ltr'><strong>earum</strong></span> <span class='ocrx_word' id='word_1_120' title='bbox 1216 1050 1363 1095; x_wconf 72' lang='lat' dir='ltr'><strong>illic2:</strong></span> <span class='ocrx_word' id='word_1_121' title='bbox 1390 1067 1412 1091; x_wconf 91' lang='lat'>»</span> <span class='ocrx_word' id='word_1_122' title='bbox 1432 1050 1518 1094; x_wconf 92' lang='lat' dir='ltr'><strong>hoc</strong></span> <span class='ocrx_word' id='word_1_123' title='bbox 1538 1058 1628 1105; x_wconf 81' lang='lat' dir='ltr'><strong>est,</strong></span> <span class='ocrx_word' id='word_1_124' title='bbox 1651 1050 1731 1094; x_wconf 89' lang='lat' dir='ltr'><strong>ubi</strong></span> 
     </span>
     <span class='ocr_line' id='line_1_14' title="bbox 341 1119 1732 1178; baseline 0.001 -16"><span class='ocrx_word' id='word_1_125' title='bbox 341 1120 639 1178; x_wconf 80' lang='lat' dir='ltr'><strong>requiescant,</strong></span> <span class='ocrx_word' id='word_1_126' title='bbox 665 1122 741 1163; x_wconf 88' lang='lat' dir='ltr'><strong>ubi</strong></span> <span class='ocrx_word' id='word_1_127' title='bbox 762 1121 909 1164; x_wconf 88' lang='lat' dir='ltr'><strong>dicant</strong></span> <span class='ocrx_word' id='word_1_128' title='bbox 935 1140 945 1165; x_wconf 72' lang='grc' dir='ltr'>ς</span> <span class='ocrx_word' id='word_1_129' title='bbox 976 1124 1094 1164; x_wconf 90' lang='lat' dir='ltr'><strong>Bene</strong></span> <span class='ocrx_word' id='word_1_130' title='bbox 1116 1130 1179 1164; x_wconf 88' lang='lat' dir='ltr'><strong>est</strong></span> <span class='ocrx_word' id='word_1_131' title='bbox 1204 1139 1212 1164; x_wconf 94' lang='lat'>:</span> <span class='ocrx_word' id='word_1_132' title='bbox 1240 1121 1319 1163; x_wconf 85' lang='lat' dir='ltr'><strong>ubi</strong></span> <span class='ocrx_word' id='word_1_133' title='bbox 1356 1119 1505 1164; x_wconf 91' lang='lat' dir='ltr'><strong>dicant</strong></span> <span class='ocrx_word' id='word_1_134' title='bbox 1531 1137 1541 1165; x_wconf 90' lang='lat'>:</span> <span class='ocrx_word' id='word_1_135' title='bbox 1567 1122 1732 1164; x_wconf 89' lang='lat' dir='ltr'><strong>Verum</strong></span> 
     </span>
     <span class='ocr_line' id='line_1_15' title="bbox 342 1187 1733 1249; baseline 0.001 -18"><span class='ocrx_word' id='word_1_136' title='bbox 342 1196 428 1242; x_wconf 86' lang='lat' dir='ltr'><strong>est,</strong></span> <span class='ocrx_word' id='word_1_137' title='bbox 454 1187 734 1232; x_wconf 84' lang='lat' dir='ltr'><strong>manifestum</strong></span> <span class='ocrx_word' id='word_1_138' title='bbox 758 1197 838 1243; x_wconf 87' lang='lat' dir='ltr'><strong>est,</strong></span> <span class='ocrx_word' id='word_1_139' title='bbox 864 1204 955 1233; x_wconf 89' lang='lat' dir='ltr'><strong>non</strong></span> <span class='ocrx_word' id='word_1_140' title='bbox 978 1188 1187 1232; x_wconf 82' lang='lat' dir='ltr'><strong>fallimur.</strong></span> <span class='ocrx_word' id='word_1_141' title='bbox 1215 1192 1267 1233; x_wconf 88' lang='lat' dir='ltr'><strong>In</strong></span> <span class='ocrx_word' id='word_1_142' title='bbox 1289 1188 1424 1246; x_wconf 82' lang='lat' dir='ltr'><strong>gloria</strong></span> <span class='ocrx_word' id='word_1_143' title='bbox 1445 1189 1523 1233; x_wconf 88' lang='lat' dir='ltr'><strong>Dei</strong></span> <span class='ocrx_word' id='word_1_144' title='bbox 1544 1190 1733 1249; x_wconf 83' lang='lat' dir='ltr'><strong>requies·</strong></span> 
     </span>
     <span class='ocr_line' id='line_1_16' title="bbox 341 1257 1730 1317; baseline 0.003 -16"><span class='ocrx_word' id='word_1_145' title='bbox 341 1267 464 1312; x_wconf 81' lang='lat' dir='ltr'><strong>cent,</strong></span> <span class='ocrx_word' id='word_1_146' title='bbox 491 1267 701 1317; x_wconf 81' lang='lat' dir='ltr'><strong>tanquam</strong></span> <span class='ocrx_word' id='word_1_147' title='bbox 720 1258 765 1302; x_wconf 91' lang='lat' dir='ltr'><strong>in</strong></span> <span class='ocrx_word' id='word_1_148' title='bbox 783 1257 970 1302; x_wconf 87' lang='lat' dir='ltr'><strong>stabulis</strong></span> <span class='ocrx_word' id='word_1_149' title='bbox 994 1257 1095 1302; x_wconf 87' lang='lat' dir='ltr'><strong>illis.</strong></span> <span class='ocrx_word' id='word_1_150' title='bbox 1121 1276 1140 1300; x_wconf 90' lang='lat'>«</span> <span class='ocrx_word' id='word_1_151' title='bbox 1166 1261 1224 1303; x_wconf 91' lang='lat' dir='ltr'><strong>Et</strong></span> <span class='ocrx_word' id='word_1_152' title='bbox 1246 1259 1523 1314; x_wconf 85' lang='lat' dir='ltr'><strong>dormient‚»</strong></span> <span class='ocrx_word' id='word_1_153' title='bbox 1543 1260 1628 1304; x_wconf 91' lang='lat' dir='ltr'><strong>hoc</strong></span> <span class='ocrx_word' id='word_1_154' title='bbox 1649 1270 1730 1316; x_wconf 78' lang='lat' dir='ltr'><strong>est,</strong></span> 
     </span>
     <span class='ocr_line' id='line_1_17' title="bbox 341 1326 1517 1387; baseline -0.002 -16"><span class='ocrx_word' id='word_1_155' title='bbox 341 1328 614 1387; x_wconf 85' lang='lat' dir='ltr'><strong>requiescent</strong></span> <span class='ocrx_word' id='word_1_156' title='bbox 634 1345 645 1371; x_wconf 70' lang='grc' dir='ltr'><strong><em>ε</em></strong></span> <span class='ocrx_word' id='word_1_157' title='bbox 675 1329 764 1370; x_wconf 86' lang='lat' dir='ltr'><strong>«Et</strong></span> <span class='ocrx_word' id='word_1_158' title='bbox 784 1326 1058 1386; x_wconf 83' lang='lat' dir='ltr'><strong>requiescent</strong></span> <span class='ocrx_word' id='word_1_159' title='bbox 1079 1327 1126 1370; x_wconf 87' lang='lat' dir='ltr'><strong>in</strong></span> <span class='ocrx_word' id='word_1_160' title='bbox 1148 1327 1313 1371; x_wconf 87' lang='lat' dir='ltr'><strong>deliciis</strong></span> <span class='ocrx_word' id='word_1_161' title='bbox 1332 1329 1471 1372; x_wconf 88' lang='lat' dir='ltr'><strong>bonis.</strong></span> <span class='ocrx_word' id='word_1_162' title='bbox 1496 1346 1517 1369; x_wconf 90' lang='lat'>»</span> 
     </span>
    </p>

    <p class='ocr_par' dir='ltr' id='par_1_3' title="bbox 342 1397 1733 2146">
     <span class='ocr_line' id='line_1_18' title="bbox 400 1397 1727 1458; baseline 0.003 -18"><span class='ocrx_word' id='word_1_163' title='bbox 400 1399 539 1441; x_wconf 85' lang='lat' dir='ltr'><strong>XXV.</strong></span> <span class='ocrx_word' id='word_1_164' title='bbox 569 1415 591 1441; x_wconf 70' lang='grc' dir='ltr'><strong><em>κ</em></strong></span> <span class='ocrx_word' id='word_1_165' title='bbox 623 1399 681 1441; x_wconf 91' lang='lat' dir='ltr'><strong>Et</strong></span> <span class='ocrx_word' id='word_1_166' title='bbox 710 1397 756 1440; x_wconf 92' lang='lat' dir='ltr'><strong>in</strong></span> <span class='ocrx_word' id='word_1_167' title='bbox 778 1412 937 1456; x_wconf 87' lang='lat' dir='ltr'><strong>pascua</strong></span> <span class='ocrx_word' id='word_1_168' title='bbox 974 1397 1127 1456; x_wconf 82' lang='lat' dir='ltr'><strong>pingui</strong></span> <span class='ocrx_word' id='word_1_169' title='bbox 1148 1406 1380 1455; x_wconf 89' lang='lat' dir='ltr'><strong>pascentur</strong></span> <span class='ocrx_word' id='word_1_170' title='bbox 1400 1413 1531 1458; x_wconf 91' lang='lat' dir='ltr'><strong>super</strong></span> <span class='ocrx_word' id='word_1_171' title='bbox 1557 1408 1727 1444; x_wconf 87' lang='lat' dir='ltr'><strong>montes</strong></span> 
     </span>
     <span class='ocr_line' id='line_1_19' title="bbox 344 1466 1731 1529; baseline 0.004 -20"><span class='ocrx_word' id='word_1_172' title='bbox 344 1485 366 1510; x_wconf 86' lang='lat'><strong>&gt;›</strong></span> <span class='ocrx_word' id='word_1_173' title='bbox 401 1466 573 1511; x_wconf 64' lang='lat' dir='ltr'><strong>Israelss.</strong></span> <span class='ocrx_word' id='word_1_174' title='bbox 603 1485 622 1508; x_wconf 88' lang='lat'>»</span> <span class='ocrx_word' id='word_1_175' title='bbox 649 1469 746 1511; x_wconf 88' lang='lat' dir='ltr'><strong>Jam</strong></span> <span class='ocrx_word' id='word_1_176' title='bbox 768 1467 855 1511; x_wconf 80' lang='lat' dir='ltr'><strong>dixi</strong></span> <span class='ocrx_word' id='word_1_177' title='bbox 879 1477 1049 1512; x_wconf 87' lang='lat' dir='ltr'><strong>montes</strong></span> <span class='ocrx_word' id='word_1_178' title='bbox 1071 1466 1201 1511; x_wconf 75' lang='lat' dir='ltr'><strong>Israel</strong></span> <span class='ocrx_word' id='word_1_179' title='bbox 1216 1502 1227 1522; x_wconf 87' lang='lat'>,</span> <span class='ocrx_word' id='word_1_180' title='bbox 1252 1476 1422 1513; x_wconf 86' lang='lat' dir='ltr'><strong>montes</strong></span> <span class='ocrx_word' id='word_1_181' title='bbox 1447 1468 1587 1513; x_wconf 90' lang='lat' dir='ltr'><strong>bonos</strong></span> <span class='ocrx_word' id='word_1_182' title='bbox 1602 1503 1614 1524; x_wconf 89' lang='lat'>‚</span> <span class='ocrx_word' id='word_1_183' title='bbox 1641 1485 1731 1529; x_wconf 91' lang='lat' dir='ltr'><strong>quo</strong></span> 
     </span>
     <span class='ocr_line' id='line_1_20' title="bbox 342 1536 1733 1592; baseline 0.003 -11"><span class='ocrx_word' id='word_1_184' title='bbox 342 1538 535 1582; x_wconf 89' lang='lat' dir='ltr'><strong>levamus</strong></span> <span class='ocrx_word' id='word_1_185' title='bbox 558 1536 706 1582; x_wconf 91' lang='lat' dir='ltr'><strong>oculos</strong></span> <span class='ocrx_word' id='word_1_186' title='bbox 723 1572 734 1592; x_wconf 90' lang='lat'>,</span> <span class='ocrx_word' id='word_1_187' title='bbox 760 1546 810 1581; x_wconf 90' lang='lat' dir='ltr'><strong>ut</strong></span> <span class='ocrx_word' id='word_1_188' title='bbox 826 1538 953 1582; x_wconf 89' lang='lat' dir='ltr'><strong>nobis</strong></span> <span class='ocrx_word' id='word_1_189' title='bbox 973 1537 1074 1581; x_wconf 90' lang='lat' dir='ltr'><strong>inde</strong></span> <span class='ocrx_word' id='word_1_190' title='bbox 1091 1537 1301 1582; x_wconf 82' lang='lat' dir='ltr'><strong>auxilium</strong></span> <span class='ocrx_word' id='word_1_191' title='bbox 1319 1538 1480 1583; x_wconf 88' lang='lat' dir='ltr'><strong>veniat.</strong></span> <span class='ocrx_word' id='word_1_192' title='bbox 1503 1540 1590 1585; x_wconf 90' lang='lat' dir='ltr'><strong>Sed</strong></span> <span class='ocrx_word' id='word_1_193' title='bbox 1611 1541 1733 1584; x_wconf 83' lang='lat' dir='ltr'><strong>auxi-</strong></span> 
     </span>
     <span class='ocr_line' id='line_1_21' title="bbox 345 1607 1728 1668; baseline 0.001 -17"><span class='ocrx_word' id='word_1_194' title='bbox 345 1626 367 1651; x_wconf 88' lang='lat'>»</span> <span class='ocrx_word' id='word_1_195' title='bbox 401 1607 509 1652; x_wconf 89' lang='lat' dir='ltr'><strong>lium</strong></span> <span class='ocrx_word' id='word_1_196' title='bbox 530 1617 727 1652; x_wconf 86' lang='lat' dir='ltr'><strong>nostrum</strong></span> <span class='ocrx_word' id='word_1_197' title='bbox 750 1624 774 1652; x_wconf 91' lang='lat' dir='ltr'><strong>a</strong></span> <span class='ocrx_word' id='word_1_198' title='bbox 791 1609 993 1663; x_wconf 87' lang='lat' dir='ltr'><strong>Domino,</strong></span> <span class='ocrx_word' id='word_1_199' title='bbox 1012 1608 1088 1668; x_wconf 90' lang='lat' dir='ltr'><strong>qui</strong></span> <span class='ocrx_word' id='word_1_200' title='bbox 1108 1608 1212 1653; x_wconf 70' lang='lat' dir='ltr'><strong>iecit</strong></span> <span class='ocrx_word' id='word_1_201' title='bbox 1233 1609 1397 1653; x_wconf 88' lang='lat' dir='ltr'><strong>coelum</strong></span> <span class='ocrx_word' id='word_1_202' title='bbox 1419 1619 1464 1654; x_wconf 88' lang='lat' dir='ltr'><strong>et</strong></span> <span class='ocrx_word' id='word_1_203' title='bbox 1487 1619 1646 1655; x_wconf 88' lang='lat' dir='ltr'><strong>terram</strong></span> <span class='ocrx_word' id='word_1_204' title='bbox 1659 1612 1691 1654; x_wconf 78' lang='lat'><strong>4.</strong></span> <span class='ocrx_word' id='word_1_205' title='bbox 1706 1628 1728 1652; x_wconf 89' lang='lat'>»</span> 
     </span>
     <span class='ocr_line' id='line_1_22' title="bbox 344 1677 1732 1739; baseline 0.001 -17"><span class='ocrx_word' id='word_1_206' title='bbox 344 1677 450 1723; x_wconf 90' lang='lat' dir='ltr'><strong>Ideo</strong></span> <span class='ocrx_word' id='word_1_207' title='bbox 484 1694 539 1722; x_wconf 87' lang='lat' dir='ltr'><strong>ne</strong></span> <span class='ocrx_word' id='word_1_208' title='bbox 570 1678 641 1723; x_wconf 87' lang='lat' dir='ltr'><strong>vel</strong></span> <span class='ocrx_word' id='word_1_209' title='bbox 667 1679 713 1722; x_wconf 89' lang='lat' dir='ltr'><strong>in</strong></span> <span class='ocrx_word' id='word_1_210' title='bbox 739 1679 962 1723; x_wconf 86' lang='lat' dir='ltr'><strong>montibus</strong></span> <span class='ocrx_word' id='word_1_211' title='bbox 998 1679 1122 1723; x_wconf 87' lang='lat' dir='ltr'><strong>bonis</strong></span> <span class='ocrx_word' id='word_1_212' title='bbox 1155 1689 1264 1724; x_wconf 87' lang='lat' dir='ltr'><strong>esset</strong></span> <span class='ocrx_word' id='word_1_213' title='bbox 1300 1696 1394 1739; x_wconf 90' lang='lat' dir='ltr'><strong>spes</strong></span> <span class='ocrx_word' id='word_1_214' title='bbox 1423 1690 1599 1737; x_wconf 83' lang='lat' dir='ltr'><strong>nostra,</strong></span> <span class='ocrx_word' id='word_1_215' title='bbox 1628 1695 1732 1726; x_wconf 92' lang='lat' dir='ltr'><strong>cum</strong></span> 
     </span>
     <span class='ocr_line' id='line_1_23' title="bbox 343 1748 1732 1809; baseline 0.003 -18"><span class='ocrx_word' id='word_1_216' title='bbox 343 1748 517 1793; x_wconf 83' lang='lat' dir='ltr'><strong>dixisset</strong></span> <span class='ocrx_word' id='word_1_217' title='bbox 538 1767 547 1794; x_wconf 93' lang='lat'>:</span> <span class='ocrx_word' id='word_1_218' title='bbox 573 1767 592 1791; x_wconf 92' lang='lat'>«</span> <span class='ocrx_word' id='word_1_219' title='bbox 613 1752 790 1793; x_wconf 87' lang='lat' dir='ltr'><strong>Pascam</strong></span> <span class='ocrx_word' id='word_1_220' title='bbox 808 1764 909 1793; x_wconf 88' lang='lat' dir='ltr'><strong>oves</strong></span> <span class='ocrx_word' id='word_1_221' title='bbox 931 1764 1047 1793; x_wconf 88' lang='lat' dir='ltr'><strong>meas</strong></span> <span class='ocrx_word' id='word_1_222' title='bbox 1069 1764 1198 1809; x_wconf 88' lang='lat' dir='ltr'><strong>super</strong></span> <span class='ocrx_word' id='word_1_223' title='bbox 1214 1759 1383 1794; x_wconf 87' lang='lat' dir='ltr'><strong>montes</strong></span> <span class='ocrx_word' id='word_1_224' title='bbox 1401 1750 1534 1795; x_wconf 72' lang='lat' dir='ltr'><strong>Israel</strong></span> <span class='ocrx_word' id='word_1_225' title='bbox 1555 1769 1565 1796; x_wconf 70' lang='grc' dir='ltr'>ε</span> <span class='ocrx_word' id='word_1_226' title='bbox 1591 1768 1612 1793; x_wconf 87' lang='grc'>»</span> <span class='ocrx_word' id='word_1_227' title='bbox 1638 1766 1732 1795; x_wconf 89' lang='lat' dir='ltr'><strong>rur-</strong></span> 
     </span>
     <span class='ocr_line' id='line_1_24' title="bbox 343 1819 1732 1881; baseline 0.004 -19"><span class='ocrx_word' id='word_1_228' title='bbox 343 1834 412 1863; x_wconf 91' lang='lat' dir='ltr'><strong>sus</strong></span> <span class='ocrx_word' id='word_1_229' title='bbox 432 1834 488 1862; x_wconf 88' lang='lat' dir='ltr'><strong>ne</strong></span> <span class='ocrx_word' id='word_1_230' title='bbox 504 1828 554 1863; x_wconf 94' lang='lat' dir='ltr'><strong>tu</strong></span> <span class='ocrx_word' id='word_1_231' title='bbox 572 1834 690 1878; x_wconf 87' lang='lat' dir='ltr'><strong>spem</strong></span> <span class='ocrx_word' id='word_1_232' title='bbox 706 1835 887 1879; x_wconf 88' lang='lat' dir='ltr'><strong>poneres</strong></span> <span class='ocrx_word' id='word_1_233' title='bbox 904 1820 951 1864; x_wconf 90' lang='lat' dir='ltr'><strong>in</strong></span> <span class='ocrx_word' id='word_1_234' title='bbox 966 1819 1206 1875; x_wconf 86' lang='lat' dir='ltr'><strong>montibus,</strong></span> <span class='ocrx_word' id='word_1_235' title='bbox 1225 1820 1408 1881; x_wconf 87' lang='lat' dir='ltr'><strong>subjecit</strong></span> <span class='ocrx_word' id='word_1_236' title='bbox 1421 1821 1564 1865; x_wconf 87' lang='lat' dir='ltr'><strong>statim</strong></span> <span class='ocrx_word' id='word_1_237' title='bbox 1580 1840 1590 1867; x_wconf 71' lang='grc' dir='ltr'>ι</span> <span class='ocrx_word' id='word_1_238' title='bbox 1605 1824 1732 1880; x_wconf 84' lang='lat' dir='ltr'><strong>«Ego</strong></span> 
     </span>
     <span class='ocr_line' id='line_1_25' title="bbox 346 1890 1727 1949; baseline 0.005 -18"><span class='ocrx_word' id='word_1_239' title='bbox 346 1908 367 1932; x_wconf 84' lang='lat'>»</span> <span class='ocrx_word' id='word_1_240' title='bbox 403 1904 571 1949; x_wconf 82' lang='lat' dir='ltr'><strong>pascam</strong></span> <span class='ocrx_word' id='word_1_241' title='bbox 602 1905 704 1935; x_wconf 89' lang='lat' dir='ltr'><strong>oves</strong></span> <span class='ocrx_word' id='word_1_242' title='bbox 731 1892 893 1935; x_wconf 86' lang='lat' dir='ltr'><strong>meas⁵.</strong></span> <span class='ocrx_word' id='word_1_243' title='bbox 926 1893 1040 1936; x_wconf 92' lang='lat' dir='ltr'><strong>Leva</strong></span> <span class='ocrx_word' id='word_1_244' title='bbox 1068 1900 1118 1934; x_wconf 91' lang='lat' dir='ltr'><strong>tu</strong></span> <span class='ocrx_word' id='word_1_245' title='bbox 1150 1890 1298 1935; x_wconf 87' lang='lat' dir='ltr'><strong>oculos</strong></span> <span class='ocrx_word' id='word_1_246' title='bbox 1330 1900 1428 1936; x_wconf 90' lang='lat' dir='ltr'><strong>tuos</strong></span> <span class='ocrx_word' id='word_1_247' title='bbox 1454 1893 1501 1936; x_wconf 89' lang='lat' dir='ltr'><strong>in</strong></span> <span class='ocrx_word' id='word_1_248' title='bbox 1528 1902 1727 1948; x_wconf 83' lang='lat' dir='ltr'><strong>monteS,</strong></span> 
     </span>
     <span class='ocr_line' id='line_1_26' title="bbox 346 1960 1728 2009; baseline 0.005 -7"><span class='ocrx_word' id='word_1_249' title='bbox 346 1978 367 2002; x_wconf 90' lang='lat'>»</span> <span class='ocrx_word' id='word_1_250' title='bbox 402 1960 520 2004; x_wconf 91' lang='lat' dir='ltr'><strong>unde</strong></span> <span class='ocrx_word' id='word_1_251' title='bbox 550 1960 694 2005; x_wconf 89' lang='lat' dir='ltr'><strong>veniat</strong></span> <span class='ocrx_word' id='word_1_252' title='bbox 726 1961 935 2005; x_wconf 85' lang='lat' dir='ltr'><strong>auxilium</strong></span> <span class='ocrx_word' id='word_1_253' title='bbox 964 1961 1070 2006; x_wconf 80' lang='lat' dir='ltr'><strong>tibi6</strong></span> <span class='ocrx_word' id='word_1_254' title='bbox 1093 1981 1102 2008; x_wconf 89' lang='lat'>:</span> <span class='ocrx_word' id='word_1_255' title='bbox 1128 1979 1149 2003; x_wconf 89' lang='lat'>»</span> <span class='ocrx_word' id='word_1_256' title='bbox 1172 1961 1248 2006; x_wconf 90' lang='lat' dir='ltr'><strong>sed</strong></span> <span class='ocrx_word' id='word_1_257' title='bbox 1270 1961 1449 2008; x_wconf 82' lang='lat' dir='ltr'><strong>attende</strong></span> <span class='ocrx_word' id='word_1_258' title='bbox 1480 1962 1728 2009; x_wconf 90' lang='lat' dir='ltr'><strong>dicentem:</strong></span> 
     </span>
     <span class='ocr_line' id='line_1_27' title="bbox 348 2029 1732 2093; baseline 0.004 -19"><span class='ocrx_word' id='word_1_259' title='bbox 348 2049 368 2073; x_wconf 90' lang='lat'>«</span> <span class='ocrx_word' id='word_1_260' title='bbox 402 2033 497 2089; x_wconf 86' lang='lat' dir='ltr'><strong>Ego</strong></span> <span class='ocrx_word' id='word_1_261' title='bbox 515 2045 703 2090; x_wconf 87' lang='lat' dir='ltr'><strong>pascam.</strong></span> <span class='ocrx_word' id='word_1_262' title='bbox 725 2029 950 2075; x_wconf 80' lang='lat' dir='ltr'><strong>Auxilium</strong></span> <span class='ocrx_word' id='word_1_263' title='bbox 972 2032 1089 2076; x_wconf 90' lang='lat' dir='ltr'><strong>enim</strong></span> <span class='ocrx_word' id='word_1_264' title='bbox 1110 2041 1238 2077; x_wconf 88' lang='lat' dir='ltr'><strong>tuum</strong></span> <span class='ocrx_word' id='word_1_265' title='bbox 1260 2048 1283 2078; x_wconf 89' lang='lat' dir='ltr'><strong>a</strong></span> <span class='ocrx_word' id='word_1_266' title='bbox 1302 2033 1507 2089; x_wconf 86' lang='lat' dir='ltr'><strong>Domino,</strong></span> <span class='ocrx_word' id='word_1_267' title='bbox 1531 2034 1609 2093; x_wconf 90' lang='lat' dir='ltr'><strong>qui</strong></span> <span class='ocrx_word' id='word_1_268' title='bbox 1625 2033 1732 2079; x_wconf 86' lang='lat' dir='ltr'><strong>fecit</strong></span> 
     </span>
     <span class='ocr_line' id='line_1_28' title="bbox 348 2100 867 2146; baseline 0.002 -4"><span class='ocrx_word' id='word_1_269' title='bbox 348 2118 368 2142; x_wconf 92' lang='lat'>»</span> <span class='ocrx_word' id='word_1_270' title='bbox 403 2100 566 2144; x_wconf 87' lang='lat' dir='ltr'><strong>coelum</strong></span> <span class='ocrx_word' id='word_1_271' title='bbox 583 2110 626 2145; x_wconf 86' lang='lat' dir='ltr'><strong>et</strong></span> <span class='ocrx_word' id='word_1_272' title='bbox 648 2110 822 2146; x_wconf 85' lang='lat' dir='ltr'><strong>terram.</strong></span> <span class='ocrx_word' id='word_1_273' title='bbox 846 2119 867 2143; x_wconf 85' lang='lat'>»</span> 
     </span>
    </p>

    <p class='ocr_par' dir='ltr' id='par_1_4' title="bbox 347 2168 1731 2442">
     <span class='ocr_line' id='line_1_29' title="bbox 402 2168 1731 2228; baseline 0.004 -15"><span class='ocrx_word' id='word_1_274' title='bbox 402 2173 564 2214; x_wconf 87' lang='lat' dir='ltr'><strong>XXVI.</strong></span> <span class='ocrx_word' id='word_1_275' title='bbox 594 2191 615 2211; x_wconf 90' lang='lat'>«</span> <span class='ocrx_word' id='word_1_276' title='bbox 633 2175 690 2212; x_wconf 90' lang='lat' dir='ltr'><strong>Et</strong></span> <span class='ocrx_word' id='word_1_277' title='bbox 711 2186 790 2226; x_wconf 80' lang='lat' dir='ltr'><strong>ego</strong></span> <span class='ocrx_word' id='word_1_278' title='bbox 810 2174 1077 2228; x_wconf 83' lang='lat' dir='ltr'><strong>requiescere</strong></span> <span class='ocrx_word' id='word_1_279' title='bbox 1099 2168 1256 2214; x_wconf 85' lang='lat' dir='ltr'><strong>faciam</strong></span> <span class='ocrx_word' id='word_1_280' title='bbox 1273 2185 1343 2215; x_wconf 90' lang='lat' dir='ltr'><strong>eas</strong></span> <span class='ocrx_word' id='word_1_281' title='bbox 1357 2205 1369 2226; x_wconf 90' lang='lat'>‚</span> <span class='ocrx_word' id='word_1_282' title='bbox 1393 2171 1500 2216; x_wconf 90' lang='lat' dir='ltr'><strong>dicit</strong></span> <span class='ocrx_word' id='word_1_283' title='bbox 1520 2173 1731 2218; x_wconf 90' lang='lat' dir='ltr'><strong>Dominus</strong></span> 
     </span>
     <span class='ocr_line' id='line_1_30' title="bbox 347 2238 1731 2300; baseline 0.005 -19"><span class='ocrx_word' id='word_1_284' title='bbox 347 2257 368 2281; x_wconf 90' lang='lat'>»</span> <span class='ocrx_word' id='word_1_285' title='bbox 403 2241 532 2283; x_wconf 90' lang='lat' dir='ltr'><strong>Deus.</strong></span> <span class='ocrx_word' id='word_1_286' title='bbox 553 2256 572 2280; x_wconf 86' lang='lat'>»</span> <span class='ocrx_word' id='word_1_287' title='bbox 593 2238 678 2283; x_wconf 89' lang='lat' dir='ltr'><strong>Sed</strong></span> <span class='ocrx_word' id='word_1_288' title='bbox 698 2247 749 2282; x_wconf 90' lang='lat' dir='ltr'><strong>ut</strong></span> <span class='ocrx_word' id='word_1_289' title='bbox 767 2239 1034 2298; x_wconf 83' lang='lat' dir='ltr'><strong>requiescere</strong></span> <span class='ocrx_word' id='word_1_290' title='bbox 1055 2238 1187 2284; x_wconf 87' lang='lat' dir='ltr'><strong>faciat</strong></span> <span class='ocrx_word' id='word_1_291' title='bbox 1202 2275 1213 2296; x_wconf 88' lang='lat'>‚</span> <span class='ocrx_word' id='word_1_292' title='bbox 1234 2241 1375 2300; x_wconf 88' lang='lat' dir='ltr'><strong>primo</strong></span> <span class='ocrx_word' id='word_1_293' title='bbox 1402 2243 1585 2288; x_wconf 86' lang='lat' dir='ltr'><strong>curavit.</strong></span> <span class='ocrx_word' id='word_1_294' title='bbox 1603 2243 1731 2297; x_wconf 87' lang='lat' dir='ltr'><strong>Quod</strong></span> 
     </span>
     <span class='ocr_line' id='line_1_31' title="bbox 347 2308 1729 2368; baseline 0.005 -17"><span class='ocrx_word' id='word_1_295' title='bbox 347 2309 461 2352; x_wconf 88' lang='lat' dir='ltr'><strong>enirn</strong></span> <span class='ocrx_word' id='word_1_296' title='bbox 492 2308 635 2367; x_wconf 81' lang='lat' dir='ltr'><strong>primo</strong></span> <span class='ocrx_word' id='word_1_297' title='bbox 661 2309 829 2354; x_wconf 88' lang='lat' dir='ltr'><strong>curavit</strong></span> <span class='ocrx_word' id='word_1_298' title='bbox 845 2343 856 2364; x_wconf 91' lang='lat'>,</span> <span class='ocrx_word' id='word_1_299' title='bbox 883 2309 1094 2368; x_wconf 86' lang='lat' dir='ltr'><strong>posterius</strong></span> <span class='ocrx_word' id='word_1_300' title='bbox 1117 2310 1224 2355; x_wconf 89' lang='lat' dir='ltr'><strong>dicit</strong></span> <span class='ocrx_word' id='word_1_301' title='bbox 1245 2329 1254 2355; x_wconf 90' lang='lat'>:</span> <span class='ocrx_word' id='word_1_302' title='bbox 1285 2330 1304 2353; x_wconf 90' lang='lat'>«</span> <span class='ocrx_word' id='word_1_303' title='bbox 1331 2314 1435 2357; x_wconf 82' lang='lat' dir='ltr'><strong>Haec</strong></span> <span class='ocrx_word' id='word_1_304' title='bbox 1453 2312 1560 2357; x_wconf 88' lang='lat' dir='ltr'><strong>dicit</strong></span> <span class='ocrx_word' id='word_1_305' title='bbox 1578 2313 1729 2358; x_wconf 85' lang='lat' dir='ltr'><strong>Domi-</strong></span> 
     </span>
     <span class='ocr_line' id='line_1_32' title="bbox 351 2379 1726 2442; baseline 0.006 -21"><span class='ocrx_word' id='word_1_306' title='bbox 351 2395 371 2420; x_wconf 84' lang='lat'>»</span> <span class='ocrx_word' id='word_1_307' title='bbox 406 2392 488 2422; x_wconf 87' lang='lat' dir='ltr'><strong>nus</strong></span> <span class='ocrx_word' id='word_1_308' title='bbox 509 2381 623 2422; x_wconf 88' lang='lat' dir='ltr'><strong>Deus</strong></span> <span class='ocrx_word' id='word_1_309' title='bbox 642 2397 650 2424; x_wconf 90' lang='lat'>:</span> <span class='ocrx_word' id='word_1_310' title='bbox 677 2379 807 2433; x_wconf 86' lang='lat' dir='ltr'><strong>Quod</strong></span> <span class='ocrx_word' id='word_1_311' title='bbox 829 2379 955 2439; x_wconf 85' lang='lat' dir='ltr'><strong>periit</strong></span> <span class='ocrx_word' id='word_1_312' title='bbox 972 2415 983 2435; x_wconf 81' lang='grc'>,</span> <span class='ocrx_word' id='word_1_313' title='bbox 1010 2381 1225 2441; x_wconf 86' lang='lat' dir='ltr'><strong>requiram</strong></span> <span class='ocrx_word' id='word_1_314' title='bbox 1244 2402 1256 2440; x_wconf 80' lang='lat'>3</span> <span class='ocrx_word' id='word_1_315' title='bbox 1276 2390 1319 2426; x_wconf 86' lang='lat' dir='ltr'><strong>et</strong></span> <span class='ocrx_word' id='word_1_316' title='bbox 1337 2382 1458 2442; x_wconf 81' lang='lat' dir='ltr'><strong>quod</strong></span> <span class='ocrx_word' id='word_1_317' title='bbox 1479 2384 1637 2429; x_wconf 86' lang='lat' dir='ltr'><strong>erravit</strong></span> <span class='ocrx_word' id='word_1_318' title='bbox 1656 2399 1726 2428; x_wconf 87' lang='lat' dir='ltr'><strong>re-</strong></span> 
     </span>
    </p>
   </div>
   <div class='ocr_carea' id='block_1_3' title="bbox 346 2471 1727 2571">
    <p class='ocr_par' dir='ltr' id='par_1_5' title="bbox 346 2471 1727 2571">
     <span class='ocr_line' id='line_1_33' title="bbox 394 2471 1727 2521; baseline 0.008 -19"><span class='ocrx_word' id='word_1_319' title='bbox 394 2477 403 2494; x_wconf 93' lang='lat'><em>¹</em></span> <span class='ocrx_word' id='word_1_320' title='bbox 418 2471 501 2504; x_wconf 85' lang='lat' dir='ltr'><strong>Psal.</strong></span> <span class='ocrx_word' id='word_1_321' title='bbox 522 2482 611 2513; x_wconf 85' lang='lat' dir='ltr'><strong>xvm,</strong></span> <span class='ocrx_word' id='word_1_322' title='bbox 627 2472 659 2505; x_wconf 89' lang='grc'><strong>5.</strong></span> <span class='ocrx_word' id='word_1_323' title='bbox 683 2489 725 2496; x_wconf 89' lang='grc'>-</span> <span class='ocrx_word' id='word_1_324' title='bbox 746 2480 759 2496; x_wconf 87' lang='lat'>²</span> <span class='ocrx_word' id='word_1_325' title='bbox 779 2474 898 2507; x_wconf 88' lang='lat' dir='ltr'><strong>Ezech.</strong></span> <span class='ocrx_word' id='word_1_326' title='bbox 916 2484 1026 2517; x_wconf 76' lang='lat' dir='ltr'><strong>xxxiv,</strong></span> <span class='ocrx_word' id='word_1_327' title='bbox 1056 2474 1107 2517; x_wconf 73' lang='lat'><strong>14.</strong></span> <span class='ocrx_word' id='word_1_328' title='bbox 1128 2491 1170 2499; x_wconf 96' lang='lat'>—</span> <span class='ocrx_word' id='word_1_329' title='bbox 1191 2473 1204 2500; x_wconf 83' lang='lat'>³</span> <span class='ocrx_word' id='word_1_330' title='bbox 1231 2475 1313 2511; x_wconf 85' lang='lat' dir='ltr'><strong>Ibid.</strong></span> <span class='ocrx_word' id='word_1_331' title='bbox 1335 2476 1406 2508; x_wconf 77' lang='grc'><strong>-4</strong></span> <span class='ocrx_word' id='word_1_332' title='bbox 1432 2477 1513 2511; x_wconf 78' lang='lat' dir='ltr'><strong>Psal.</strong></span> <span class='ocrx_word' id='word_1_333' title='bbox 1534 2488 1605 2521; x_wconf 83' lang='lat' dir='ltr'><strong>cxx,</strong></span> <span class='ocrx_word' id='word_1_334' title='bbox 1624 2487 1656 2512; x_wconf 83' lang='lat'><strong>2.</strong></span> <span class='ocrx_word' id='word_1_335' title='bbox 1685 2494 1727 2504; x_wconf 92' lang='lat'><em>-</em></span> 
     </span>
     <span class='ocr_line' id='line_1_34' title="bbox 346 2525 1040 2571; baseline 0.004 -11"><span class='ocrx_word' id='word_1_336' title='bbox 346 2525 361 2550; x_wconf 88' lang='lat'><strong><em>5</em></strong></span> <span class='ocrx_word' id='word_1_337' title='bbox 380 2527 494 2561; x_wconf 88' lang='lat' dir='ltr'><strong>Ezech.</strong></span> <span class='ocrx_word' id='word_1_338' title='bbox 514 2537 625 2570; x_wconf 74' lang='lat' dir='ltr'><strong>xxxiv,</strong></span> <span class='ocrx_word' id='word_1_339' title='bbox 647 2527 698 2561; x_wconf 90' lang='lat'><strong>15.</strong></span> <span class='ocrx_word' id='word_1_340' title='bbox 723 2544 764 2553; x_wconf 88' lang='lat'><strong>-·</strong></span> <span class='ocrx_word' id='word_1_341' title='bbox 781 2527 890 2563; x_wconf 79' lang='lat' dir='ltr'><strong>6Psa1.</strong></span> <span class='ocrx_word' id='word_1_342' title='bbox 911 2539 984 2571; x_wconf 82' lang='lat' dir='ltr'><strong>cxx,</strong></span> <span class='ocrx_word' id='word_1_343' title='bbox 1011 2540 1040 2563; x_wconf 88' lang='lat'><strong>1.</strong></span> 
     </span>
    </p>
   </div>
  </div>
 </body>
</html>
