1898 3178
380 220 461 260 348
803 231 836 260 s.
873 230 1102 261 AUGUSTINI
1139 234 1315 261 EPISCOPI

377 315 558 359 parvus,
583 300 626 343 in
649 299 834 344 Domino
856 315 1052 359 magnus.
1088 303 1153 344 Tu
1175 317 1218 345 es
1240 301 1313 361 qui
1344 310 1406 344 ter
1430 300 1660 345 Dominum
1686 317 1754 345 ro-

376 370 503 427 gasti,
531 379 578 413 ut
595 368 795 413 stimulus
818 370 972 425 carnis,
994 370 1172 429 angelus
1192 374 1360 415 Satanae
1380 406 1389 425 ,
1412 387 1433 414 a
1457 387 1544 431 quo
1562 371 1757 430 colaphi-

375 440 561 494 zabaris,
592 438 835 483 auferretur
865 457 887 484 a
919 450 976 484 te.
1003 442 1118 493 Quid
1143 442 1218 485 tibi
1242 442 1406 486 dictum
1431 444 1523 486 est?
1544 442 1652 502 quid
1675 459 1754 486 au-

375 510 474 555 disti
503 511 679 570 quando
698 511 779 555 hoc
802 512 974 570 petisti?
1001 532 1020 555 «
1048 514 1216 558 Sufficit
1239 514 1317 557 tibi
1350 513 1484 571 gratia
1508 529 1629 572 mea3
1655 529 1757 558 nam.

377 600 396 622 »
432 582 566 625 virtus
601 581 647 624 in
680 581 931 626 infirmitate
959 584 1226 642 perficitur1.
1253 602 1272 625 »
1308 585 1480 628 Etenim
1513 585 1755 630 infirmatus

373 662 436 696 est
455 687 466 707 ,
492 662 540 696 tu
563 668 664 697 vero
683 652 898 712 perfecisti
914 669 1030 698 eum.

432 726 552 767 VIII.
591 725 658 769 Sic
693 734 736 769 et
758 728 932 781 Petrus,
959 746 978 768 «
1005 727 1118 770 Jube
1152 741 1244 780 me,
1267 726 1437 785 inquit,
1469 725 1616 769 venire
1640 725 1694 769 ad
1715 735 1756 771 te

375 812 395 835 »
431 809 560 854 super
581 812 727 855 aquas.
754 814 773 836 »
808 799 949 841 Homo
972 797 1133 852 audeo,
1159 796 1233 840 sed
1261 812 1350 840 non
1375 796 1597 840 hominem
1632 812 1752 855 rogo.

372 865 528 910 Jubeat
561 869 674 910 Deus
705 867 858 922 homo,
902 877 951 911 ut
984 868 1118 927 possit
1153 867 1274 926 quod
1306 882 1394 910 non
1428 875 1570 925 potest
1603 867 1752 911 homo.

375 955 395 978 «
429 937 565 992 Veni,
591 956 610 978 »
633 937 791 997 inquit.
820 942 876 983 Et
896 938 1142 992 descendit,
1168 947 1211 982 et
1232 938 1368 997 coepit
1385 936 1609 981 ambulare
1626 953 1756 997 super

371 1022 503 1065 aquas
530 1026 538 1050 :
573 1016 616 1050 et
636 1008 780 1066 potuit
813 1011 966 1052 Petrus
986 1044 997 1063 ,
1029 1008 1128 1068 quia
1144 1010 1329 1068 jusserat
1350 1016 1487 1067 petra.
1514 1010 1626 1051 Ecce
1649 1006 1757 1067 quid

371 1079 522 1119 Petrus
544 1077 589 1120 in
607 1078 792 1122 Domino
809 1097 817 1122 :
834 1079 941 1137 quid
962 1078 1007 1122 in
1025 1080 1098 1122 se?
1117 1096 1136 1119 «
1157 1076 1320 1121 Videns
1340 1086 1521 1121 ventum
1544 1075 1753 1132 validum,

374 1165 392 1186 »
430 1147 606 1205 timuit3
637 1157 801 1192 etcum
825 1151 1023 1207 coepisset
1045 1148 1200 1207 mergi,
1232 1148 1488 1192 exclamavit
1515 1167 1524 1192 z
1554 1148 1754 1203 Domine,

377 1235 397 1258 η
431 1233 581 1277 pereo,
603 1217 741 1263 libera
764 1234 848 1263 me.
879 1239 898 1261 »
933 1220 1209 1278 Praesumpsit
1230 1219 1284 1263 de
1307 1220 1512 1273 Domino,
1537 1219 1681 1278 potuit
1700 1219 1756 1262 de

369 1289 554 1333 Domino
589 1308 597 1333 ε
636 1289 843 1334 titubavit
875 1300 925 1335 ut
954 1292 1109 1345 homo,
1142 1289 1271 1336 rediit
1294 1289 1349 1334 ad
1380 1290 1629 1334 Dominum.
1666 1309 1685 1332 «
1712 1290 1755 1334 Si

371 1377 390 1400 »
426 1359 625 1404 dicebam
653 1363 832 1405 :Motus
860 1370 923 1405 est
964 1377 1038 1421 pes
1075 1376 1211 1404 meus.
1243 1378 1263 1400 n
1301 1359 1496 1404 Psalmus
1529 1359 1751 1420 loquitur,

368 1430 504 1474 sancti
526 1431 694 1475 Cantici
723 1447 808 1476 vox
830 1441 920 1489 est,
943 1441 985 1476 et
1011 1432 1045 1475 si
1063 1446 1369 1490 agnoscamus,
1396 1440 1440 1474 et
1460 1440 1605 1475 nostra
1632 1450 1640 1475 :
1666 1431 1754 1475 imo

368 1500 401 1543 si
423 1500 630 1555 velimus,
671 1509 715 1544 et
741 1510 887 1545 nostra
916 1511 978 1546 est
1005 1521 1015 1545 :
1045 1521 1064 1543 «
1094 1502 1136 1546 Si
1163 1500 1383 1555 dicebam,
1418 1504 1563 1546 Motus
1585 1510 1647 1544 est
1680 1516 1755 1559 pes

370 1588 390 1610 »
426 1585 563 1614 meus.
591 1588 611 1611 »
637 1574 777 1623 Quare
797 1584 964 1625 motus,
989 1571 1069 1615 nisi
1086 1571 1187 1630 quia
1220 1573 1371 1615 meus?
1388 1574 1445 1615 Et
1471 1570 1579 1631 quid
1608 1572 1754 1631 sequi-

370 1642 470 1683 tur?
493 1659 514 1682 «
534 1640 824 1685 Misericordia
858 1650 932 1685 tua
948 1676 958 1696 ,
980 1641 1163 1685 Domine
1178 1676 1188 1696 ,
1215 1640 1450 1701 adjuvabat
1466 1656 1533 1684 me
1549 1644 1581 1684 ².
1610 1659 1630 1681 »
1656 1643 1753 1686 Non

366 1712 502 1757 virtus
538 1726 632 1755 mea
671 1731 680 1756 :
716 1711 792 1756 sed
820 1713 1109 1757 misericordia
1147 1722 1233 1756 tua.
1265 1711 1488 1772 Numquid
1522 1712 1638 1755 enim
1666 1715 1753 1756 Do—

365 1781 508 1825 minus
525 1781 714 1826 deseruit
733 1783 1012 1836 titubantem,
1028 1797 1159 1842 quem
1173 1782 1338 1826 audivit
1351 1783 1655 1826 invocantem?
1670 1782 1752 1825 Ubi

366 1861 429 1894 est
449 1851 560 1896 illud
582 1871 589 1895 :
612 1852 751 1905 «Quis
771 1853 988 1896 invocavit
1004 1856 1162 1906 Deum,
1177 1861 1220 1895 et
1241 1851 1434 1895 desertus
1447 1860 1509 1894 est
1524 1851 1578 1895 ab
1600 1867 1651 1896 eo
1667 1853 1712 1895 3?
1728 1870 1747 1892 υ

368 1921 448 1965 Ubi
478 1931 520 1965 et
550 1919 661 1966 illud
693 1942 701 1966 :
739 1941 758 1963 «
791 1925 847 1966 Et
878 1922 1017 1966 omnis
1052 1922 1128 1981 qui
1160 1921 1424 1966 invocaverit
1465 1936 1633 1978 nomen⁴
1662 1925 1750 1965 Do-

368 2011 387 2034 »
423 1993 553 2048 mini,
590 1992 732 2037 salvus
754 1993 893 2037 erit4?
921 2011 940 2033 »
972 1993 1193 2037 Continuo
1228 1992 1451 2051 porrigens
1485 1992 1751 2053 adjutorium

365 2062 551 2106 dexterae
571 2077 682 2117 suae,
702 2062 862 2107 levavit
881 2071 1164 2121 mergentem,
1182 2062 1421 2120 increpavit
1443 2061 1717 2106 diffidentem
1737 2081 1746 2106 ι

370 2152 389 2173 «
422 2133 608 2177 Modicae
630 2132 754 2186 fidei,
781 2148 914 2192 quare
931 2131 1167 2176 dubitasti?
1193 2150 1211 2173 »
1239 2135 1300 2175 De
1319 2147 1387 2177 me
1410 2131 1746 2191 praesumpsisti,

366 2203 419 2247 de
441 2219 511 2248 me
528 2203 769 2248 dubitasti?

426 2276 502 2317 IX.
532 2274 609 2318 Eia
629 2309 640 2329 ,
666 2273 841 2328 fratres,
877 2288 1017 2316 sermo
1049 2271 1379 2316 concludendus
1411 2281 1488 2315 est.
1525 2272 1749 2316 Attendite

367 2345 574 2389 saeculum
597 2344 719 2404 quasi
741 2360 858 2388 mare
876 2379 886 2398 ,
914 2352 1067 2387 ventus
1087 2342 1254 2387 validus
1273 2378 1284 2397 ,
1310 2352 1352 2386 et
1382 2358 1538 2400 magna
1561 2352 1747 2402 tempes-

369 2424 445 2459 tas,
481 2417 726 2477 Unicuique
755 2431 831 2460 sua
866 2415 1079 2474 cupiditas
1114 2424 1198 2469 est,
1236 2423 1468 2473 tempestas
1502 2424 1579 2457 est.
1619 2417 1748 2457 Amas

414 2563 422 2578 ¹
441 2565 459 2587 ἱ).
477 2559 547 2588 Cor.
573 2568 628 2598 xii,
649 2569 681 2599 9.
704 2575 744 2579 —
765 2564 777 2579 ⁷
798 2557 876 2588 psal.
899 2567 989 2596 xciii,
1013 2556 1061 2588 18.
1082 2572 1122 2577 —
1146 2554 1158 2576 3
1177 2555 1272 2587 Eccli.
1294 2566 1325 2596 ιι,
1354 2564 1403 2586 ιτ).
1431 2572 1470 2577 -
1493 2554 1603 2585 41.)ίέ1.
1629 2566 1663 2591 ιι,
1692 2553 1745 2586 32.
