1898 3178
368 229 448 266 328
794 235 828 264 s.
865 237 1093 264 Aueus‘rrm
1125 238 1304 266 EPISCOPI

372 320 414 348 se
432 319 520 348 esse
543 304 665 358 dixit,
681 303 981 346 seminatorem
1003 303 1261 348 zizaniorum
1279 304 1501 348 inimicum
1525 306 1744 350 hominem

370 376 594 421 diabolum
616 376 805 420 ostendit
823 396 833 432 3
859 384 1026 434 tempus
1045 376 1188 420 messis
1208 411 1218 431 ,
1239 376 1371 419 finem
1395 375 1539 420 saeculi
1557 398 1568 435 3
1593 392 1744 436 agrum

368 463 492 492 suum
512 483 523 501 ,
550 456 689 490 totum
708 445 938 489 mundum.
968 444 1051 490 Sed
1068 447 1175 506 quid
1198 447 1286 490 ait?
1308 466 1326 488 «
1350 450 1401 490 In
1414 456 1610 507 tempore
1629 463 1744 493 mes-

368 536 388 558 »
424 518 477 561 sis
492 516 631 560 dicam
652 516 935 560 messoribus:
952 515 1153 576 Colligite
1170 517 1359 576 primum
1378 517 1536 561 zizania
1555 519 1610 562 ad
1625 534 1746 563 com-

364 607 383 628 »
423 586 669 631 burendum
693 602 740 630 ea
756 622 766 640 ,
787 587 977 631 triticum
1002 596 1146 631 autem
1169 603 1315 631 meum
1332 589 1554 632 recondite
1575 591 1620 633 in
1642 591 1745 634 hor-

364 677 384 698 »
420 673 544 701 reo.»
570 656 683 710 Quid
706 656 916 701 festinatis
936 693 945 710 ‚
967 658 1109 717 inquit
1126 693 1136 712 ,
1163 659 1273 702 servi
1292 658 1384 701 zelo
1404 658 1554 717 pleni?
1576 660 1745 704 Videtis

363 729 521 773 zizania
546 729 659 773 inter
682 728 974 785 trumentum,
998 730 1151 774 videtis
1175 729 1310 774 malos
1333 730 1601 775 Christianos
1629 731 1745 775 inter

367 803 527 857 bonos,
553 800 770 844 eradicare
791 798 922 844 vultis
944 800 1080 844 malos
1103 819 1110 844 :
1132 800 1352 860 quiescite,
1379 816 1468 845 non
1491 810 1553 845 est
1575 810 1746 860 tempus

363 871 523 915 messis.
560 871 736 924 Veniat,
758 880 800 914 et
823 870 1092 914 frumentum
1111 886 1185 914 vos
1208 871 1415 915 inveniat.
1442 870 1559 924 Quid
1583 881 1746 916 stoma-

366 942 587 986 chamini?
615 941 728 995 Quid
752 958 866 1000 aegre
888 942 1077 986 toleratis
1101 940 1236 985 malos
1256 943 1489 1001 permixtos
1518 942 1674 987 bonis?
1696 945 1746 987 In

368 1029 470 1072 agro
492 1013 716 1057 vobiscum
737 1028 826 1056 esse
849 1022 1050 1071 possunt,
1076 1012 1121 1055 in
1143 1013 1300 1057 horreo
1321 1028 1408 1056 non
1428 1022 1571 1056 erunt.

427 1088 484 1128 ΙΙ.
522 1084 663 1129 Nostis
686 1093 830 1127 autem
860 1082 932 1127 illa
951 1084 1031 1127 tria
1056 1084 1259 1128 hesterno
1288 1084 1357 1127 die
1379 1094 1716 1129 commemorata
1735 1120 1746 1140 ‚

368 1155 446 1199 ubi
468 1171 613 1199 semen
638 1171 724 1198 non
744 1154 929 1214 profecit
949 1190 958 1209 ,
986 1157 1097 1198 viam
1113 1191 1122 1209 ,
1145 1155 1235 1198 loca
1254 1171 1427 1209 saxosa,
1451 1154 1545 1199 loca
1559 1156 1746 1214 spinosa,

367 1227 456 1286 ipsa
479 1235 579 1269 sunt
601 1226 776 1269 zizania.
803 1224 933 1269 Aliud
957 1241 1117 1268 nomen
1146 1225 1190 1268 in
1215 1225 1293 1268 alia
1318 1224 1601 1269 similitudine
1624 1240 1750 1270 acce·

368 1307 542 1355 perunt.
570 1297 674 1348 Quia
699 1295 875 1356 quando
898 1294 1197 1339 similitudines
1221 1295 1396 1350 dantur,
1422 1295 1489 1339 vel
1511 1296 1750 1355 proprietas

370 1383 456 1411 non
472 1367 754 1426 exprimitur,
775 1382 852 1425 per
877 1382 945 1409 eas
968 1382 1056 1409 non
1079 1366 1233 1409 veritas
1253 1401 1263 1420 ,
1288 1364 1362 1409 sed
1385 1365 1622 1410 similitudo
1643 1367 1750 1411 veri-

372 1438 466 1481 tatis
485 1439 752 1497 exprimitur.
774 1437 903 1490 Quod
927 1436 1046 1490 dico,
1072 1438 1160 1481 seio
1183 1452 1340 1495 paucos
1362 1435 1619 1481 intellexisse
1639 1457 1647 1482 :
1674 1439 1749 1482 sed

369 1519 545 1568 propter
564 1524 712 1552 omnes
735 1508 967 1568 loquimur.
997 1510 1045 1551 In
1069 1508 1198 1550 rebus
1221 1506 1462 1551 visibilibus
1484 1507 1551 1551 via
1567 1507 1636 1552 via
1657 1517 1747 1563 est,

369 1596 514 1624 saxosa
550 1579 643 1624 loca
677 1580 771 1623 loca
809 1595 953 1622 saxosa
983 1587 1104 1632 sunt,
1143 1578 1314 1637 spinosa
1336 1577 1430 1622 loca
1464 1577 1558 1622 loca
1580 1578 1751 1637 spinosa

366 1660 468 1694 sunt
492 1670 500 1695 ε
527 1650 646 1709 quod
670 1660 769 1693 sunt
788 1685 797 1703 ,
823 1651 906 1693 hoc
922 1658 1051 1704 sunt3
1076 1649 1177 1708 quia
1195 1649 1368 1707 proprie
1389 1649 1685 1692 nominantur.
1699 1652 1752 1705 In

366 1722 584 1782 parabolis
618 1731 761 1764 autem
785 1731 826 1763 et
848 1719 1206 1763 similitudinibus
1227 1728 1497 1778 potest-unam
1508 1734 1573 1777 res
1600 1718 1751 1763 multis

370 1792 618 1836 nominibus
642 1790 848 1850 appellari
878 1810 885 1834 ε
912 1789 1012 1834 ideo
1042 1804 1131 1833 non
1154 1798 1217 1832 est
1243 1789 1533 1847 incongruum
1557 1798 1607 1833 ut
1628 1788 1751 1833 dice-

371 1878 460 1906 rem
480 1862 618 1915 vobis,
645 1862 711 1904 via
729 1861 800 1904 illa
818 1896 828 1915 ,
852 1860 945 1904 loca
962 1859 1034 1903 illa
1053 1874 1216 1914 saxosa,
1233 1859 1303 1902 illa
1324 1860 1494 1918 spinosa
1516 1859 1750 1903 Christiani

369 1934 471 1977 mali
504 1942 632 1986 sunt,
667 1932 745 1991 ipsi
767 1941 868 1975 sunt
895 1940 938 1974 et
965 1930 1138 1974 zizania.
1171 1932 1327 1974 Nonne
1356 1945 1492 1988 agnus
1524 1930 1751 1975 Christus?

372 2020 515 2048 nonne
539 2014 582 2046 et
609 2003 678 2046 leo
702 2003 933 2047 Christus?
964 2004 1082 2044 Inter
1102 2000 1211 2044 feras
1237 2010 1279 2044 et
1304 2016 1457 2058 pecora
1477 2035 1488 2055 ,
1514 2001 1590 2060 qui
1613 2016 1749 2060 agnus

368 2091 504 2133 agnus
520 2109 530 2128 ,
556 2075 632 2133 qui
655 2073 723 2116 leo
745 2072 812 2116 leo
841 2092 849 2116 :
880 2081 1116 2131 utrumque
1141 2071 1352 2115 Christus.
1382 2071 1459 2114 tlta
1481 2071 1650 2130 singula
1672 2087 1749 2131 per

370 2146 673 2205 proprietatem
691 2163 697 2187 :
716 2144 792 2186 ista
805 2152 1039 2200 utrumque
1054 2156 1130 2200 per
1143 2140 1487 2184 similitudinem.
1501 2140 1603 2185 Plus
1618 2142 1745 2185 etiam

368 2227 430 2261 est
456 2215 575 2276 quod
608 2214 783 2266 accidit,
821 2223 868 2258 ut
903 2228 980 2273 per
1001 2212 1329 2256 similitudinem
1351 2213 1540 2257 multum
1563 2229 1586 2256 a
1618 2229 1662 2257 se
1682 2229 1747 2258 res

367 2289 595 2342 distantes,
625 2295 835 2330 vocentur
858 2300 945 2328 uno
968 2283 1158 2327 nomine.
1185 2283 1310 2336 Quod
1341 2284 1455 2326 enim
1491 2292 1578 2327 tam
1616 2283 1748 2328 distat

367 2359 650 2411 abinvicem,
684 2373 812 2416 quam
853 2356 1047 2400 Christus
1075 2365 1117 2399 et
1153 2354 1384 2398 diabotus?
1409 2356 1571 2397 Tamen
1600 2354 1668 2398 leo
1702 2363 1747 2398 et

366 2430 560 2474 Christus
583 2437 645 2471 est
665 2428 904 2488 appellatus
919 2461 930 2481 ,
957 2436 999 2470 et
1021 2425 1232 2469 diabolus.
1255 2425 1450 2470 Christus
1473 2425 1565 2470 leo:
1591 2425 1745 2469 «Vicit

369 2519 388 2539 »
424 2499 517 2550 leo,
542 2498 595 2542 de
618 2499 733 2542 tribu
759 2497 870 2542 Jnda
890 2501 946 2539 ¹.»
972 2496 1176 2541 Diabolus
1199 2496 1282 2540 leo.
1304 2495 1519 2541 «Nescitis
1540 2496 1642 2555 quia
1667 2495 1746 2541 ad-

412 2585 421 2601 ¹
439 2586 535 2623 Apoc.
554 2593 584 2619 v,
604 2584 632 2612 ἦ.
