1898 3178
398 196 482 235 460
823 204 857 233 s.
893 203 1123 233 AUGUSTINI
1158 208 1337 234 nrlscom

395 287 475 332 pro
497 271 674 315 arbitrio
691 270 910 329 suspicari.
933 270 1142 315 Dixerunt
1163 272 1278 315 enim
1304 272 1510 331 Magistro
1540 273 1772 332 Discipuli:
1828 285 1830 301 ¹

400 362 420 384 «
438 345 600 386 Enarra
613 342 735 386 nobis
749 339 1001 400 parabolam
1013 342 1289 386 zizaniorum.
1299 345 1383 386 »Et
1398 344 1614 388 enarravit
1625 345 1777 388 Domi-

393 430 476 458 nus
504 433 512 458 :
536 415 690 457 Semen
713 412 901 466 bonum,
923 412 1051 468 dixit,
1076 412 1154 456 filii
1176 422 1277 458 sunt
1298 413 1421 472 regni
1444 433 1452 458 ;
1478 414 1637 458 zizania
1657 429 1775 470 vero,

394 485 473 528 filii
489 483 606 527 mali.
632 482 736 536 Quis
757 498 806 527 ea
828 483 1086 528 seminavit?
1109 484 1316 528 Inimicus
1339 493 1500 540 autem,
1526 484 1684 545 inquit,
1704 485 1781 546 qui

396 571 445 599 ea
475 554 725 608 seminavit,
758 552 957 599 diabolus
979 564 1056 599 est.
1082 555 1188 608 Quis
1221 563 1285 599 est
1308 557 1435 613 ager?
1457 558 1572 614 Ager
1593 565 1656 601 est
1671 591 1681 611 ‚
1712 557 1782 600 in-

394 625 515 685 quit,
539 624 609 668 hic
632 622 838 669 mundus.
869 627 977 678 Quae
999 634 1062 669 est
1083 624 1262 669 messis?
1281 625 1428 669 Messis
1455 634 1540 679 est,
1573 626 1656 680 ait,
1684 626 1782 670 finis

393 694 556 740 saeculi.
584 695 665 748 Qui
681 704 784 739 sunt
804 710 1009 740 messores
1026 698 1043 737 ‘?
1060 699 1291 750 Messores,
1312 696 1471 754 inquit,
1490 695 1645 754 Angeli
1662 705 1779 741 sunt.

393 765 619 826 Numquid
640 765 787 811 Africa
808 776 872 812 est
889 766 1112 812 mundus?
1133 765 1358 826 Numquid
1392 766 1538 810 messis
1559 767 1644 812 hoc
1665 776 1782 811 tem-

394 839 504 897 pus?
527 839 753 898 Numquid
769 853 933 884 messor
952 840 1181 884 Donatus?
1204 841 1285 882 Per
1307 846 1450 882 totum
1473 838 1624 882 orbem
1646 847 1784 883 terra-

394 924 493 953 rum
515 918 738 968 expectate
758 924 939 954 messem
955 945 966 965 ,
990 924 1067 969 per
1094 918 1235 954 totum
1258 908 1409 954 orbem
1432 917 1647 954 terrarum
1669 924 1784 954 cres-

395 980 478 1023 cite
495 980 540 1023 in
553 995 733 1024 messem
746 1015 756 1035 ‚
778 995 854 1040 per
870 989 1013 1025 totum
1027 980 1179 1024 orbem
1197 989 1412 1024 terrarum
1430 980 1591 1024 zizania
1604 979 1785 1024 tolerate

394 1066 532 1110 usque
545 1049 600 1094 ad
615 1066 812 1096 messem.
838 1054 936 1097 Non
952 1067 1027 1096 vos
1045 1050 1254 1096 seducant
1267 1052 1457 1112 perversi
1476 1071 1486 1108 3
1500 1051 1637 1111 paleae
1655 1051 1784 1095 nimis

394 1123 509 1167 leves
525 1157 536 1177 ‚
562 1137 661 1182 quae
695 1123 868 1168 evolant
902 1133 1002 1168 ante
1046 1122 1283 1167 adventum
1303 1122 1572 1167 ventilatoris
1595 1138 1646 1166 ex
1667 1138 1782 1178 area,

395 1210 484 1238 non
502 1208 577 1237 vos
599 1193 823 1238 seducant.
854 1197 1015 1239 Tenete
1037 1210 1108 1239 eos
1131 1193 1185 1238 ad
1201 1195 1326 1238 istam
1343 1193 1413 1238 vel
1430 1192 1564 1238 solam
1585 1192 1786 1239 similitu-

395 1265 543 1309 dinem
564 1264 826 1309 zizaniorum
848 1299 858 1320 ‚
884 1280 1027 1325 neque
1049 1264 1146 1309 illos
1169 1265 1318 1309 sinatis
1339 1264 1461 1324 loqui
1485 1263 1684 1324 amplius.
1707 1263 1786 1308 Ille

396 1336 564 1381 codices
583 1334 779 1380 tradidit.
806 1338 904 1381 Non
931 1355 940 1381 :
965 1337 1040 1380 sed
1073 1335 1145 1379 ille
1168 1335 1339 1379 codices
1365 1334 1559 1379 tradidit.
1592 1334 1787 1387 Quilibet

396 1406 643 1460 tradiderit,
665 1406 881 1466 numquid
895 1405 1127 1449 infidelitas
1149 1405 1409 1449 traditorum
1432 1403 1566 1448 fidem
1585 1405 1662 1449 Dei
1683 1419 1785 1449 eva-

397 1478 571 1522 cuavit?
601 1480 709 1531 Quae
731 1485 794 1521 est
815 1475 921 1521 fides
945 1477 1053 1520 Dei?
1075 1479 1216 1529 Quam
1250 1476 1448 1535 promisit
1480 1474 1691 1531 Abrahae,
1717 1476 1786 1520 di-

397 1564 497 1593 cens
519 1567 526 1592 :
548 1566 568 1590 «
586 1551 638 1592 In
655 1548 814 1592 semine
827 1556 904 1591 tuo
920 1546 1238 1591 benedicentur
1253 1561 1403 1591 omnes
1422 1555 1570 1604 gentes
1584 1548 1615 1589 ¹.
1639 1563 1659 1587 »
1678 1549 1786 1600 Quae

397 1627 460 1662 cst
481 1617 587 1662 fides
608 1618 714 1662 Dei?
744 1617 878 1661 Sinite
900 1626 1086 1677 utraque
1111 1632 1301 1661 crescere
1333 1632 1472 1677 usque
1500 1616 1555 1660 ad
1585 1631 1782 1662 messem.

397 1693 478 1733 Per
498 1688 605 1748 quid
639 1689 868 1732 crescere?
904 1691 985 1732 Per
1008 1703 1179 1747 agrum.
1215 1688 1332 1741 Quid
1364 1697 1455 1743 est,
1492 1691 1573 1732 Per
1602 1690 1786 1747 agrum?

398 1763 478 1803 Per
498 1758 733 1803 mundum.

455 1831 600 1873 XXII.
620 1829 700 1872 Hic
721 1827 783 1872 illi
811 1828 965 1872 dicunt
985 1846 993 1872 :
1019 1829 1225 1872 Creverat
1245 1826 1423 1887 quidem
1447 1835 1685 1886 utrumque
1709 1843 1786 1887 per

396 1898 628 1953 mundum,
650 1897 725 1942 sed
735 1899 823 1957 jam
837 1898 1056 1941 frumenta
1071 1895 1285 1941 diminuta
1298 1906 1415 1952 sunt,
1432 1905 1474 1940 et
1488 1897 1533 1940 in
1545 1897 1671 1941 istam
1687 1912 1787 1942 nos-

399 1980 508 2014 tram
528 1970 746 2028 regionem
773 1968 1126 2028 paucitatemque
1148 1977 1359 2013 revocata.
1382 1969 1479 2013 Non
1503 1976 1545 2012 te
1575 1969 1785 2026 permittit

399 2041 605 2085 Dominus
647 2040 918 2098 interpretari
958 2038 1078 2098 quod
1111 2039 1187 2082 vis.
1217 2041 1312 2098 Ipse
1349 2038 1425 2097 qui
1462 2038 1641 2098 exponit
1671 2039 1784 2083 hanc

397 2112 647 2173 parabolam
665 2147 676 2168 ‚
696 2111 859 2156 claudit
881 2126 927 2155 os
950 2120 1073 2155 tuum
1087 2145 1098 2166 ,
1125 2126 1171 2155 os
1194 2110 1449 2170 sacrilegum
1469 2145 1480 2165 ,
1500 2125 1546 2154 os
1568 2110 1753 2170 impium
1769 2145 1781 2167 ‚

399 2199 444 2228 os
466 2183 729 2242 profanum,
754 2197 800 2226 os
828 2181 908 2225 tibi
929 2181 1195 2225 contrarium
1212 2216 1222 2236 ‚
1253 2181 1330 2240 qui
1363 2180 1623 2226 contradicis
1652 2189 1785 2225 testa-

399 2254 508 2308 tori,
534 2254 663 2298 etiam
685 2262 728 2297 te
750 2253 805 2296 ad
826 2251 1123 2296 haereditatem
1141 2252 1345 2296 vocanti?
1367 2250 1596 2304 Quomodo
1618 2250 1784 2295 claudit

400 2340 446 2369 os
480 2327 640 2368 tuum?
667 2323 862 2369 Dicendo
887 2343 895 2368 :
925 2342 945 2365 «
976 2323 1110 2368 Sinite
1139 2332 1324 2384 utraque
1348 2338 1538 2368 crescere
1565 2338 1702 2382 usque
1728 2322 1784 2367 ad

405 2412 425 2434 »
460 2410 639 2439 messem
653 2397 684 2439 3.
709 2413 728 2436 »
752 2396 793 2440 Si
811 2396 902 2454 jam
924 2393 1008 2438 fuit
1030 2395 1198 2449 messis,
1219 2394 1443 2439 credamus
1458 2409 1547 2438 esse
1564 2393 1783 2437 frumenta

403 2464 630 2509 diminuta.
657 2468 917 2525 Quanquam
940 2479 994 2507 ne
1017 2473 1120 2508 tunc
1144 2464 1320 2524 quidem
1339 2466 1615 2519 minuentur,
1640 2462 1715 2508 sed
1738 2463 1783 2506 in
1845 2459 1847 2462 ’

449 2550 461 2567 ¹
485 2550 563 2580 Gen.
585 2560 674 2590 xxvr,
693 2549 722 2590 lg.
747 2566 786 2573 -ν
808 2557 820 2572 ²
840 2549 951 2582 Matllr.
967 2560 1034 2590 xm,
1058 2549 1110 2582 30.
