1898 3178
405 233 488 273 484
826 241 858 269 s.
895 239 1123 269 Auctis-rim
1156 242 1335 269 Eptscom

405 315 573 364 Deum,
614 318 659 352 ut
694 307 901 351 moriatur
936 306 1133 350 inimicus
1167 308 1298 350 tuus?
1319 308 1417 351 Non
1455 313 1517 348 cst
1547 305 1674 348 vestis
1705 305 1783 348 ista

404 379 624 440 nuptialis.
659 377 848 422 Attende
883 377 1020 436 ipsum
1047 391 1252 435 sponsum
1289 377 1334 419 in
1357 390 1486 420 cruce
1507 390 1585 434 pro
1609 384 1650 418 te
1672 389 1780 433 pen-

405 452 601 504 dentem,
628 458 669 492 et
690 463 768 507 pro
791 448 877 492 suis
894 447 1077 492 inimicis
1098 450 1269 492 Patrem
1292 456 1516 506 rogantem
1540 465 1548 490 ι
1580 465 1599 487 «
1626 448 1781 499 Pater,

406 541 428 564 n
462 521 604 581 inquit
623 555 634 575 ,
651 520 825 578 ignosce
842 518 925 563 illis
940 553 951 575 ,
972 519 1075 579 quia
1097 519 1298 563 nesciunt
1320 518 1427 578 quid
1449 517 1616 561 faciunt
1632 519 1690 559 ¹.»
1710 516 1785 559 Vi-

404 591 504 636 disti
521 604 727 650 sponsum
749 589 829 633 ista
850 588 1066 633 dicentem
1081 623 1092 643 ,
1114 588 1214 632 vide
1237 597 1279 632 et
1310 588 1494 632 amicum
1519 587 1663 646 sponsi
1685 602 1785 631 cum

402 671 520 707 veste
541 659 725 720 nuptiali
761 660 1006 704 invitatum.
1036 658 1323 703 Benedictum
1350 659 1618 717 Stephanum
1643 666 1786 701 atten-

403 733 508 788 dite,
529 729 751 792 quomodo
766 731 960 790 increpat
978 732 1003 774 J
1007 728 1167 784 udaeos‚
1182 738 1389 788 tanquam
1406 744 1558 782 saevus,
1579 737 1787 787 tanquam

402 804 537 847 iratus
559 822 568 847 ι
594 821 613 843 «
635 805 750 846 Dura
775 801 966 855 cervice,
995 809 1037 844 et
1059 814 1148 844 non
1179 799 1423 844 circumcisi
1442 799 1573 843 corde
1604 808 1647 843 et
1670 798 1787 842 auri·
1851 792 1854 795 v

408 893 428 917 »
462 874 570 929 bus,
606 888 683 917 vos
717 872 928 916 restitistis
958 871 1136 930 Spiritui
1168 880 1332 916 sancto.
1365 873 1504 924 Quem
1547 870 1787 929 Propheta·

406 964 426 986 »
445 960 541 988 rum
553 959 642 988 non
656 941 910 987 occiderunt
925 950 1065 1000 patres
1079 939 1460 985 vest1·i⁶-?»Audisti
1475 938 1697 1000 quomodo
1709 939 1789 983 lin·
1847 939 1850 952 ¹

405 1031 486 1074 gua
505 1014 666 1059 saeviat.
680 1012 836 1057 Adhuc
853 1022 901 1057 tu
918 1020 1089 1071 paratus
1108 1027 1151 1055 es
1166 1011 1309 1055 dicere
1323 1013 1367 1055 in
1383 1011 1639 1072 quemlibet,
1659 1019 1789 1071 atque

403 1087 573 1130 utinam
595 1085 641 1128 in
672 1099 772 1128 eum
793 1083 937 1141 dicas,
968 1083 1044 1143 qui
1070 1086 1209 1127 Deum
1231 1083 1492 1137 offenderit,
1518 1098 1608 1127 non
1630 1082 1705 1142 qui
1728 1091 1784 1126 te.

402 1157 599 1201 Offendit
622 1159 760 1200 Deum
779 1164 822 1199 et
840 1171 930 1200 non
946 1155 1141 1215 increpas
1159 1176 1170 1212 3
1193 1155 1380 1199 offendit
1398 1164 1439 1200 te
1454 1190 1464 1210 ,
1492 1155 1650 1199 clamas
1672 1174 1681 1198 :
1712 1154 1789 1197 ubi

403 1237 467 1272 est
496 1227 622 1271 vestis
645 1225 718 1269 illa
743 1225 981 1285 nuptialis?
1014 1226 1206 1270 Audistis
1230 1241 1332 1284 ergo
1354 1224 1575 1286 quomodo
1607 1224 1790 1269 saevierit

407 1298 652 1357 Stephanus
675 1316 684 1341 ι
711 1295 857 1340 audite
887 1288 1109 1355 quomodo
1132 1295 1343 1340 dilexerit.
1373 1296 1571 1340 Offendit
1593 1311 1664 1340 eos
1682 1310 1790 1354 quos

402 1367 656 1425 increpabat
672 1400 683 1419 ,
713 1364 930 1424 lapidatus
959 1374 1022 1408 est
1045 1366 1098 1408 ab
1122 1365 1194 1407 eis.
1216 1369 1273 1408 Et
1298 1381 1398 1408 cum
1428 1366 1622 1424 undique
1640 1363 1791 1408 furen-

404 1438 515 1482 tium
538 1435 740 1479 manibus
757 1469 768 1489 ,
794 1444 837 1478 et
868 1433 1062 1492 lapidum
1085 1434 1244 1478 ictibus
1267 1443 1535 1493 premeretur
1554 1443 1601 1478 vet
1629 1435 1790 1479 tunde-

405 1517 524 1551 retur
543 1541 553 1560 ,
578 1506 696 1564 prius
719 1505 778 1549 ait
802 1523 811 1548 ε
842 1524 861 1545 «
888 1506 1072 1548 Domine
1094 1506 1197 1547 Jesu
1217 1504 1402 1559 Christe,
1429 1505 1573 1564 accipe
1590 1505 1789 1564 spiritum

407 1596 427 1620 υ
464 1591 625 1620 meum.
655 1593 675 1616 »
700 1575 865 1618 Deinde
895 1583 1175 1633 posteaquam
1205 1589 1284 1633 pro
1314 1590 1358 1618 se
1380 1584 1495 1619 stans
1517 1576 1684 1631 oravit,
1711 1591 1790 1635 pro

404 1647 487 1691 illis
509 1646 583 1706 qui
601 1645 855 1704 lapidabant
876 1659 977 1688 eum
996 1679 1006 1699 ‚
1031 1658 1145 1701 genu
1167 1644 1282 1700 fixit,
1307 1654 1350 1688 et
1367 1644 1473 1690 dixit
1492 1664 1501 1689 ;
1530 1664 1550 1687 «
1574 1646 1757 1691 Domine
1775 1682 1786 1703 ,

408 1736 428 1759 s)
464 1732 519 1760 ne
540 1724 702 1760 statuas
728 1716 785 1758 eis
806 1715 890 1759 hoc
912 1714 1122 1759 delictum
1141 1734 1150 1760 :
1177 1730 1255 1773 ego
1277 1716 1436 1760 moriar
1460 1717 1505 1760 in
1529 1732 1679 1772 earne,
1700 1733 1790 1762 non

408 1807 428 1829 »
463 1787 526 1830 illi
548 1787 593 1830 in
612 1786 756 1830 corde.
771 1788 827 1830 Et
844 1785 927 1829 hoc
942 1784 1058 1829 dicto
1079 1785 1417 1830 obdormivit3.»
1431 1790 1531 1831 Post
1545 1788 1639 1831 haec
1658 1788 1788 1832 verba

405 1858 514 1902 nihil
538 1856 705 1901 addidit
732 1876 740 1901 :
778 1855 914 1910 dixit,
945 1865 988 1899 et
1010 1856 1116 1898 abiit
1140 1875 1149 1898 :
1176 1857 1405 1899 novissima
1434 1857 1524 1915 ejus
1546 1858 1682 1902 oratio
1709 1874 1788 1918 pro

405 1928 588 1971 inimicis
611 1926 709 1969 fuit.
743 1924 903 1969 Discite
923 1924 1085 1968 habere
1108 1934 1268 1969 vestem
1302 1926 1557 1984 nuptialem.
1596 1931 1658 1971 lta
1679 1937 1722 1972 et
1741 1938 1788 1972 tu

404 1998 488 2055 fige
506 2011 645 2055 genua
662 2030 672 2050 ,
707 2004 748 2038 et
778 1993 934 2038 collide
952 1994 1140 2038 frontem
1166 1995 1210 2037 in
1236 2003 1346 2039 terra
1364 2031 1373 2049 ,
1400 2005 1442 2039 et
1466 2012 1712 2041 accessurus
1732 1999 1787 2043 ad

404 2081 594 2110 mensam
613 2064 808 2118 Domini,
826 2063 880 2106 ad
901 2064 1150 2108 convivium
1172 2073 1416 2109 sanctarum
1437 2067 1756 2126 Scripturarum
1772 2104 1782 2123 ,
1820 2050 1824 2096 Ξ

403 2137 493 2181 noli
511 2137 652 2181 dicere
674 2155 682 2179 :
717 2135 759 2180 Si
781 2134 991 2178 moriatur
1021 2134 1221 2179 inimicus
1247 2155 1255 2179 :
1280 2137 1462 2181 Domine
1478 2172 1489 2191 ,
1524 2138 1558 2182 si
1579 2139 1687 2198 quid
1704 2155 1728 2183 a
1744 2149 1786 2184 te
1817 2149 1831 2211 f
1872 2154 1895 2196 Χ,

403 2209 558 2263 merui,
590 2206 739 2252 occide
760 2206 983 2277 inimicum
1007 2221 1167 2250 meum.
1195 2206 1325 2260 Quod
1347 2209 1381 2252 si
1405 2208 1517 2253 forte
1539 2208 1644 2254 dicis
1661 2246 1672 2265 ,
1697 2226 1785 2256 non
1816 2199 1898 2269 tietfflj,

403 2280 526 2324 times
558 2294 613 2322 ne
650 2276 730 2322 tibi
759 2276 1046 2336 respondeat:
1076 2277 1117 2321 Si
1140 2278 1334 2323 occidere
1368 2278 1524 2323 vellem
1561 2280 1783 2325 inimicum
1814 2287 1898 2344 Vhtu]

402 2360 527 2393 tuum
546 2384 556 2403 ,
582 2357 624 2391 te
646 2348 766 2407 prius
783 2347 1022 2391 occiderem
1040 2349 1056 2387 ἶ)
1074 2350 1141 2391 An
1161 2348 1353 2406 gloriaris
1373 2384 1384 2404 ,
1406 2351 1506 2409 quia
1524 2349 1654 2394 modo
1673 2352 1786 2395 invi-
1841 2366 1897 2413 modu

403 2430 516 2463 tatus
532 2419 720 2462 venisti?
742 2418 893 2476 Cogita
913 2453 922 2471 ,
954 2417 1182 2476 paululum
1206 2429 1306 2463 ante
1339 2419 1446 2479 quid
1468 2420 1603 2465 fuisti.
1630 2424 1783 2467 Nonne
1810 2447 1820 2470 ,ι
1839 2430 1864 2476 105
1881 2454 1898 2483 H,

402 2506 470 2534 me
491 2489 822 2549 blasphemasti?
837 2503 982 2533 nonne
996 2504 1063 2532 me
1081 2489 1245 2535 irrisisti
1261 2492 1279 2534 P
1295 2505 1442 2535 nonne
1456 2507 1616 2537 nomen
1637 2503 1789 2537 meum
1809 2479 1820 2548 l
1837 2507 1893 2562 [0ng

449 2576 549 2605 ¹Lue.
571 2573 786 2615 x‹111‚34.-
807 2580 818 2596 ²
840 2577 911 2606 Act.
932 2584 987 2614 vu,
1007 2573 1060 2614 51,
1079 2575 1131 2606 52.
1153 2591 1193 2597 ·-—
1214 2572 1325 2607 ³1bid.
1348 2574 1403 2618 58,
1427 2576 1480 2619 59.
