1898 3178
0 2153 15 2198 ’τῖ’

347 233 485 261 ammo
516 232 676 271 mxxv,
711 233 764 259 DE
796 234 942 262 vnaius
971 232 1138 262 ΜΑΤΤΗ.
1172 234 1265 262 X1x.
1404 223 1483 263 411

110 300 161 344 lit
176 299 300 343 finire
321 314 608 344 aerumnosam
631 299 778 343 vitam.
800 302 912 344 Vera
933 300 1049 344 enim
1067 301 1154 345 vita
1169 300 1240 345 vel
1258 301 1382 346 beata
1396 302 1490 347 haec

110 380 194 425 est,
220 385 320 414 cum
339 385 611 428 resurgemus
629 378 672 413 et
689 385 788 413 eum
811 371 982 415 Christo
1005 371 1293 430 regnabimus.
1317 374 1426 417 Nam
1448 382 1491 417 et

108 441 231 501 impii
261 441 541 485 resurrecturi
574 449 704 496 sunt,
729 441 805 485 sed
835 442 1045 501 inignem
1077 443 1194 487 ituri.
1215 443 1315 488 Vita
1342 443 1490 504 itaque

108 527 199 556 non
220 520 310 567 est,
334 511 416 556 nisi
436 511 577 556 beata.
603 514 660 556 Et
687 512 776 556 vita
808 512 936 557 beata
964 528 1053 557 esse
1087 529 1176 558 non
1212 523 1384 573 potest,
1409 514 1490 559 nisi

108 592 270 631 aeterna
287 617 298 637 ‚
328 582 405 626 ubi
429 592 530 627 sunt
551 581 640 626 dies
661 582 768 627 boni
790 598 870 627 nec
892 583 1035 639 multi,
1052 585 1128 628 sed
1144 601 1272 630 unus.
1297 588 1362 630 Ex
1382 601 1489 631 con—

108 652 337 698 suetudine
358 654 488 714 hujus
513 654 614 699 vitae
643 653 848 714 appellati
873 665 975 699 sunt
998 654 1102 700 dies.
1128 656 1225 701 Dies
1253 655 1327 700 ille
1357 658 1494 702 nescit

109 734 253 773 ortum
271 760 283 781 ‚
318 725 455 770 nescit
478 741 694 770 occasum.
722 724 792 770 Illi
813 725 899 770 diei
921 742 1009 771 non
1031 728 1222 772 succedit
1243 730 1452 774 crastinus
1480 747 1490 775 :

107 796 211 856 quia
233 811 323 843 non
340 795 549 855 praecedit
586 811 686 840 eum
715 797 958 841 hesternus.
992 799 1121 843 Hunc
1140 797 1253 842 diem
1271 834 1281 854 ‚
1311 799 1380 843 vel
1412 800 1491 844 hos

109 866 200 911 dies
216 902 229 923 ‚
253 876 296 911 et
319 867 433 912 hanc
454 867 587 913 vitam
605 903 616 924 ‚
653 877 694 913 et
717 883 863 914 veram
884 868 1018 914 vitam
1049 870 1096 912 in
1117 870 1334 929 promissis
1355 871 1492 915 habe-

106 951 219 982 mus.
244 936 439 998 Alicujus
461 952 561 996 ergo
583 939 722 999 operis
749 953 914 984 merces
941 948 1017 984 est.
1042 941 1086 985 Si
1103 941 1217 984 enim
1249 940 1492 986 mercedem

107 1023 301 1053 amamus
321 1043 332 1065 ‚
352 1009 399 1054 in
433 1025 562 1069 opere
592 1001 682 1055 non
701 1009 953 1056 deficiamus
979 1029 988 1057 :
1013 1019 1057 1059 et
1078 1011 1124 1057 in
1151 1021 1364 1057 aeternum
1392 1026 1492 1057 cum

110 1079 283 1128 Christo
300 1080 592 1138 regnabimus.

109 1249 854 1271 mmmmmmwwmww

1140 1252 1491 1269 wvvwvvwwmum

536 1378 767 1424 SERMO
801 1380 1019 1425 LXXXV
1034 1381 1064 1424 ².

5 1550 10 1569 ’
43 1535 45 1586 Ᾰ
106 1551 169 1593 Β6
189 1549 332 1595 verbis
353 1547 578 1608 Evangelii
595 1550 753 1594 Matth.
774 1567 853 1594 x1x
875 1549 958 1596 :Si
971 1551 1041 1595 vis
1055 1552 1217 1596 venire
1235 1549 1306 1596 ad
1322 1553 1488 1608 vitam,

530 1635 669 1666 serva
689 1618 950 1677 mandata,
976 1630 1065 1665 etc.

165 1782 200 1823 I.
227 1780 506 1823 EVANGELICA
533 1778 684 1833 lectio,
711 1795 811 1839 quae
832 1779 964 1824 modo
995 1780 1219 1839 personuit
1241 1780 1287 1824 in
1312 1781 1489 1826 auribus

44 1835 49 1895 i
105 1850 282 1905 nostris,
300 1849 480 1905 fratres,
503 1847 744 1893 auditorem
771 1850 907 1908 magis
938 1859 1070 1910 atque
1092 1850 1327 1907 factorem,
1357 1868 1490 1912 quam

47 1925 51 1958 ἲ
105 1920 391 1981 expositorem
424 1919 654 1966 desiderat.
680 1920 796 1973 Quid
829 1921 910 1965 hac
942 1920 1040 1965 luce
1076 1920 1231 1965 clarius
1258 1941 1267 1967 :
1298 1941 1318 1964 «
1345 1923 1388 1967 Si
1426 1923 1489 1968 vis

38 1979 51 2024 ',
105 2009 128 2033 ³»
161 1992 309 2036 venire
327 1991 382 2034 ad
398 1991 531 2034 vitam
547 2025 558 2045 ‚
583 2005 704 2035 serva
728 1989 933 2035 mandata
950 1993 1001 2034 ²?
1022 1991 1138 2045 Quid
1160 2006 1260 2050 ergo
1293 1993 1489 2038 dicturus

103 2063 229 2106 sum?
252 2080 272 2102 «
298 2061 341 2105 Si
358 2061 422 2105 vis
442 2061 591 2105 venire
607 2060 662 2104 ad
686 2061 819 2105 vitam
835 2095 846 2115 ‚
871 2076 991 2105 serva
1011 2061 1226 2106 mandata.
1251 2080 1272 2103 »
1297 2063 1404 2117 Quis
1425 2073 1490 2109 est

102 2132 179 2195 qui
200 2130 310 2175 nolit
330 2130 494 2175 vitam?
515 2140 558 2174 et
580 2140 726 2175 tamen
748 2131 845 2192 quis
863 2140 926 2175 est
948 2132 1024 2192 qui
1045 2132 1150 2177 velit
1171 2148 1338 2178 servare
1359 2148 1487 2179 man-

104 2203 238 2247 data?
261 2201 304 2247 Si
337 2200 540 2245 mandata
562 2217 730 2247 servare
752 2218 841 2247 non
862 2202 947 2257 vis,
974 2218 1107 2263 quare
1136 2203 1270 2248 vitam
1297 2204 1487 2261 quaeris?

105 2272 148 2318 Si
170 2271 226 2316 ad
238 2287 347 2332 opus
360 2271 483 2331 piger
504 2287 570 2330 eS,
589 2288 724 2333 quare
740 2273 795 2317 ad
817 2272 1061 2317 mercedem
1078 2272 1284 2319 festinas?
1306 2275 1422 2320 Dixit
1442 2291 1486 2320 se

53 2386 56 2400 ⁴
101 2342 175 2393 ille
219 2342 337 2387 dives
379 2341 626 2387 adolescens
668 2359 854 2391 servasse
895 2343 1129 2403 mandata3
1163 2344 1328 2391 audivit
1368 2363 1484 2407 prae-

102 2423 226 2474 cepta
247 2414 408 2474 majora
428 2435 440 2472 3
476 2432 496 2456 «
530 2414 573 2458 Si
605 2415 669 2458 vis
689 2415 909 2475 perfectus
937 2431 1050 2471 esse,
1075 2431 1214 2460 unum
1236 2416 1318 2461 tibi
1339 2416 1482 2474 deest,

107 2502 126 2526 »
159 2482 296 2540 vade,
331 2484 472 2529 vende
494 2485 638 2529 omnia
671 2501 770 2546 quae
796 2485 956 2542 habes,
981 2496 1024 2530 et
1053 2486 1108 2531 da
1136 2488 1429 2548 pauperibus:
1459 2507 1480 2531 »

150 2586 160 2602 ¹
180 2579 265 2612 Alias
281 2580 321 2613 de
333 2581 488 2623 Tempore
510 2580 587 2614 205.
609 2597 650 2604 -
667 2587 680 2605 ²
699 2581 817 2615 Matth.
835 2592 900 2624 xlx,
925 2592 975 2624 17.
