1898 3178
285 215 368 255 556
716 227 749 253 s.
785 224 1015 253 AUGUSTINJ
1048 225 1229 253 Emscom

283 294 622 352 dispensatorem
639 326 650 346 ,
671 292 757 335 sive
784 300 833 335 ut
855 292 901 334 iu
923 291 1045 336 vobis
1067 292 1187 350 ipsiS,
1208 292 1241 336 si
1265 291 1369 336 tales
1385 291 1634 335 inveneritis
1648 326 1664 346 ,

283 361 666 421 congratulemini,
687 362 775 405 sive
788 361 916 405 etiam
937 362 981 405 in
1002 362 1084 405 hoc
1106 361 1199 420 ipso
1219 361 1508 406 instruamini.
1525 363 1666 413 Quam

282 432 408 477 multi
426 433 538 476 enim
563 432 608 474 in
645 431 728 474 hoc
765 430 930 490 populo
952 431 1091 476 futuri
1113 440 1215 476 sunt
1251 431 1579 491 dispensatores.
1612 433 1667 473 Et

282 518 360 547 nos
375 504 436 546 ibi
458 503 620 545 fuimus
639 501 714 545 ubi
733 502 831 547 estis
858 521 866 546 :
892 510 935 546 et
957 517 1034 546 nos
1057 502 1133 561 qui
1154 500 1351 546 videmur
1371 500 1502 545 inodo
1524 498 1577 544 de
1600 515 1669 543 su-

281 574 448 632 periore
468 572 565 617 loco
586 571 800 617 conservis
828 572 969 616 metiri
991 572 1178 626 cibaria,
1214 580 1314 615 ante
1341 585 1500 630 paucos
1533 584 1670 614 annos

281 644 325 686 in
343 642 546 687 inferiore
563 642 659 687 loco
674 657 773 686 cum
788 643 1004 687 conservis
1021 641 1339 700 accipiebamus
1353 640 1527 685 cibaria.
1546 639 1672 698 Epis·

285 729 418 773 copus
456 714 577 758 laicis
619 713 776 774 loquor
800 731 809 759 :
835 713 910 757 sed
931 714 1031 757 inde
1071 713 1157 757 scio
1188 727 1318 773 quam
1343 710 1491 756 multis
1513 709 1671 754 futuris

283 785 509 844 episcopus
530 784 701 844 loquor.

342 857 393 898 V.
431 858 547 914 Ergo
579 854 803 900 videamus
828 854 1050 915 quomodo
1080 869 1159 898 nos
1193 851 1516 911 intelligamus,
1551 849 1673 911 quod

282 926 486 984 praecepit
507 926 717 970 Dominus
746 926 805 969 eis
835 941 943 984 quos
967 925 1169 969 mittebat
1194 921 1482 981 Evangelium
1511 920 1674 981 praedi-

282 1011 379 1040 care
396 1031 406 1050 ,
432 1005 475 1039 et
497 1005 644 1040 mente
666 1005 860 1054 paratam
893 1009 1074 1039 messem
1095 993 1335 1038 videamus.
1366 1011 1385 1034 «
1410 991 1552 1037 Nolite
1570 1026 1581 1046 ‚
1601 991 1673 1034 in-

286 1084 305 1107 »
341 1066 461 1124 quit,
489 1065 602 1109 ferre
633 1066 857 1110 sacculum
881 1074 955 1109 aut
982 1079 1130 1123 peram
1150 1098 1161 1119 ,
1187 1072 1262 1108 aut
1283 1062 1575 1107 calceamenta
1596 1082 1608 1119 3
1632 1069 1675 1105 et

286 1153 306 1176 n
341 1135 559 1179 neminem
593 1151 670 1195 per
705 1136 818 1179 viam
851 1134 1153 1179 salutaveritis.
1187 1136 1243 1177 Et
1274 1133 1318 1176 in
1349 1146 1674 1192 quamcumque

287 1224 306 1246 »
342 1206 522 1249 domum
545 1205 820 1260 intraveritis,
841 1203 972 1248 dicite
992 1224 1000 1249 ε
1029 1208 1118 1248 Pax
1134 1203 1237 1248 huic
1259 1202 1425 1247 domui,
1449 1203 1492 1246 Si
1514 1200 1675 1246 estillic

343 1275 455 1319 filius
476 1275 593 1334 pacis
609 1310 619 1330 ,
646 1275 886 1334 requiescet
907 1289 1036 1333 super
1059 1273 1184 1318 illum
1208 1288 1289 1333 pax
1306 1281 1447 1317 vestra
1473 1291 1481 1316 :
1507 1272 1539 1316 si
1557 1286 1675 1331 quo·-

287 1364 305 1386 »
342 1346 510 1399 minus,
545 1344 600 1388 ad
636 1360 709 1389 vos
731 1346 1014 1388 revertetur1.
1044 1362 1064 1385 »
1092 1345 1135 1389 Si
1168 1343 1407 1403 requievit,
1445 1340 1672 1401 perdidit?

284 1417 409 1461 Absit
424 1418 508 1461 hoc
526 1432 548 1460 a
566 1425 713 1460 mente
734 1425 997 1459 sanctorum.
1015 1417 1132 1472 Ergo
1145 1428 1224 1457 nec
1243 1411 1353 1456 illud
1371 1412 1674 1470 accipiendum

284 1497 346 1531 est
368 1486 597 1531 carnaliter
624 1506 632 1530 :
660 1501 708 1530 ac
729 1501 806 1545 per
835 1487 917 1529 hoc
946 1484 1057 1529 forte
1080 1499 1160 1527 nec
1200 1498 1372 1537 saccus,
1402 1497 1481 1525 nec
1515 1481 1676 1526 calcea-

283 1565 429 1601 menta
446 1591 456 1611 ,
493 1571 574 1599 nec
598 1570 723 1615 pera,
757 1556 1032 1613 maximeque
1066 1552 1178 1596 illud
1209 1553 1287 1596 ubi
1321 1551 1469 1606 nobis,
1506 1552 1540 1594 si
1570 1552 1674 1594 sim-

283 1626 450 1685 pliciter
486 1627 577 1669 sine
610 1625 875 1669 discussione
894 1658 905 1677 ,
943 1623 1203 1682 accipiamus
1221 1657 1232 1676 ,
1270 1621 1472 1681 superbia
1504 1620 1676 1666 videtur

284 1696 482 1755 imposita
500 1716 511 1752 3
537 1710 591 1739 ne
609 1708 878 1754 quemquam
901 1694 946 1737 in
960 1693 1028 1738 via
1049 1692 1300 1736 salutemus

342 1768 416 1809 vl.
434 1764 720 1809 Attendamus
737 1763 973 1808 Dominum
987 1771 1185 1808 nostrum
1204 1761 1451 1821 exemplum
1464 1775 1616 1806 verum
1631 1769 1674 1804 et

284 1836 562 1894 adjutorium.
581 1835 822 1878 Probemus
836 1834 936 1893 quia
951 1831 1234 1892 adjutorium.
1246 1851 1266 1873 «
1279 1833 1378 1876 Sine
1393 1846 1463 1874 me
1477 1830 1585 1874 nihil
1599 1845 1674 1890 po-

287 1926 306 1947 »
332 1907 447 1950 testis
466 1905 606 1950 facere
616 1908 647 1948 2.
658 1905 925 1949 »Probemus
938 1904 1040 1963 quia
1055 1902 1304 1961 exemplum
1321 1921 1329 1946 2
1346 1921 1365 1943 «
1383 1902 1578 1947 Christus
1592 1917 1671 1960 pro

287 1996 306 2018 »
324 1977 449 2021 nobis
462 1992 608 2036 passus
622 1979 861 2031 est,Petrus
874 1974 994 2030 dicit,
1007 1974 1132 2019 nobis
1144 1972 1395 2032 relinquens
1407 1972 1670 2031 exemplum,

288 2066 306 2087 n
327 2056 374 2092 ut
385 2062 618 2107 sequamur
632 2046 810 2104 vestigia
824 2045 957 2104 ejus3.
972 2063 992 2085 »
1014 2047 1110 2104 Ipse
1125 2043 1335 2088 Dominus
1351 2052 1496 2086 noster
1509 2042 1672 2087 loculos

284 2117 438 2161 habuit
452 2118 497 2160 in
512 2117 596 2169 via,
615 2126 659 2160 et
674 2116 787 2175 ipsos
800 2113 967 2159 loculos
982 2117 1006 2158 J
1011 2113 1109 2158 udae
1122 2113 1517 2158 commendaverat.
1532 2113 1673 2156 Patie-

289 2188 417 2230 batur
427 2186 606 2246 quidem
621 2184 777 2230 furem:
802 2185 877 2228 sed
889 2198 967 2242 ego
978 2183 1196 2228 aDomino
1208 2198 1306 2228 meo
1317 2183 1480 2227 discere
1493 2182 1672 2242 cupiens

286 2258 399 2311 dico,
421 2258 619 2311 Domine,
641 2255 874 2315 patiebaris
896 2254 1060 2309 furem,
1083 2253 1200 2297 unde
1218 2254 1410 2297 habebas
1441 2251 1558 2296 unde
1587 2251 1673 2296 tol—

287 2327 421 2370 leret?
442 2330 513 2371 Me
553 2326 772 2371 hominem
798 2325 1000 2369 miserum
1024 2333 1066 2368 et
1104 2324 1325 2367 infirmum
1361 2323 1566 2367 monuisti
1589 2337 1670 2366 nec

286 2396 505 2440 sacculum
531 2405 703 2455 portare
725 2415 734 2440 ε
757 2404 806 2439 tu
827 2394 1005 2454 portasti
1026 2392 1214 2449 loculos,
1247 2402 1289 2437 et
1311 2401 1402 2436 erat
1429 2392 1505 2436 ubi
1528 2390 1670 2435 furem

287 2466 504 2524 patereris.
525 2467 567 2510 Si
584 2481 670 2510 non
687 2475 896 2525 portares,
910 2479 990 2508 nec
1008 2462 1078 2507 ille
1093 2463 1307 2507 inveniret
1326 2462 1446 2522 quod
1462 2460 1666 2506 auferret.

285 1294 295 1316 )

297 1295 305 1315 υ

334 2558 341 2574 ¹
371 2553 434 2582 Luc
465 2561 508 2591 ix,
531 2549 605 2591 4-6.
630 2567 669 2573 —-
690 2558 701 2573 ²
721 2553 811 2582 Joan.
833 2561 888 2589 xv,
910 2549 939 2583 5.
957 2565 997 2571 —
1024 2546 1036 2570 3
1063 2560 1072 2579 ι
1100 2551 1183 2580 Pctr.
1206 2559 1241 2589 n,
1260 2558 1314 2580 21.

1834 3128 1835 3140 1

1832 3147 1845 3178 ii
