1898 3178
428 193 483 236 42
868 203 902 235 s.
938 200 1170 235 Aucus-nm
1200 205 1384 235 zrxscom

425 272 558 316 ritum
574 271 830 328 Cyrenensis
846 271 975 331 hujus
997 285 1205 330 magnum
1221 285 1530 317 commemoras
1547 306 1558 328 ‚
1584 272 1687 333 quia
1703 273 1805 321 tulit
1867 267 1870 320 ἶ

424 356 599 387 crucem
616 342 802 396 Domini,
820 350 863 385 et
879 340 1035 386 Afrum
1051 341 1172 387 dicis.
1188 341 1418 387 Orientalis
1435 351 1512 388 est.
1528 342 1667 401 Lybia
1688 345 1806 390 enim
1867 385 1870 406 ‚

422 412 598 457 duobus
617 413 756 457 modis
775 410 955 468 dicitur,
979 410 1048 457 vel
1069 412 1149 457 ista
1166 427 1265 473 quae
1281 412 1455 472 proprie
1475 413 1622 458 Africa
1638 422 1717 470 est,
1735 414 1804 459 vel
1867 439 1877 460 κ

422 483 496 528 illa
528 483 715 527 Orientis
736 496 833 541 pars
848 517 860 538 ‚
897 498 998 542 quae
1019 483 1224 542 contigua
1251 491 1315 527 est
1335 482 1493 527 Africae
1509 517 1520 539 ‚
1545 491 1589 527 et
1625 483 1804 528 omnino
1866 510 1868 542 ς

421 553 726 599 collimitanea.
755 553 838 598 Sed
859 551 964 598 Aser
983 552 1115 598 fuerit
1134 553 1408 611 Cyrenensis.
1435 555 1619 598 Beatum
1649 563 1800 613 putas,
1866 555 1867 591 l

420 623 540 685 quod
561 623 807 682 angariatus
828 638 1002 668 crucem
1018 624 1198 669 tulerit?
1219 627 1394 677 Quanto
1420 623 1575 668 melius
1603 622 1715 669 forte
1732 624 1802 668 di-
1864 641 1867 676 i

419 702 536 738 ceret
558 693 665 739 alius
693 695 739 738 in
775 695 1036 740 Arimathaea
1073 694 1325 739 remansisse
1346 693 1584 738 Ecclesiam
1610 694 1803 740 Christi?
1864 698 1867 754 ζ

419 764 530 817 Quia
545 767 570 808 J
574 765 706 824 oseph
719 763 793 809 ille
814 765 932 809 dives
952 765 1006 809 ab
1024 765 1328 819 Arimathaea¹‚
1351 765 1515 808 habens
1536 773 1636 809 ante
1653 763 1802 809 oculos
1864 776 1865 815 ζ

419 850 600 893 regnum
624 836 722 891 Dei,
754 851 844 880 non
866 836 1133 895 angariatus,
1159 850 1250 880 non
1283 844 1458 880 coactus
1480 836 1599 879 venit
1621 836 1677 879 ad
1698 850 1802 880 cru-

419 921 514 950 cem
532 907 705 950 Domini
731 925 739 951 :
765 922 865 951 cum
889 907 1033 951 caeteri
1047 905 1353 961 formidarent,
1377 905 1506 965 petiit
1525 921 1548 950 a
1571 905 1712 950 Pilato
1732 920 1802 950 se-
1862 907 1864 955 ἒ

417 976 670 1035 peliendum
695 992 851 1036 corpus
879 976 1074 1031 Domini,
1099 978 1153 1020 de
1175 977 1293 1034 ligno
1313 975 1537 1035 deposuit,
1570 976 1804 1020 obsecutus

418 1056 481 1090 est
501 1045 645 1090 funeri
664 1081 675 1101 ‚
697 1047 743 1090 in
761 1047 959 1106 sepulcro
983 1046 1181 1091 condidit
1194 1081 1205 1101 ,
1225 1045 1427 1090 laudatus
1449 1055 1513 1090 est
1533 1047 1580 1090 in
1600 1048 1803 1105 Evange-
1860 1041 1863 1094 ,ἶ

417 1116 490 1159 lio.
518 1117 629 1168 Quia
647 1131 749 1173 ergo
764 1117 818 1158 de
840 1118 1102 1160 Arimathaea
1133 1117 1219 1158 fuit
1244 1117 1324 1160 iste
1340 1117 1438 1175 pius
1469 1125 1643 1166 tantum
1678 1117 1803 1160 exhi·
1860 1124 1862 1148 Ξ

417 1185 525 1229 bens
547 1184 808 1244 obsequium
830 1184 1002 1243 corpori
1026 1184 1198 1228 Domini
1216 1219 1227 1239 ,
1251 1185 1295 1227 in
1314 1186 1577 1229 Arimathaea
1597 1187 1803 1230 remansit

416 1254 641 1300 Ecclesia?
668 1258 757 1298 Aut
792 1255 825 1297 si
847 1255 982 1313 magis
1003 1269 1079 1298 vos
1113 1254 1302 1298 delectat
1335 1256 1606 1313 angariatus,
1637 1255 1683 1300 id
1711 1265 1799 1310 est,

417 1326 492 1384 qui
510 1324 677 1381 cogitur
700 1322 851 1387 toll—ere
872 1338 1047 1368 crucem
1071 1344 1082 1381 3
1106 1332 1223 1368 recte
1244 1339 1349 1383 ergo
1377 1325 1546 1370 faciunt
1566 1326 1802 1386 imperato·
1871 1349 1875 1353 -

417 1410 482 1439 res
504 1394 703 1439 catholici
721 1429 731 1450 ‚
754 1395 829 1454 qui
851 1409 926 1439 vos
948 1403 1112 1453 cogunt
1130 1393 1185 1438 ad
1204 1394 1435 1439 unitatem.

418 1562 486 1578 ΝΙΛΑ
490 1562 628 1579 mm
632 1554 1733 1579 wmwmwwmummmwmwuwmvmmmmmwmmmwm
1737 1564 1803 1580 ἏΜ

861 1686 1091 1734 SERMO
1128 1688 1304 1734 XLVII
1323 1687 1353 1734 ².

415 1851 478 1893 De
508 1847 662 1892 ovibus
679 1882 690 1902 ‚
725 1848 770 1890 in
799 1846 1001 1891 Ezechiel
1021 1863 1116 1907 cap.
1142 1866 1296 1893 xxxw.
1323 1848 1377 1892 ab
1404 1847 1488 1892 illis
1523 1849 1665 1895 verbis
1690 1868 1701 1895 z
1732 1849 1803 1895 Et

474 1933 557 1962 vos
578 1933 686 1962 oves
701 1932 818 1962 mese
838 1927 920 1962 ete.
948 1934 1086 1978 usque
1100 1915 1150 1963 E
1154 1927 1171 1962 t
1195 1934 1282 1981 ego
1299 1928 1477 1976 vester,
1496 1917 1612 1965 dicit
1633 1913 1801 1966 Domi-

473 2003 560 2033 nus
585 1986 733 2042 Deus.
760 1990 921 2033 Contra
938 1988 1198 2033 Donatistas.

472 2160 506 2200 Ι.
529 2159 675 2201 VERBA
693 2172 792 2217 quae
809 2157 1099 2211 cantavimus,
1125 2157 1352 2201 continent
1368 2154 1681 2215 professionem
1699 2172 1797 2203 nos-

413 2237 537 2282 tram,
555 2228 658 2287 quia
675 2241 775 2271 oves
791 2227 867 2270 Dei
891 2241 1039 2271 sumus
1061 2241 1166 2271 :nec
1188 2227 1438 2285 importune
1459 2228 1678 2286 poscimus
1693 2243 1794 2273 cum
1826 2220 1849 2287 ’-

409 2298 612 2355 lacrymis
633 2303 722 2354 ejus
743 2297 1081 2342 misericordiam
1099 2333 1110 2353 ,
1135 2298 1258 2357 cujus
1285 2312 1385 2341 oves
1408 2313 1573 2342 sumus.
1599 2299 1791 2344 Diximus

412 2368 554 2412 enim:
575 2387 595 2410 «
613 2368 836 2413 Ploremus
857 2377 958 2412 ante
979 2368 1231 2423 Dominum,
1248 2368 1323 2428 qui
1340 2367 1444 2413 fecit
1466 2383 1569 2420 nos;
1588 2369 1797 2428 quoniam
1844 2404 1847 2432 :

414 2455 435 2479 »
469 2437 560 2496 ipse
580 2445 643 2480 est
666 2438 874 2482 Dominus
896 2440 1010 2482 Deus
1030 2439 1218 2482 noster3.
1243 2455 1264 2479 »
1285 2440 1348 2483 Ne
1369 2438 1599 2498 quisquam
1619 2438 1793 2498 plorans
1844 2455 1845 2460 ¹

413 2573 417 2575 ‚
460 2540 470 2557 ¹
489 2533 602 2565 Matth.
620 2543 720 2576 xxvxi,
736 2533 788 2577 57.
811 2551 850 2559 --
867 2541 880 2558 ²
895 2534 981 2569 Alias
998 2534 1031 2567 in
1048 2538 1125 2567 tom.
1139 2545 1184 2568 ix.
1201 2551 1241 2558 —-
1269 2533 1282 2559 3
1299 2534 1380 2568 Psal.
1401 2545 1480 2576 xcw,
1499 2535 1534 2577 6,
1558 2546 1590 2576 7.
