<?xml version="1.0" encoding="UTF-8"?>
<!DOCTYPE html PUBLIC "-//W3C//DTD XHTML 1.0 Transitional//EN"
    "http://www.w3.org/TR/xhtml1/DTD/xhtml1-transitional.dtd">
<html xmlns="http://www.w3.org/1999/xhtml" xml:lang="en" lang="en">
 <head>
  <title>
</title>
<meta http-equiv="Content-Type" content="text/html;charset=utf-8" />
  <meta name='ocr-system' content='tesseract 3.04.00' />
  <meta name='ocr-capabilities' content='ocr_page ocr_carea ocr_par ocr_line ocrx_word'/>
</head>
<body>
  <div class='ocr_page' id='page_1' title='image "./operaomniaaccura18auguuoft_0137.png"; bbox 0 0 1898 3178; ppageno 0'>
   <div class='ocr_carea' id='block_1_1' title="bbox 0 0 16 496">
    <p class='ocr_par' dir='ltr' id='par_1_1' title="bbox 0 0 16 496">
     <span class='ocr_line' id='line_1_1' title="bbox 0 0 11 177; baseline 0 -30"><span class='ocrx_word' id='word_1_1' title='bbox 0 0 11 177; x_wconf 60' lang='lat' dir='ltr'>i</span> 
     </span>
     <span class='ocr_line' id='line_1_2' title="bbox 6 182 16 496; baseline 0 0"><span class='ocrx_word' id='word_1_2' title='bbox 6 182 16 496; x_wconf 60' lang='lat' dir='ltr'>i</span> 
     </span>
    </p>
   </div>
   <div class='ocr_carea' id='block_1_2' title="bbox 279 231 1478 283">
    <p class='ocr_par' dir='ltr' id='par_1_2' title="bbox 279 231 1478 283">
     <span class='ocr_line' id='line_1_3' title="bbox 279 231 1478 283; baseline -0.003 -10"><span class='ocrx_word' id='word_1_3' title='bbox 279 246 417 274; x_wconf 70' lang='grc' dir='ltr'>5ΕῆΜο</span> <span class='ocrx_word' id='word_1_4' title='bbox 448 245 520 283; x_wconf 87' lang='lat' dir='ltr'>LI,</span> <span class='ocrx_word' id='word_1_5' title='bbox 554 244 609 270; x_wconf 79' lang='lat' dir='ltr'>m:</span> <span class='ocrx_word' id='word_1_6' title='bbox 639 241 873 272; x_wconf 74' lang='lat' dir='ltr'>CONCORDIA</span> <span class='ocrx_word' id='word_1_7' title='bbox 906 241 1071 272; x_wconf 69' lang='grc' dir='ltr'><strong>ΜΑΤΤΗ.</strong></span> <span class='ocrx_word' id='word_1_8' title='bbox 1110 243 1162 270; x_wconf 85' lang='lat' dir='ltr'>ET</span> <span class='ocrx_word' id='word_1_9' title='bbox 1194 243 1290 270; x_wconf 74' lang='lat' dir='ltr'>Lcc.</span> <span class='ocrx_word' id='word_1_10' title='bbox 1395 231 1478 270; x_wconf 77' lang='lat'>127</span> 
     </span>
    </p>
   </div>
   <div class='ocr_carea' id='block_1_3' title="bbox 85 307 1486 2203">
    <p class='ocr_par' dir='ltr' id='par_1_3' title="bbox 90 307 1484 791">
     <span class='ocr_line' id='line_1_4' title="bbox 93 307 1478 368; baseline -0.004 -13"><span class='ocrx_word' id='word_1_11' title='bbox 93 310 218 355; x_wconf 85' lang='lat' dir='ltr'>ducis</span> <span class='ocrx_word' id='word_1_12' title='bbox 248 311 452 355; x_wconf 80' lang='lat' dir='ltr'>uxorem?</span> <span class='ocrx_word' id='word_1_13' title='bbox 489 307 787 368; x_wconf 89' lang='lat' dir='ltr'>Responderet</span> <span class='ocrx_word' id='word_1_14' title='bbox 818 310 896 353; x_wconf 88' lang='lat' dir='ltr'>tibi</span> <span class='ocrx_word' id='word_1_15' title='bbox 924 309 1105 354; x_wconf 87' lang='lat' dir='ltr'>fortasse</span> <span class='ocrx_word' id='word_1_16' title='bbox 1127 307 1478 352; x_wconf 82' lang='lat' dir='ltr'>verecundatus:</span> 
     </span>
     <span class='ocr_line' id='line_1_5' title="bbox 95 377 1482 440; baseline -0.002 -15"><span class='ocrx_word' id='word_1_17' title='bbox 95 384 276 440; x_wconf 83' lang='lat' dir='ltr'>Propter</span> <span class='ocrx_word' id='word_1_18' title='bbox 296 379 423 424; x_wconf 86' lang='lat' dir='ltr'>filios.</span> <span class='ocrx_word' id='word_1_19' title='bbox 447 378 491 424; x_wconf 89' lang='lat' dir='ltr'>Si</span> <span class='ocrx_word' id='word_1_20' title='bbox 513 379 608 438; x_wconf 90' lang='lat' dir='ltr'>quis</span> <span class='ocrx_word' id='word_1_21' title='bbox 623 378 663 422; x_wconf 91' lang='lat' dir='ltr'>ei</span> <span class='ocrx_word' id='word_1_22' title='bbox 680 378 866 434; x_wconf 90' lang='lat' dir='ltr'>diceret,</span> <span class='ocrx_word' id='word_1_23' title='bbox 890 379 962 423; x_wconf 90' lang='lat' dir='ltr'>cui</span> <span class='ocrx_word' id='word_1_24' title='bbox 985 380 1075 424; x_wconf 90' lang='lat' dir='ltr'>sine</span> <span class='ocrx_word' id='word_1_25' title='bbox 1100 377 1190 423; x_wconf 84' lang='lat' dir='ltr'>ulla</span> <span class='ocrx_word' id='word_1_26' title='bbox 1206 377 1482 422; x_wconf 80' lang='lat' dir='ltr'>dubitatione</span> 
     </span>
     <span class='ocr_line' id='line_1_6' title="bbox 93 446 1481 504; baseline -0.004 -9"><span class='ocrx_word' id='word_1_27' title='bbox 93 449 287 495; x_wconf 90' lang='lat' dir='ltr'>crederet</span> <span class='ocrx_word' id='word_1_28' title='bbox 305 468 314 494; x_wconf 77' lang='grc' dir='ltr'>ε</span> <span class='ocrx_word' id='word_1_29' title='bbox 333 453 490 494; x_wconf 91' lang='lat' dir='ltr'>Potens</span> <span class='ocrx_word' id='word_1_30' title='bbox 513 458 577 493; x_wconf 81' lang='lat' dir='ltr'>est</span> <span class='ocrx_word' id='word_1_31' title='bbox 601 447 705 493; x_wconf 86' lang='lat' dir='ltr'>dare</span> <span class='ocrx_word' id='word_1_32' title='bbox 725 448 830 504; x_wconf 90' lang='lat' dir='ltr'>tibi,</span> <span class='ocrx_word' id='word_1_33' title='bbox 855 457 899 493; x_wconf 87' lang='lat' dir='ltr'>et</span> <span class='ocrx_word' id='word_1_34' title='bbox 921 449 1099 493; x_wconf 89' lang='lat' dir='ltr'>omnino</span> <span class='ocrx_word' id='word_1_35' title='bbox 1121 447 1245 492; x_wconf 89' lang='lat' dir='ltr'>dabit</span> <span class='ocrx_word' id='word_1_36' title='bbox 1268 446 1350 492; x_wconf 87' lang='lat' dir='ltr'>tibi</span> <span class='ocrx_word' id='word_1_37' title='bbox 1366 450 1481 491; x_wconf 89' lang='lat' dir='ltr'>Deus</span> 
     </span>
     <span class='ocr_line' id='line_1_7' title="bbox 92 517 1480 579; baseline -0.002 -15"><span class='ocrx_word' id='word_1_38' title='bbox 92 520 204 565; x_wconf 84' lang='lat' dir='ltr'>filios</span> <span class='ocrx_word' id='word_1_39' title='bbox 218 554 231 575; x_wconf 95' lang='lat'>,</span> <span class='ocrx_word' id='word_1_40' title='bbox 251 519 382 564; x_wconf 90' lang='lat' dir='ltr'>etiam</span> <span class='ocrx_word' id='word_1_41' title='bbox 402 534 493 565; x_wconf 90' lang='lat' dir='ltr'>non</span> <span class='ocrx_word' id='word_1_42' title='bbox 510 519 712 579; x_wconf 88' lang='lat' dir='ltr'>operanti</span> <span class='ocrx_word' id='word_1_43' title='bbox 733 533 843 578; x_wconf 88' lang='lat' dir='ltr'>opus</span> <span class='ocrx_word' id='word_1_44' title='bbox 859 517 971 564; x_wconf 87' lang='lat' dir='ltr'>illud</span> <span class='ocrx_word' id='word_1_45' title='bbox 991 534 1091 563; x_wconf 91' lang='lat' dir='ltr'>cum</span> <span class='ocrx_word' id='word_1_46' title='bbox 1112 533 1246 564; x_wconf 80' lang='lat' dir='ltr'>uxore</span> <span class='ocrx_word' id='word_1_47' title='bbox 1261 536 1270 563; x_wconf 91' lang='lat'><strong>:</strong></span> <span class='ocrx_word' id='word_1_48' title='bbox 1287 517 1351 562; x_wconf 92' lang='lat' dir='ltr'>ibi</span> <span class='ocrx_word' id='word_1_49' title='bbox 1362 526 1480 562; x_wconf 88' lang='lat' dir='ltr'>certe</span> 
     </span>
     <span class='ocr_line' id='line_1_8' title="bbox 92 587 1484 650; baseline -0.002 -15"><span class='ocrx_word' id='word_1_50' title='bbox 92 588 443 646; x_wconf 80' lang='lat' dir='ltr'>concluderetur,</span> <span class='ocrx_word' id='word_1_51' title='bbox 454 599 585 650; x_wconf 90' lang='lat' dir='ltr'>atque</span> <span class='ocrx_word' id='word_1_52' title='bbox 601 587 939 650; x_wconf 87' lang='lat' dir='ltr'>fatereturquod</span> <span class='ocrx_word' id='word_1_53' title='bbox 948 604 1038 634; x_wconf 91' lang='lat' dir='ltr'>non</span> <span class='ocrx_word' id='word_1_54' title='bbox 1049 598 1227 649; x_wconf 87' lang='lat' dir='ltr'>propter</span> <span class='ocrx_word' id='word_1_55' title='bbox 1243 587 1354 634; x_wconf 83' lang='lat' dir='ltr'>filios</span> <span class='ocrx_word' id='word_1_56' title='bbox 1368 603 1484 649; x_wconf 85' lang='lat' dir='ltr'>quae-</span> 
     </span>
     <span class='ocr_line' id='line_1_9' title="bbox 90 659 1484 719; baseline -0.001 -14"><span class='ocrx_word' id='word_1_57' title='bbox 90 660 215 706; x_wconf 89' lang='lat' dir='ltr'>rebat</span> <span class='ocrx_word' id='word_1_58' title='bbox 245 676 440 706; x_wconf 81' lang='lat' dir='ltr'>uxorem.</span> <span class='ocrx_word' id='word_1_59' title='bbox 486 660 760 707; x_wconf 87' lang='lat' dir='ltr'>Confiteatur</span> <span class='ocrx_word' id='word_1_60' title='bbox 793 675 896 718; x_wconf 88' lang='lat' dir='ltr'>ergo</span> <span class='ocrx_word' id='word_1_61' title='bbox 921 660 1221 705; x_wconf 85' lang='lat' dir='ltr'>infirmitatem</span> <span class='ocrx_word' id='word_1_62' title='bbox 1255 679 1265 706; x_wconf 81' lang='lat'>2</span> <span class='ocrx_word' id='word_1_63' title='bbox 1298 659 1484 719; x_wconf 88' lang='lat' dir='ltr'>accipiat</span> 
     </span>
     <span class='ocr_line' id='line_1_10' title="bbox 90 729 1002 791; baseline 0 -16"><span class='ocrx_word' id='word_1_64' title='bbox 90 732 213 791; x_wconf 87' lang='lat' dir='ltr'>quod</span> <span class='ocrx_word' id='word_1_65' title='bbox 230 730 376 777; x_wconf 86' lang='lat' dir='ltr'>officio</span> <span class='ocrx_word' id='word_1_66' title='bbox 397 746 442 776; x_wconf 92' lang='lat' dir='ltr'>se</span> <span class='ocrx_word' id='word_1_67' title='bbox 464 731 660 791; x_wconf 90' lang='lat' dir='ltr'>accipere</span> <span class='ocrx_word' id='word_1_68' title='bbox 680 729 1002 791; x_wconf 71' lang='lat' dir='ltr'>praetendebat.</span> 
     </span>
    </p>

    <p class='ocr_par' dir='ltr' id='par_1_4' title="bbox 85 800 1486 2203">
     <span class='ocr_line' id='line_1_11' title="bbox 149 800 1482 861; baseline -0.002 -15"><span class='ocrx_word' id='word_1_69' title='bbox 149 803 289 847; x_wconf 83' lang='lat' dir='ltr'>XXV.</span> <span class='ocrx_word' id='word_1_70' title='bbox 327 802 396 847; x_wconf 91' lang='lat' dir='ltr'>Sic</span> <span class='ocrx_word' id='word_1_71' title='bbox 416 801 480 846; x_wconf 91' lang='lat' dir='ltr'>illi</span> <span class='ocrx_word' id='word_1_72' title='bbox 501 802 665 861; x_wconf 84' lang='lat' dir='ltr'>priores</span> <span class='ocrx_word' id='word_1_73' title='bbox 685 802 823 847; x_wconf 89' lang='lat' dir='ltr'>sancti</span> <span class='ocrx_word' id='word_1_74' title='bbox 839 837 850 857; x_wconf 93' lang='lat'>,</span> <span class='ocrx_word' id='word_1_75' title='bbox 875 802 1074 847; x_wconf 90' lang='lat' dir='ltr'>homines</span> <span class='ocrx_word' id='word_1_76' title='bbox 1095 801 1201 857; x_wconf 87' lang='lat' dir='ltr'>Dei,</span> <span class='ocrx_word' id='word_1_77' title='bbox 1221 800 1335 846; x_wconf 86' lang='lat' dir='ltr'>filios</span> <span class='ocrx_word' id='word_1_78' title='bbox 1356 815 1482 860; x_wconf 84' lang='lat' dir='ltr'>quae-</span> 
     </span>
     <span class='ocr_line' id='line_1_12' title="bbox 90 871 1483 933; baseline -0.001 -17"><span class='ocrx_word' id='word_1_79' title='bbox 90 872 262 928; x_wconf 86' lang='lat' dir='ltr'>rebant,</span> <span class='ocrx_word' id='word_1_80' title='bbox 273 872 385 918; x_wconf 89' lang='lat' dir='ltr'>filios</span> <span class='ocrx_word' id='word_1_81' title='bbox 399 873 616 933; x_wconf 88' lang='lat' dir='ltr'>suscipere</span> <span class='ocrx_word' id='word_1_82' title='bbox 629 872 879 919; x_wconf 80' lang='lat' dir='ltr'>volebant1.</span> <span class='ocrx_word' id='word_1_83' title='bbox 895 873 966 918; x_wconf 85' lang='lat' dir='ltr'>Ad</span> <span class='ocrx_word' id='word_1_84' title='bbox 981 873 1065 918; x_wconf 93' lang='lat' dir='ltr'>hoc</span> <span class='ocrx_word' id='word_1_85' title='bbox 1078 887 1217 917; x_wconf 90' lang='lat' dir='ltr'>unum</span> <span class='ocrx_word' id='word_1_86' title='bbox 1231 871 1483 932; x_wconf 82' lang='lat' dir='ltr'>jungeban-</span> 
     </span>
     <span class='ocr_line' id='line_1_13' title="bbox 90 936 1482 1001; baseline -0.001 -15"><span class='ocrx_word' id='word_1_87' title='bbox 90 950 162 986; x_wconf 87' lang='lat' dir='ltr'>tur</span> <span class='ocrx_word' id='word_1_88' title='bbox 182 942 399 1001; x_wconf 78' lang='lat' dir='ltr'>foeminis3</span> <span class='ocrx_word' id='word_1_89' title='bbox 423 943 480 987; x_wconf 88' lang='lat' dir='ltr'>ad</span> <span class='ocrx_word' id='word_1_90' title='bbox 497 936 582 989; x_wconf 85' lang='lat' dir='ltr'>hoc</span> <span class='ocrx_word' id='word_1_91' title='bbox 598 942 791 988; x_wconf 86' lang='lat' dir='ltr'>foeminis</span> <span class='ocrx_word' id='word_1_92' title='bbox 812 943 1132 997; x_wconf 88' lang='lat' dir='ltr'>miscebantur,</span> <span class='ocrx_word' id='word_1_93' title='bbox 1165 951 1216 987; x_wconf 91' lang='lat' dir='ltr'>ut</span> <span class='ocrx_word' id='word_1_94' title='bbox 1244 940 1356 986; x_wconf 87' lang='lat' dir='ltr'>filios</span> <span class='ocrx_word' id='word_1_95' title='bbox 1377 956 1482 1001; x_wconf 90' lang='lat' dir='ltr'>pro-</span> 
     </span>
     <span class='ocr_line' id='line_1_14' title="bbox 89 1013 1484 1074; baseline -0.001 -17"><span class='ocrx_word' id='word_1_96' title='bbox 89 1023 300 1059; x_wconf 86' lang='lat' dir='ltr'>crearent.</span> <span class='ocrx_word' id='word_1_97' title='bbox 322 1013 428 1059; x_wconf 92' lang='lat' dir='ltr'>Ideo</span> <span class='ocrx_word' id='word_1_98' title='bbox 446 1013 528 1059; x_wconf 80' lang='lat' dir='ltr'>illis</span> <span class='ocrx_word' id='word_1_99' title='bbox 540 1014 797 1074; x_wconf 90' lang='lat' dir='ltr'>permissum</span> <span class='ocrx_word' id='word_1_100' title='bbox 806 1023 887 1071; x_wconf 91' lang='lat' dir='ltr'>est,</span> <span class='ocrx_word' id='word_1_101' title='bbox 907 1023 957 1059; x_wconf 92' lang='lat' dir='ltr'>ut</span> <span class='ocrx_word' id='word_1_102' title='bbox 966 1014 1112 1074; x_wconf 89' lang='lat' dir='ltr'>plures</span> <span class='ocrx_word' id='word_1_103' title='bbox 1124 1013 1351 1058; x_wconf 88' lang='lat' dir='ltr'>haberent.</span> <span class='ocrx_word' id='word_1_104' title='bbox 1372 1014 1484 1058; x_wconf 88' lang='lat' dir='ltr'>Nam</span> 
     </span>
     <span class='ocr_line' id='line_1_15' title="bbox 88 1083 1485 1145; baseline -0.002 -15"><span class='ocrx_word' id='word_1_105' title='bbox 88 1084 123 1130; x_wconf 88' lang='lat' dir='ltr'>si</span> <span class='ocrx_word' id='word_1_106' title='bbox 141 1083 281 1130; x_wconf 92' lang='lat' dir='ltr'>libido</span> <span class='ocrx_word' id='word_1_107' title='bbox 296 1084 584 1131; x_wconf 88' lang='lat' dir='ltr'>immoderata</span> <span class='ocrx_word' id='word_1_108' title='bbox 605 1085 799 1145; x_wconf 88' lang='lat' dir='ltr'>placeret</span> <span class='ocrx_word' id='word_1_109' title='bbox 827 1090 941 1142; x_wconf 90' lang='lat' dir='ltr'>Deo,</span> <span class='ocrx_word' id='word_1_110' title='bbox 976 1087 1036 1130; x_wconf 89' lang='lat' dir='ltr'>sic</span> <span class='ocrx_word' id='word_1_111' title='bbox 1057 1086 1387 1145; x_wconf 84' lang='lat' dir='ltr'>permitteretur</span> <span class='ocrx_word' id='word_1_112' title='bbox 1409 1083 1485 1127; x_wconf 91' lang='lat' dir='ltr'>illo</span> 
     </span>
     <span class='ocr_line' id='line_1_16' title="bbox 89 1153 1485 1216; baseline -0.001 -16"><span class='ocrx_word' id='word_1_113' title='bbox 89 1164 286 1216; x_wconf 88' lang='lat' dir='ltr'>tempore</span> <span class='ocrx_word' id='word_1_114' title='bbox 300 1191 311 1212; x_wconf 93' lang='lat'><strong>‚</strong></span> <span class='ocrx_word' id='word_1_115' title='bbox 336 1165 386 1201; x_wconf 90' lang='lat' dir='ltr'>ut</span> <span class='ocrx_word' id='word_1_116' title='bbox 407 1172 497 1201; x_wconf 91' lang='lat' dir='ltr'>una</span> <span class='ocrx_word' id='word_1_117' title='bbox 517 1155 699 1202; x_wconf 87' lang='lat' dir='ltr'>foemina</span> <span class='ocrx_word' id='word_1_118' title='bbox 718 1158 903 1201; x_wconf 89' lang='lat' dir='ltr'>haberet</span> <span class='ocrx_word' id='word_1_119' title='bbox 922 1157 1070 1216; x_wconf 88' lang='lat' dir='ltr'>plures</span> <span class='ocrx_word' id='word_1_120' title='bbox 1094 1157 1232 1211; x_wconf 85' lang='lat' dir='ltr'>viros,</span> <span class='ocrx_word' id='word_1_121' title='bbox 1261 1153 1485 1216; x_wconf 88' lang='lat' dir='ltr'>quomodo</span> 
     </span>
     <span class='ocr_line' id='line_1_17' title="bbox 88 1225 1486 1285; baseline -0.001 -15"><span class='ocrx_word' id='word_1_122' title='bbox 88 1241 203 1270; x_wconf 90' lang='lat' dir='ltr'>unus</span> <span class='ocrx_word' id='word_1_123' title='bbox 219 1226 284 1271; x_wconf 85' lang='lat' dir='ltr'>vir</span> <span class='ocrx_word' id='word_1_124' title='bbox 305 1226 452 1285; x_wconf 89' lang='lat' dir='ltr'>plures</span> <span class='ocrx_word' id='word_1_125' title='bbox 469 1226 687 1272; x_wconf 85' lang='lat' dir='ltr'>foeminas.</span> <span class='ocrx_word' id='word_1_126' title='bbox 712 1230 857 1280; x_wconf 87' lang='lat' dir='ltr'>Quare</span> <span class='ocrx_word' id='word_1_127' title='bbox 874 1241 1024 1272; x_wconf 88' lang='lat' dir='ltr'>omnes</span> <span class='ocrx_word' id='word_1_128' title='bbox 1036 1225 1231 1272; x_wconf 86' lang='lat' dir='ltr'>foeminae</span> <span class='ocrx_word' id='word_1_129' title='bbox 1249 1234 1378 1271; x_wconf 87' lang='lat' dir='ltr'>castae</span> <span class='ocrx_word' id='word_1_130' title='bbox 1395 1240 1486 1270; x_wconf 90' lang='lat' dir='ltr'>non</span> 
     </span>
     <span class='ocr_line' id='line_1_18' title="bbox 85 1295 1482 1357; baseline -0.001 -16"><span class='ocrx_word' id='word_1_131' title='bbox 85 1297 310 1342; x_wconf 82' lang='lat' dir='ltr'>habebant</span> <span class='ocrx_word' id='word_1_132' title='bbox 336 1296 523 1356; x_wconf 85' lang='lat' dir='ltr'>amplius</span> <span class='ocrx_word' id='word_1_133' title='bbox 546 1312 636 1342; x_wconf 91' lang='lat' dir='ltr'>uno</span> <span class='ocrx_word' id='word_1_134' title='bbox 663 1298 786 1353; x_wconf 84' lang='lat' dir='ltr'>viro,</span> <span class='ocrx_word' id='word_1_135' title='bbox 821 1298 886 1342; x_wconf 90' lang='lat' dir='ltr'>vir</span> <span class='ocrx_word' id='word_1_136' title='bbox 915 1307 1063 1343; x_wconf 89' lang='lat' dir='ltr'>autem</span> <span class='ocrx_word' id='word_1_137' title='bbox 1083 1297 1231 1357; x_wconf 88' lang='lat' dir='ltr'>plures</span> <span class='ocrx_word' id='word_1_138' title='bbox 1251 1295 1482 1341; x_wconf 80' lang='lat' dir='ltr'>foeminas?</span> 
     </span>
     <span class='ocr_line' id='line_1_19' title="bbox 89 1365 1486 1427; baseline 0 -17"><span class='ocrx_word' id='word_1_139' title='bbox 89 1367 172 1411; x_wconf 91' lang='lat' dir='ltr'>nisi</span> <span class='ocrx_word' id='word_1_140' title='bbox 193 1367 295 1427; x_wconf 90' lang='lat' dir='ltr'>quia</span> <span class='ocrx_word' id='word_1_141' title='bbox 312 1366 461 1427; x_wconf 89' lang='lat' dir='ltr'>plures</span> <span class='ocrx_word' id='word_1_142' title='bbox 482 1367 642 1412; x_wconf 86' lang='lat' dir='ltr'>habere</span> <span class='ocrx_word' id='word_1_143' title='bbox 663 1365 865 1412; x_wconf 88' lang='lat' dir='ltr'>foeminas</span> <span class='ocrx_word' id='word_1_144' title='bbox 896 1383 1037 1412; x_wconf 90' lang='lat' dir='ltr'>unum</span> <span class='ocrx_word' id='word_1_145' title='bbox 1060 1367 1199 1413; x_wconf 90' lang='lat' dir='ltr'>virum</span> <span class='ocrx_word' id='word_1_146' title='bbox 1218 1367 1409 1427; x_wconf 86' lang='lat' dir='ltr'>pertinet</span> <span class='ocrx_word' id='word_1_147' title='bbox 1431 1366 1486 1411; x_wconf 90' lang='lat' dir='ltr'>ad</span> 
     </span>
     <span class='ocr_line' id='line_1_20' title="bbox 90 1436 1486 1498; baseline -0.001 -17"><span class='ocrx_word' id='word_1_148' title='bbox 90 1437 222 1497; x_wconf 90' lang='lat' dir='ltr'>prolis</span> <span class='ocrx_word' id='word_1_149' title='bbox 244 1438 601 1483; x_wconf 86' lang='lat' dir='ltr'>numerositatem</span> <span class='ocrx_word' id='word_1_150' title='bbox 621 1457 630 1484; x_wconf 89' lang='lat'>:</span> <span class='ocrx_word' id='word_1_151' title='bbox 651 1454 739 1483; x_wconf 89' lang='lat' dir='ltr'>una</span> <span class='ocrx_word' id='word_1_152' title='bbox 752 1447 899 1483; x_wconf 89' lang='lat' dir='ltr'>autem</span> <span class='ocrx_word' id='word_1_153' title='bbox 915 1437 1098 1483; x_wconf 82' lang='lat' dir='ltr'>foemina</span> <span class='ocrx_word' id='word_1_154' title='bbox 1115 1453 1206 1483; x_wconf 91' lang='lat' dir='ltr'>non</span> <span class='ocrx_word' id='word_1_155' title='bbox 1227 1453 1317 1498; x_wconf 87' lang='lat' dir='ltr'>quo</span> <span class='ocrx_word' id='word_1_156' title='bbox 1339 1436 1486 1496; x_wconf 86' lang='lat' dir='ltr'>plures</span> 
     </span>
     <span class='ocr_line' id='line_1_21' title="bbox 88 1508 1482 1570; baseline -0.001 -17"><span class='ocrx_word' id='word_1_157' title='bbox 88 1508 293 1554; x_wconf 87' lang='lat' dir='ltr'>habuerit</span> <span class='ocrx_word' id='word_1_158' title='bbox 321 1510 457 1565; x_wconf 87' lang='lat' dir='ltr'>viros,</span> <span class='ocrx_word' id='word_1_159' title='bbox 481 1508 627 1570; x_wconf 92' lang='lat' dir='ltr'>plures</span> <span class='ocrx_word' id='word_1_160' title='bbox 648 1510 810 1570; x_wconf 87' lang='lat' dir='ltr'>poterit</span> <span class='ocrx_word' id='word_1_161' title='bbox 827 1524 980 1569; x_wconf 89' lang='lat' dir='ltr'>parere</span> <span class='ocrx_word' id='word_1_162' title='bbox 1002 1509 1129 1554; x_wconf 89' lang='lat' dir='ltr'>filios.</span> <span class='ocrx_word' id='word_1_163' title='bbox 1164 1511 1446 1569; x_wconf 84' lang='lat' dir='ltr'>Quapropter</span> <span class='ocrx_word' id='word_1_164' title='bbox 1471 1542 1482 1562; x_wconf 87' lang='lat'>,</span> 
     </span>
     <span class='ocr_line' id='line_1_22' title="bbox 89 1577 1485 1639; baseline -0.001 -16"><span class='ocrx_word' id='word_1_165' title='bbox 89 1577 266 1636; x_wconf 86' lang='lat' dir='ltr'>fratres,</span> <span class='ocrx_word' id='word_1_166' title='bbox 307 1580 342 1625; x_wconf 89' lang='lat' dir='ltr'>si</span> <span class='ocrx_word' id='word_1_167' title='bbox 373 1583 521 1625; x_wconf 90' lang='lat' dir='ltr'>Patres</span> <span class='ocrx_word' id='word_1_168' title='bbox 554 1581 692 1626; x_wconf 87' lang='lat' dir='ltr'>nostri</span> <span class='ocrx_word' id='word_1_169' title='bbox 728 1595 820 1625; x_wconf 91' lang='lat' dir='ltr'>non</span> <span class='ocrx_word' id='word_1_170' title='bbox 851 1580 910 1624; x_wconf 89' lang='lat' dir='ltr'>ob</span> <span class='ocrx_word' id='word_1_171' title='bbox 944 1579 1065 1623; x_wconf 87' lang='lat' dir='ltr'>aliud</span> <span class='ocrx_word' id='word_1_172' title='bbox 1087 1594 1222 1639; x_wconf 87' lang='lat' dir='ltr'>quam</span> <span class='ocrx_word' id='word_1_173' title='bbox 1244 1579 1302 1622; x_wconf 91' lang='lat' dir='ltr'>ad</span> <span class='ocrx_word' id='word_1_174' title='bbox 1322 1578 1485 1623; x_wconf 90' lang='lat' dir='ltr'>liberos</span> 
     </span>
     <span class='ocr_line' id='line_1_23' title="bbox 87 1648 1484 1711; baseline -0.002 -17"><span class='ocrx_word' id='word_1_175' title='bbox 87 1650 378 1709; x_wconf 88' lang='lat' dir='ltr'>procreandos</span> <span class='ocrx_word' id='word_1_176' title='bbox 403 1651 706 1711; x_wconf 84' lang='lat' dir='ltr'>jungebantur</span> <span class='ocrx_word' id='word_1_177' title='bbox 727 1658 771 1694; x_wconf 91' lang='lat' dir='ltr'>et</span> <span class='ocrx_word' id='word_1_178' title='bbox 792 1649 1090 1693; x_wconf 84' lang='lat' dir='ltr'>miscebantur</span> <span class='ocrx_word' id='word_1_179' title='bbox 1111 1648 1330 1706; x_wconf 78' lang='lat' dir='ltr'>foemini53</span> <span class='ocrx_word' id='word_1_180' title='bbox 1357 1663 1484 1707; x_wconf 86' lang='lat' dir='ltr'>mag-</span> 
     </span>
     <span class='ocr_line' id='line_1_24' title="bbox 91 1712 1484 1779; baseline -0.002 -14"><span class='ocrx_word' id='word_1_181' title='bbox 91 1735 199 1765; x_wconf 90' lang='lat' dir='ltr'>num</span> <span class='ocrx_word' id='word_1_182' title='bbox 212 1720 296 1764; x_wconf 90' lang='lat' dir='ltr'>illis</span> <span class='ocrx_word' id='word_1_183' title='bbox 311 1730 421 1765; x_wconf 91' lang='lat' dir='ltr'>esset</span> <span class='ocrx_word' id='word_1_184' title='bbox 440 1712 673 1779; x_wconf 81' lang='lat' dir='ltr'>gaudium,</span> <span class='ocrx_word' id='word_1_185' title='bbox 698 1719 732 1763; x_wconf 87' lang='lat' dir='ltr'>si</span> <span class='ocrx_word' id='word_1_186' title='bbox 753 1727 911 1779; x_wconf 79' lang='lat' dir='ltr'>praeter</span> <span class='ocrx_word' id='word_1_187' title='bbox 932 1733 1042 1778; x_wconf 92' lang='lat' dir='ltr'>opus</span> <span class='ocrx_word' id='word_1_188' title='bbox 1058 1717 1170 1762; x_wconf 93' lang='lat' dir='ltr'>illud</span> <span class='ocrx_word' id='word_1_189' title='bbox 1187 1718 1360 1763; x_wconf 89' lang='lat' dir='ltr'>carnale</span> <span class='ocrx_word' id='word_1_190' title='bbox 1378 1733 1484 1778; x_wconf 90' lang='lat' dir='ltr'>pos-</span> 
     </span>
     <span class='ocr_line' id='line_1_25' title="bbox 89 1788 1482 1851; baseline -0.001 -16"><span class='ocrx_word' id='word_1_191' title='bbox 89 1800 185 1836; x_wconf 86' lang='lat' dir='ltr'>sent</span> <span class='ocrx_word' id='word_1_192' title='bbox 205 1791 368 1836; x_wconf 89' lang='lat' dir='ltr'>habere</span> <span class='ocrx_word' id='word_1_193' title='bbox 389 1790 500 1836; x_wconf 90' lang='lat' dir='ltr'>filios</span> <span class='ocrx_word' id='word_1_194' title='bbox 515 1826 526 1847; x_wconf 92' lang='lat'>,</span> <span class='ocrx_word' id='word_1_195' title='bbox 552 1800 731 1851; x_wconf 85' lang='lat' dir='ltr'>propter</span> <span class='ocrx_word' id='word_1_196' title='bbox 760 1806 870 1850; x_wconf 90' lang='lat' dir='ltr'>quos</span> <span class='ocrx_word' id='word_1_197' title='bbox 892 1789 1117 1835; x_wconf 84' lang='lat' dir='ltr'>habendos</span> <span class='ocrx_word' id='word_1_198' title='bbox 1160 1788 1217 1835; x_wconf 91' lang='lat' dir='ltr'>ad</span> <span class='ocrx_word' id='word_1_199' title='bbox 1247 1788 1358 1834; x_wconf 85' lang='lat' dir='ltr'>illud</span> <span class='ocrx_word' id='word_1_200' title='bbox 1389 1805 1482 1834; x_wconf 93' lang='lat' dir='ltr'>non</span> 
     </span>
     <span class='ocr_line' id='line_1_26' title="bbox 89 1860 1482 1920; baseline 0 -14"><span class='ocrx_word' id='word_1_201' title='bbox 89 1861 271 1907; x_wconf 88' lang='lat' dir='ltr'>libidine</span> <span class='ocrx_word' id='word_1_202' title='bbox 291 1862 504 1917; x_wconf 88' lang='lat' dir='ltr'>ruebant,</span> <span class='ocrx_word' id='word_1_203' title='bbox 528 1862 606 1906; x_wconf 91' lang='lat' dir='ltr'>sed</span> <span class='ocrx_word' id='word_1_204' title='bbox 627 1860 775 1907; x_wconf 90' lang='lat' dir='ltr'>officio</span> <span class='ocrx_word' id='word_1_205' title='bbox 806 1861 1146 1906; x_wconf 89' lang='lat' dir='ltr'>descendebant.</span> <span class='ocrx_word' id='word_1_206' title='bbox 1188 1864 1372 1920; x_wconf 90' lang='lat' dir='ltr'>Propter</span> <span class='ocrx_word' id='word_1_207' title='bbox 1396 1861 1482 1906; x_wconf 89' lang='lat' dir='ltr'>hoc</span> 
     </span>
     <span class='ocr_line' id='line_1_27' title="bbox 94 1930 1483 1992; baseline -0.001 -15"><span class='ocrx_word' id='word_1_208' title='bbox 94 1935 119 1977; x_wconf 86' lang='lat' dir='ltr'>J</span> <span class='ocrx_word' id='word_1_209' title='bbox 122 1933 256 1992; x_wconf 88' lang='lat' dir='ltr'>oseph</span> <span class='ocrx_word' id='word_1_210' title='bbox 272 1947 362 1977; x_wconf 89' lang='lat' dir='ltr'>non</span> <span class='ocrx_word' id='word_1_211' title='bbox 379 1941 471 1976; x_wconf 90' lang='lat' dir='ltr'>erat</span> <span class='ocrx_word' id='word_1_212' title='bbox 483 1941 621 1991; x_wconf 86' lang='lat' dir='ltr'>pater,</span> <span class='ocrx_word' id='word_1_213' title='bbox 640 1932 743 1992; x_wconf 90' lang='lat' dir='ltr'>quia</span> <span class='ocrx_word' id='word_1_214' title='bbox 753 1931 844 1976; x_wconf 90' lang='lat' dir='ltr'>sine</span> <span class='ocrx_word' id='word_1_215' title='bbox 855 1930 1206 1990; x_wconf 86' lang='lat' dir='ltr'>concupiscentia</span> <span class='ocrx_word' id='word_1_216' title='bbox 1228 1931 1370 1974; x_wconf 88' lang='lat' dir='ltr'>carnis</span> <span class='ocrx_word' id='word_1_217' title='bbox 1386 1945 1483 1975; x_wconf 93' lang='lat' dir='ltr'>sus-</span> 
     </span>
     <span class='ocr_line' id='line_1_28' title="bbox 91 1999 1482 2062; baseline -0.002 -16"><span class='ocrx_word' id='word_1_218' title='bbox 91 2011 265 2062; x_wconf 90' lang='lat' dir='ltr'>ceperat</span> <span class='ocrx_word' id='word_1_219' title='bbox 300 2002 468 2047; x_wconf 82' lang='lat' dir='ltr'>filium?</span> <span class='ocrx_word' id='word_1_220' title='bbox 500 2002 627 2048; x_wconf 87' lang='lat' dir='ltr'>Absit</span> <span class='ocrx_word' id='word_1_221' title='bbox 648 2010 700 2046; x_wconf 90' lang='lat' dir='ltr'>ut</span> <span class='ocrx_word' id='word_1_222' title='bbox 719 2002 805 2046; x_wconf 90' lang='lat' dir='ltr'>hoc</span> <span class='ocrx_word' id='word_1_223' title='bbox 826 2000 986 2045; x_wconf 84' lang='lat' dir='ltr'>sentiat</span> <span class='ocrx_word' id='word_1_224' title='bbox 1019 2000 1188 2044; x_wconf 86' lang='lat' dir='ltr'>castitas</span> <span class='ocrx_word' id='word_1_225' title='bbox 1215 1999 1450 2044; x_wconf 88' lang='lat' dir='ltr'>christiana</span> <span class='ocrx_word' id='word_1_226' title='bbox 1470 2034 1482 2055; x_wconf 87' lang='lat'>,</span> 
     </span>
     <span class='ocr_line' id='line_1_29' title="bbox 92 2068 1485 2131; baseline -0.001 -15"><span class='ocrx_word' id='word_1_227' title='bbox 92 2071 213 2131; x_wconf 92' lang='lat' dir='ltr'>quod</span> <span class='ocrx_word' id='word_1_228' title='bbox 232 2087 313 2117; x_wconf 90' lang='lat' dir='ltr'>nec</span> <span class='ocrx_word' id='word_1_229' title='bbox 334 2075 359 2117; x_wconf 93' lang='lat' dir='ltr'><strong>J</strong></span> <span class='ocrx_word' id='word_1_230' title='bbox 363 2071 520 2117; x_wconf 82' lang='lat' dir='ltr'>uda‘i&#39;ca</span> <span class='ocrx_word' id='word_1_231' title='bbox 545 2072 775 2116; x_wconf 87' lang='lat' dir='ltr'>sentiebat.</span> <span class='ocrx_word' id='word_1_232' title='bbox 801 2070 978 2130; x_wconf 84' lang='lat' dir='ltr'>Diligite</span> <span class='ocrx_word' id='word_1_233' title='bbox 1007 2085 1163 2115; x_wconf 82' lang='lat' dir='ltr'>uxores</span> <span class='ocrx_word' id='word_1_234' title='bbox 1185 2078 1349 2115; x_wconf 88' lang='lat' dir='ltr'>vestras</span> <span class='ocrx_word' id='word_1_235' title='bbox 1369 2105 1380 2125; x_wconf 90' lang='lat'>,</span> <span class='ocrx_word' id='word_1_236' title='bbox 1406 2068 1485 2114; x_wconf 88' lang='lat' dir='ltr'>sed</span> 
     </span>
     <span class='ocr_line' id='line_1_30' title="bbox 92 2140 1486 2203; baseline -0.002 -17"><span class='ocrx_word' id='word_1_237' title='bbox 92 2151 208 2186; x_wconf 88' lang='lat' dir='ltr'>caste</span> <span class='ocrx_word' id='word_1_238' title='bbox 228 2142 412 2202; x_wconf 84' lang='lat' dir='ltr'>diligite.</span> <span class='ocrx_word' id='word_1_239' title='bbox 446 2145 591 2203; x_wconf 89' lang='lat' dir='ltr'>Usque</span> <span class='ocrx_word' id='word_1_240' title='bbox 617 2141 673 2187; x_wconf 89' lang='lat' dir='ltr'>ad</span> <span class='ocrx_word' id='word_1_241' title='bbox 693 2157 797 2187; x_wconf 88' lang='lat' dir='ltr'>eum</span> <span class='ocrx_word' id='word_1_242' title='bbox 818 2142 1000 2187; x_wconf 87' lang='lat' dir='ltr'>modum</span> <span class='ocrx_word' id='word_1_243' title='bbox 1022 2140 1196 2186; x_wconf 91' lang='lat' dir='ltr'>carnale</span> <span class='ocrx_word' id='word_1_244' title='bbox 1218 2155 1328 2200; x_wconf 88' lang='lat' dir='ltr'>opus</span> <span class='ocrx_word' id='word_1_245' title='bbox 1351 2155 1486 2200; x_wconf 80' lang='lat' dir='ltr'>expe-</span> 
     </span>
    </p>
   </div>
   <div class='ocr_carea' id='block_1_4' title="bbox 17 2209 1486 2273">
    <p class='ocr_par' dir='ltr' id='par_1_5' title="bbox 17 2209 1486 2273">
     <span class='ocr_line' id='line_1_31' title="bbox 17 2209 1486 2273; baseline -0.001 -17"><span class='ocrx_word' id='word_1_246' title='bbox 17 2235 19 2237; x_wconf 91' lang='lat'>·</span> <span class='ocrx_word' id='word_1_247' title='bbox 94 2212 195 2267; x_wconf 89' lang='lat' dir='ltr'>tite,</span> <span class='ocrx_word' id='word_1_248' title='bbox 212 2221 263 2256; x_wconf 92' lang='lat' dir='ltr'>ut</span> <span class='ocrx_word' id='word_1_249' title='bbox 282 2212 394 2257; x_wconf 87' lang='lat' dir='ltr'>filios</span> <span class='ocrx_word' id='word_1_250' title='bbox 413 2213 664 2272; x_wconf 87' lang='lat' dir='ltr'>procreetis.</span> <span class='ocrx_word' id='word_1_251' title='bbox 683 2215 740 2258; x_wconf 92' lang='lat' dir='ltr'>Et</span> <span class='ocrx_word' id='word_1_252' title='bbox 751 2213 854 2273; x_wconf 89' lang='lat' dir='ltr'>quia</span> <span class='ocrx_word' id='word_1_253' title='bbox 872 2228 964 2257; x_wconf 91' lang='lat' dir='ltr'>non</span> <span class='ocrx_word' id='word_1_254' title='bbox 981 2211 1106 2258; x_wconf 91' lang='lat' dir='ltr'>aliter</span> <span class='ocrx_word' id='word_1_255' title='bbox 1126 2209 1306 2271; x_wconf 82' lang='lat' dir='ltr'>potestis</span> <span class='ocrx_word' id='word_1_256' title='bbox 1326 2211 1486 2255; x_wconf 85' lang='lat' dir='ltr'>habere</span> 
     </span>
    </p>
   </div>
   <div class='ocr_carea' id='block_1_5' title="bbox 96 2281 1498 2556">
    <p class='ocr_par' dir='ltr' id='par_1_6' title="bbox 96 2281 1498 2556">
     <span class='ocr_line' id='line_1_32' title="bbox 96 2281 1488 2338; baseline 0 -11"><span class='ocrx_word' id='word_1_257' title='bbox 96 2282 224 2338; x_wconf 90' lang='lat' dir='ltr'>filios,</span> <span class='ocrx_word' id='word_1_258' title='bbox 240 2282 296 2327; x_wconf 92' lang='lat' dir='ltr'>ad</span> <span class='ocrx_word' id='word_1_259' title='bbox 313 2282 426 2327; x_wconf 89' lang='lat' dir='ltr'>illud</span> <span class='ocrx_word' id='word_1_260' title='bbox 436 2299 537 2328; x_wconf 89' lang='lat' dir='ltr'>cum</span> <span class='ocrx_word' id='word_1_261' title='bbox 554 2283 705 2329; x_wconf 91' lang='lat' dir='ltr'>dolore</span> <span class='ocrx_word' id='word_1_262' title='bbox 717 2283 982 2329; x_wconf 89' lang='lat' dir='ltr'>descendite.</span> <span class='ocrx_word' id='word_1_263' title='bbox 1002 2287 1139 2328; x_wconf 90' lang='lat' dir='ltr'>Poena</span> <span class='ocrx_word' id='word_1_264' title='bbox 1154 2291 1218 2326; x_wconf 88' lang='lat' dir='ltr'>est</span> <span class='ocrx_word' id='word_1_265' title='bbox 1234 2281 1351 2326; x_wconf 89' lang='lat' dir='ltr'>enim</span> <span class='ocrx_word' id='word_1_266' title='bbox 1371 2281 1488 2327; x_wconf 90' lang='lat' dir='ltr'>illius</span> 
     </span>
     <span class='ocr_line' id='line_1_33' title="bbox 98 2352 1498 2413; baseline -0.001 -15"><span class='ocrx_word' id='word_1_267' title='bbox 98 2352 240 2398; x_wconf 81' lang='lat' dir='ltr'>Adam</span> <span class='ocrx_word' id='word_1_268' title='bbox 250 2353 305 2398; x_wconf 92' lang='lat' dir='ltr'>de</span> <span class='ocrx_word' id='word_1_269' title='bbox 313 2369 401 2413; x_wconf 92' lang='lat' dir='ltr'>quo</span> <span class='ocrx_word' id='word_1_270' title='bbox 416 2354 554 2399; x_wconf 78' lang='lat' dir='ltr'>exorti</span> <span class='ocrx_word' id='word_1_271' title='bbox 563 2357 831 2401; x_wconf 80' lang='lat' dir='ltr'>sumus-Non</span> <span class='ocrx_word' id='word_1_272' title='bbox 842 2353 1102 2400; x_wconf 73' lang='lat' dir='ltr'>extollamur</span> <span class='ocrx_word' id='word_1_273' title='bbox 1115 2352 1170 2397; x_wconf 84' lang='lat' dir='ltr'>de</span> <span class='ocrx_word' id='word_1_274' title='bbox 1181 2368 1311 2412; x_wconf 86' lang='lat' dir='ltr'>poena</span> <span class='ocrx_word' id='word_1_275' title='bbox 1324 2353 1498 2398; x_wconf 66' lang='lat' dir='ltr'>nostra.⁵</span> 
     </span>
     <span class='ocr_line' id='line_1_34' title="bbox 99 2423 1483 2484; baseline 0 -16"><span class='ocrx_word' id='word_1_276' title='bbox 99 2427 238 2470; x_wconf 85' lang='lat' dir='ltr'>Poena</span> <span class='ocrx_word' id='word_1_277' title='bbox 261 2434 326 2469; x_wconf 88' lang='lat' dir='ltr'>est</span> <span class='ocrx_word' id='word_1_278' title='bbox 345 2423 461 2469; x_wconf 90' lang='lat' dir='ltr'>illius</span> <span class='ocrx_word' id='word_1_279' title='bbox 487 2425 563 2484; x_wconf 88' lang='lat' dir='ltr'>qui</span> <span class='ocrx_word' id='word_1_280' title='bbox 583 2425 743 2470; x_wconf 88' lang='lat' dir='ltr'>meruit</span> <span class='ocrx_word' id='word_1_281' title='bbox 764 2424 1005 2470; x_wconf 89' lang='lat' dir='ltr'>mortaliter</span> <span class='ocrx_word' id='word_1_282' title='bbox 1027 2425 1228 2483; x_wconf 70' lang='lat' dir='ltr'>gignere,</span> <span class='ocrx_word' id='word_1_283' title='bbox 1253 2423 1357 2484; x_wconf 85' lang='lat' dir='ltr'>quia</span> <span class='ocrx_word' id='word_1_284' title='bbox 1379 2439 1483 2483; x_wconf 85' lang='lat' dir='ltr'>pec-</span> 
     </span>
     <span class='ocr_line' id='line_1_35' title="bbox 98 2494 1489 2556; baseline -0.001 -16"><span class='ocrx_word' id='word_1_285' title='bbox 98 2504 195 2540; x_wconf 86' lang='lat' dir='ltr'>cato</span> <span class='ocrx_word' id='word_1_286' title='bbox 221 2494 412 2540; x_wconf 87' lang='lat' dir='ltr'>mortalis</span> <span class='ocrx_word' id='word_1_287' title='bbox 440 2495 622 2540; x_wconf 81' lang='lat' dir='ltr'>effectus</span> <span class='ocrx_word' id='word_1_288' title='bbox 653 2504 732 2542; x_wconf 88' lang='lat' dir='ltr'>est.</span> <span class='ocrx_word' id='word_1_289' title='bbox 763 2498 909 2556; x_wconf 86' lang='lat' dir='ltr'>Ipsam</span> <span class='ocrx_word' id='word_1_290' title='bbox 933 2509 1112 2556; x_wconf 84' lang='lat' dir='ltr'>poenam</span> <span class='ocrx_word' id='word_1_291' title='bbox 1147 2509 1237 2540; x_wconf 91' lang='lat' dir='ltr'>non</span> <span class='ocrx_word' id='word_1_292' title='bbox 1272 2495 1489 2540; x_wconf 82' lang='lat' dir='ltr'>subtraxit</span> 
     </span>
    </p>
   </div>
   <div class='ocr_carea' id='block_1_6' title="bbox 147 2579 618 2623">
    <p class='ocr_par' dir='ltr' id='par_1_7' title="bbox 147 2579 618 2623">
     <span class='ocr_line' id='line_1_36' title="bbox 147 2579 618 2623; baseline 0 -11"><span class='ocrx_word' id='word_1_293' title='bbox 147 2585 157 2603; x_wconf 82' lang='lat'><em>¹</em></span> <span class='ocrx_word' id='word_1_294' title='bbox 178 2581 259 2613; x_wconf 86' lang='lat' dir='ltr'>Gen.</span> <span class='ocrx_word' id='word_1_295' title='bbox 278 2590 334 2622; x_wconf 83' lang='lat' dir='ltr'>xv,</span> <span class='ocrx_word' id='word_1_296' title='bbox 353 2582 389 2613; x_wconf 80' lang='lat' dir='ltr'>et</span> <span class='ocrx_word' id='word_1_297' title='bbox 399 2579 475 2614; x_wconf 71' lang='lat' dir='ltr'>alibi</span> <span class='ocrx_word' id='word_1_298' title='bbox 490 2579 618 2623; x_wconf 81' lang='lat' dir='ltr'>passim.</span> 
     </span>
    </p>
   </div>
  </div>
 </body>
</html>
