1898 3178
264 202 404 232 sEnMo
436 203 606 242 Lxxxn,
640 204 694 231 DE
727 204 873 232 vmms
904 202 1070 232 ΜΑΤΤΗ.
1105 204 1233 231 xvm.
1359 194 1438 234 391

64 271 208 323 Quare
230 268 354 313 illum
379 268 583 327 corripis?
599 268 710 320 Quia
744 276 787 312 te
812 266 955 323 doles,
991 267 1111 328 quod
1132 269 1374 327 peccaverit
1398 271 1444 314 in

63 342 136 384 tei’
152 339 292 385 Absit.
320 341 363 385 Si
383 354 529 385 amore
550 338 615 382 tui
638 337 686 382 id
702 338 824 395 facis,
846 339 955 383 nihil
970 339 1091 384 facis.
1109 338 1152 385 Si
1171 354 1316 384 amore
1329 339 1446 384 illius

62 408 166 455 facis
182 443 194 466 ,
220 410 383 470 optime
398 407 518 454 facis.
543 408 742 469 Denique
756 410 801 453 in
817 409 918 469 ipsis
937 409 1080 455 verbis
1101 408 1278 455 attende
1290 443 1302 466 ,
1322 411 1448 471 cujus

61 494 209 525 amore
227 480 274 524 id
294 481 438 525 facere
460 479 619 524 debeas
634 513 646 535 ‚
671 487 820 524 utrum
841 481 932 536 tui,
959 496 1015 525 an
1036 479 1166 525 illius.
1194 498 1216 522 «
1243 480 1286 526 Si
1302 489 1346 525 te
1366 496 1448 526 au.-

64 569 86 594 »
113 551 241 596 dierit
253 585 265 608 ,
290 551 452 612 inquit,
472 550 668 596 lucratus
684 566 726 595 es
739 550 918 596 tratrem
931 560 1073 596 tuum.
1095 553 1251 612 »Ergo
1270 561 1448 612 propter

61 621 185 667 illum
209 621 302 679 sac,
327 631 377 667 ut
398 623 577 668 lucreris
592 622 734 667 illum.
761 623 805 668 Si
825 622 1027 669 faciendo
1048 623 1253 680 lucraris,
1277 624 1359 669 nisi
1379 623 1447 669 fe-

61 693 210 749 cisses,
234 694 437 752 perierat.
456 692 571 747 Quid
593 702 657 738 est
678 708 781 753 ergo
799 692 920 754 quod
935 693 1134 754 plerique
1153 694 1352 739 homines
1367 695 1447 740 ista

60 773 238 823 peccata
258 773 572 820 contemnunt,
603 774 646 810 et
667 764 820 809 dicunt
849 783 858 810 ε
884 764 1001 818 Quid
1025 780 1236 824 magnum
1263 764 1373 811 feci?
1396 768 1446 811 In

60 836 283 880 hominem
309 836 532 896 peccavi1.
563 837 663 882 Noli
689 845 986 882 contemnere.
1019 839 1071 880 In
1101 837 1326 882 hominem
1347 852 1448 897 pec·

60 905 190 950 casti:
213 905 277 951 vis
299 921 423 951 nosse
452 907 555 967 quia
573 907 618 951 in
638 907 862 951 hominem
892 907 1115 967 peccando
1137 907 1316 966 peristi?
1340 908 1384 952 Si
1405 916 1448 952 te

59 975 134 1019 ille
149 1010 160 1031 ,
194 976 240 1019 in
264 991 396 1037 quem
422 978 637 1036 peccasti,
670 977 927 1037 corripuerit
953 977 1066 1021 inter
1087 986 1131 1022 te
1151 986 1195 1021 et
1219 976 1361 1037 ipsum
1381 992 1451 1022 so-

58 1047 174 1103 lum,
200 1056 244 1092 et
264 1047 450 1093 audieris
465 1048 606 1102 illum,
632 1048 824 1094 lucratus
846 1057 910 1094 est
932 1057 991 1092 te.
1016 1047 1135 1102 Quid
1154 1057 1233 1103 est,
1257 1048 1451 1092 lucratus

59 1127 122 1163 est
142 1127 212 1177 te3
246 1120 329 1164 nisi
355 1121 458 1180 quia
480 1121 693 1179 perieras,
730 1121 764 1164 si
785 1135 876 1165 non
902 1119 1146 1164 lucraretur
1177 1118 1250 1162 te?
1279 1120 1390 1164 Nam
1416 1119 1448 1163 si

57 1203 148 1233 non
170 1190 384 1246 perieras,
413 1192 636 1250 quomodo
659 1200 701 1235 te
722 1189 914 1234 lucratus
935 1195 1014 1231 est.
1050 1188 1189 1232 Nemo
1210 1201 1313 1246 ergo
1341 1203 1449 1233 con—

58 1266 250 1313 temnat,
275 1261 454 1318 quando
476 1267 628 1317 peccat
643 1258 690 1302 in
707 1256 901 1302 fratrem.
920 1258 994 1302 Ait
1012 1257 1129 1302 enim
1145 1257 1338 1318 quodam
1352 1258 1450 1305 loco

44 1328 321 1388 Apostolus:
352 1345 373 1370 «
399 1329 467 1374 Sic
500 1337 647 1373 autem
686 1337 913 1387 peccantes
943 1327 989 1372 in
1021 1327 1195 1384 fratres,
1221 1338 1266 1373 et
1290 1344 1446 1388 percu-

60 1417 82 1441 »
107 1400 261 1444 tientes
282 1399 592 1444 conscientiam
610 1413 763 1444 eorum
779 1398 997 1442 infirmam
1011 1432 1023 1454 ‚
1043 1399 1090 1442 in
1107 1399 1331 1444 Christum
1347 1415 1448 1460 pec-

59 1487 82 1512 »
106 1469 212 1514 catis
233 1485 243 1511 :
268 1468 369 1514 ideo
388 1469 492 1529 quia
511 1469 709 1514 membra
731 1469 892 1514 Christi
914 1483 1064 1514 omnes
1083 1466 1187 1513 facti
1204 1472 1399 1514 sumu32.
1423 1488 1444 1512 »

57 1540 289 1593 Quomodo
311 1554 401 1584 non
422 1553 574 1599 peccas
608 1539 654 1583 in
675 1539 925 1595 Christum,
961 1539 1039 1599 qui
1059 1553 1211 1599 peccas
1232 1539 1279 1584 in
1308 1554 1446 1584 mem-

58 1610 188 1654 brum
203 1609 396 1654 Christi?

116 1681 170 1723 V.
190 1682 328 1725 Nemo
350 1693 453 1737 ergo
471 1678 616 1723 dicat:
640 1679 751 1732 Quia
780 1693 871 1723 non
898 1678 1074 1738 peccavi
1101 1679 1148 1722 in
1176 1681 1341 1735 Deum,
1369 1681 1446 1726 sed

57 1750 233 1810 peccavi
255 1750 300 1793 in
320 1748 514 1793 fratrem.
542 1751 593 1792 In
614 1750 838 1793 hominem
862 1750 1039 1808 peccavi
1068 1764 1077 1790 :
1100 1748 1196 1794 leve
1217 1759 1445 1808 peccatum

0 1842 1 1886 ἒ
57 1830 142 1876 est,
166 1819 238 1865 vel
258 1818 432 1882 nullum
448 1828 677 1879 peccatum
694 1828 772 1864 est.
793 1821 924 1864 Forte
944 1819 1047 1863 inde
1067 1818 1194 1863 dicis:
1217 1822 1332 1865 Leve
1353 1831 1441 1878 est,

54 1891 158 1951 quia
173 1891 260 1935 cito
277 1898 469 1935 curatur.
492 1888 740 1934 Peccastiin
753 1888 933 1934 fratrem
948 1905 959 1933 .·
974 1887 1044 1934 fac
1063 1890 1178 1946 satis,
1203 1899 1247 1935 et
1267 1901 1443 1937 sanatus

0 1955 2 1996 ἱ
57 1975 116 2004 es.
137 1961 236 2006 Cito
256 1961 395 2004 fecisti
410 1959 679 2004 mortiferam
700 1974 791 2004 rem
808 1994 819 2014 ‚
851 1958 928 2003 sed
948 1958 1191 2004 remedium
1212 1960 1298 2005 cito
1322 1962 1443 2008 inve-

58 2031 173 2075 nisti.
194 2031 301 2084 Quis
321 2039 519 2074 nostrum
540 2039 682 2090 speret
697 2045 882 2089 regnum
899 2030 1135 2086 coelorum,
1155 2031 1308 2076 fratres
1329 2033 1439 2089 mei,

0 2150 3 2157 y
57 2099 237 2160 quando
253 2099 360 2144 dicit
373 2099 683 2159 Evangelium:
707 2100 826 2154 «Qui
842 2100 1000 2145 dixerit
1021 2099 1143 2145 fratri
1160 2117 1263 2146 suo:
1283 2104 1439 2158 Fatue,

0 2200 2 2211 ,
60 2186 83 2213 ι)
107 2185 205 2215 reus
226 2170 308 2215 erit
325 2170 537 2229 gehennae
559 2170 669 2229 ignis
685 2172 700 2196 ³
714 2172 732 2213 ἰ)
748 2188 769 2212 »
795 2173 981 2230 Magnus
1000 2180 1154 2228 terror,
1173 2171 1248 2216 sed
1266 2172 1366 2217 vide
1381 2172 1443 2216 ibi

3 2247 5 2250 “
59 2241 302 2286 remedium
323 2260 334 2287 ι
362 2260 382 2283 «
405 2241 449 2286 Si
470 2241 678 2287 obtuleris
706 2258 867 2287 munus
891 2252 1018 2287 tuum
1045 2242 1100 2288 ad
1130 2242 1263 2288 altare
1278 2278 1290 2299 ‚
1313 2252 1356 2288 et
1382 2243 1444 2288 ibi

61 2329 82 2353 »
108 2312 358 2356 recordatus
380 2309 535 2366 fueriS,
553 2312 654 2371 quia
676 2312 811 2356 frater
832 2322 934 2357 tuus
950 2313 1085 2357 habet
1107 2312 1273 2373 aliquid
1295 2313 1443 2358 adver-

62 2400 82 2424 n
109 2397 206 2426 sum
228 2392 296 2438 te,
334 2381 530 2441 relinque
552 2383 613 2426 ibi
649 2398 807 2428 munus
828 2394 951 2428 tuum
978 2394 1077 2428 ante
1100 2384 1232 2428 altare
1246 2385 1277 2428 4.
1299 2402 1319 2425 n
1344 2386 1442 2430 Non

0 2509 2 2518 ‚
51 2486 69 2491 ⁶
123 2478 257 2510 ¹F10rus
274 2479 313 2510 ad
347 2490 359 2510 ι
382 2480 454 2510 Cor.
482 2490 551 2510 vnn.
582 2495 621 2502 —·
653 2486 665 2501 2
693 2493 698 2510 ι
736 2482 809 2512 Cor.
835 2492 904 2514 vm.
941 2489 990 2511 1¹2.
1027 2497 1068 2501 —
1090 2479 1101 2501 3
1121 2480 1240 2511 Mami.
1266 2492 1299 2518 v,
1319 2490 1372 2513 92.
1402 2498 1439 2503 -—

61 2532 78 2563 4
95 2532 177 2564 lbid.
203 2534 256 2565 23.
