1898 3178
244 265 384 294 sermo
417 264 481 301 LI,
516 261 571 290 DE
602 258 836 290 concoizmA
868 259 1032 291 MA'r'rn.
1067 263 1119 289 ET
1151 265 1245 290 Luc.
1355 252 1433 291 113

57 329 259 376 vocabuli
290 328 483 389 aperiens
501 345 511 372 ε
540 345 560 369 «
582 329 678 386 Ipse
690 327 830 382 enim,
852 328 1016 387 inquit,
1037 326 1204 373 salvum
1216 327 1342 372 faciet
1356 344 1437 387 po-

2 443 4 448 ,
59 418 81 442 »
115 400 271 460 pulum
285 413 412 444 suum
429 414 453 443 a
470 397 657 457 peccatis
674 399 896 442 eorum1.»
918 400 1011 442 Hoc
1026 398 1095 458 pie
1108 397 1339 454 credimus,
1355 399 1439 444 hoc

0 482 5 530 f
56 471 297 516 firmissime
315 470 549 514 retinemus
566 503 577 525 ‚
603 478 755 514 natum
777 467 1001 514 Christum
1023 468 1078 513 de
1107 469 1269 529 Spiritu
1290 479 1439 515 sancto

2 542 4 548 ’
56 556 107 586 ex
128 541 293 600 virgine
316 541 468 585 Maria.

115 613 194 656 XI.
229 610 300 655 Illi
320 626 423 670 ergo
441 609 550 671 quid
570 609 751 655 dicunt?
770 609 814 655 Si
826 609 1032 654 invenero
1044 644 1055 665 ⁷
1081 609 1245 670 inquit,
1265 613 1442 656 menda—

3 680 7 697 ²
56 682 171 726 cium
185 715 196 737 ‚
216 689 359 727 totum
374 690 491 726 certe
507 695 598 726 non
619 679 772 725 credis.
799 679 968 735 Inveni,
990 678 1227 725 videamus.
1253 684 1443 728 Numero

3 761 12 792 ε
57 752 370 810 generationes.
398 751 468 796 Illi
482 753 599 796 enim
621 750 860 796 calumnias
877 765 974 795 suas
993 750 1049 795 ad
1064 749 1110 795 id
1130 766 1209 796 nos
1226 751 1412 797 invitant
1430 788 1439 807 ‚
1483 802 1487 805 Δ

56 831 100 866 et
121 821 362 867 adducunt.
391 822 434 867 Si
465 821 535 881 pie
556 822 777 877 vivamus,
814 822 849 866 si
879 821 1101 867 Christum
1129 822 1355 868 credamus
1373 858 1383 878 ,
1410 823 1444 866 si

7 883 11 948 ’Ἴ
57 907 147 936 non
168 891 223 936 de
238 891 343 936 nido
365 900 466 936 ante
486 901 658 951 tempus
681 891 906 952 cupiamus
927 891 1096 947 volare,
1121 891 1177 936 ad
1196 890 1242 936 id
1264 909 1342 938 nos
1367 893 1443 936 ad-

57 962 248 1018 ducunt,
272 971 323 1007 ut
342 962 545 1020 mysteria
566 978 893 1022 cognoscamus.
919 962 1125 1008 Intendat
1143 963 1290 1023 itaque
1314 966 1448 1009 Sanc-

11 1035 15 1094 ss
57 1034 155 1078 titas
192 1035 345 1077 Vestra
381 1033 615 1078 utilitatem
648 1033 978 1089 haereticorum,
1008 1043 1052 1079 et
1083 1033 1316 1079 utilitatem
1345 1035 1445 1094 qui-

10 1114 18 1138 *
56 1104 156 1148 dem
204 1103 446 1149 secundum
492 1107 632 1148 Deum
660 1139 672 1159 ‚
723 1105 855 1150 etiam
895 1104 1018 1149 malis
1062 1105 1176 1149 bene
1229 1114 1442 1151 utentem.

18 1206 20 1212 -
59 1173 309 1219 Secundum
337 1174 451 1233 ipsos
467 1189 570 1219 vero
587 1175 671 1218 hoc
689 1174 902 1230 redditur,
931 1174 1052 1234 quod
1073 1174 1332 1232 voluerunt3
1358 1190 1447 1219 non

13 1254 16 1299 ζ
56 1244 141 1288 hoc
177 1243 297 1304 quod
318 1244 373 1287 de
395 1244 495 1302 ipsis
517 1246 632 1288 Deus
655 1244 769 1288 bene
794 1244 912 1289 facit.
946 1244 1067 1289 Sicut
1099 1244 1154 1288 de
1175 1244 1289 1289 Juda
1311 1261 1449 1305 quan-

56 1322 151 1358 tum
174 1313 280 1358 boni
304 1311 433 1357 fecit?
451 1313 652 1357 Passione
664 1314 838 1359 Domini
852 1313 982 1359 salvae
1007 1314 1134 1358 factae
1157 1324 1260 1359 sunt
1282 1325 1444 1373 gentes.

16 1419 17 1422 η
59 1384 144 1430 Sed
177 1393 228 1428 ut
260 1391 482 1443 pateretur
521 1384 757 1439 Dominus,
796 1383 931 1429 ,Iudas
964 1399 1065 1429 eum
1095 1382 1290 1429 tradidit.
1335 1389 1450 1429 Deus

19 1484 21 1492 ι
57 1469 160 1513 ergo
189 1463 233 1499 et
267 1463 415 1514 gentes
439 1454 598 1499 liberat
627 1470 750 1514 passo
778 1454 914 1511 Filio,
948 1463 993 1499 et
1020 1454 1182 1517 Judram
1209 1456 1337 1515 punit
1370 1471 1448 1515 pro

57 1525 217 1570 scelere
239 1540 333 1570 suo.
361 1527 638 1570 Sacramenta
659 1526 774 1569 enim
796 1541 896 1585 quae
916 1524 1006 1570 illic
1028 1525 1193 1581 latent,
1213 1541 1342 1571 nemo
1360 1525 1451 1570 diss

25 1622 28 1634 ι
58 1605 225 1641 cuteret
246 1596 505 1656 simpliciore
528 1604 760 1640 contentus
782 1596 897 1654 fide3
921 1605 965 1640 et
991 1595 1091 1640 ideo
1125 1611 1256 1641 nemo
1278 1597 1449 1641 inveni·-

22 1700 24 1702 ψ
57 1675 148 1721 ret,
188 1667 291 1725 quia
325 1680 455 1710 nemo
487 1665 748 1722 discuteret,
784 1663 865 1708 nisi
900 1663 1175 1724 pulsantibus
1207 1665 1450 1711 calumnia-

25 1760 35 1787 :⁴
57 1736 240 1781 toribus.
275 1737 389 1781 Cum
416 1735 531 1779 enim
556 1734 750 1779 haeretici
777 1734 1123 1791 calumniantur,
1157 1735 1328 1795 parvuli
1355 1753 1450 1797 per-2

25 1794 28 1802 ’
60 1806 296 1851 turbantur
326 1825 336 1850 ι
387 1820 488 1851 cum
524 1805 838 1863 perturbantur
859 1840 870 1860 ,
921 1805 1180 1866 inquirunt:
1227 1806 1452 1867 inquisitio

32 1899 38 1935 2
62 1892 235 1932 eorum,
261 1875 384 1936 quasi
406 1875 626 1935 percussio
647 1884 710 1919 est
742 1874 797 1919 de
818 1875 959 1935 capite
980 1876 1026 1920 in
1048 1876 1185 1920 ubera
1206 1878 1354 1922 matris
1369 1913 1379 1933 ,
1401 1888 1451 1923 ut

63 1956 232 1992 tantum
247 1955 442 2001 manent,
463 1954 681 2005 quantum
693 1945 885 2004 parvulis
900 1953 963 1990 sat
978 1955 1055 1990 est.
1075 1945 1145 1990 Illi
1159 1947 1323 1991 turbati
1335 1964 1451 2007 quae-

28 2000 41 2059 l
63 2026 167 2062 runt
181 2052 192 2072 ,
218 2016 294 2076 qui
316 2024 462 2061 autem
478 2023 643 2060 norunt
660 2023 703 2059 et
719 2014 988 2070 didicerunt,
1014 2015 1117 2075 quia
1133 2018 1311 2061 scrutati
1330 2028 1449 2073 sunt,

66 2096 110 2131 et
130 2087 300 2146 aperuit
321 2086 404 2130 illis
428 2084 700 2146 pulsantibus
714 2086 848 2141 Deus,
875 2086 1075 2146 aperiunt
1095 2096 1138 2132 et
1154 2087 1235 2146 ipsi
1250 2088 1448 2133 turbatis.

65 2160 124 2203 Et
144 2159 203 2202 sic
219 2158 269 2201 fit
291 2165 340 2201 ut
356 2155 420 2200 illi
433 2157 518 2201 sint
531 2154 657 2200 utiles
672 2155 726 2200 ad
745 2156 1051 2202 inveniendam
1072 2158 1296 2202 veritatem
1314 2193 1324 2213 ‚
1346 2159 1451 2202 dum

67 2227 388 2273 calumniantur
417 2227 475 2271 ad
504 2225 802 2271 seducendum
836 2227 881 2270 in
919 2242 1123 2273 errorem.
1155 2228 1455 2287 Negligentius

0 2289 2 2294 ⁸
71 2298 187 2342 enim
204 2297 358 2342 veritas
379 2305 668 2356 quaereretur,
686 2297 721 2341 si
742 2296 973 2342 mendaces
987 2297 1251 2344 adversarios
1267 2314 1356 2344 non
1377 2300 1455 2344 ha-

0 2364 3 2422 [
71 2367 208 2412 beret.
231 2387 252 2410 «
266 2370 449 2427 Oportet
462 2366 594 2422 enim,
616 2367 775 2427 inquit,
801 2376 843 2411 et
864 2368 1047 2413 haereses
1069 2383 1158 2413 esse
1170 2372 1202 2413 ².
1221 2387 1240 2410 »
1262 2372 1318 2414 Et
1334 2371 1455 2429 quasi

73 2453 366 2499 quaereremus
387 2451 582 2491 causam,
609 2437 793 2497 subjecit
811 2438 977 2494 statim,
1008 2441 1100 2483 «Ut
1120 2439 1292 2498 probati
1312 2441 1455 2486 mani-

42 2531 43 2534 =
77 2526 98 2550 »
124 2508 221 2553 festi
236 2509 342 2552 fiant
353 2508 466 2553 inter
486 2522 577 2552 vos.
607 2524 627 2548 »

126 2600 135 2617 ¹
151 2593 318 2636 Matth.1,
333 2602 387 2634 20,
407 2602 460 2626 21.
477 2609 519 2616 -—
540 2599 552 2616 2
575 2604 586 2624 1
608 2594 679 2625 Cor.
701 2603 743 2634 xi,
767 2603 817 2635 19.

289 2657 426 2690 CXXV.
1276 2654 1299 2691 8
