1898 3178
395 234 476 272 378
833 241 867 270 s.
903 240 1134 270 Aucus-run
1167 243 1347 272 zmscon

396 328 416 351 »
451 310 684 369 ligentibus
718 309 858 366 legem
892 317 1011 353 tuam
1030 344 1041 363 ,
1078 318 1121 353 et
1163 324 1252 354 non
1286 318 1350 353 est
1371 309 1430 352 eis
1457 307 1723 353 scandalum.
1746 326 1768 349 n

393 381 595 425 Concinit
617 380 718 423 huic
740 379 966 423 sententiae
993 379 1122 423 etiam
1142 379 1262 439 quod
1287 377 1506 423 audiendo
1525 388 1569 423 et
1589 393 1770 437 respon-

392 450 537 495 dendo
558 450 823 493 cantavimus
845 469 853 493 :
875 450 1029 493 «Mites
1048 459 1194 493 autem
1215 450 1466 494 haereditate
1486 448 1771 509 possidebunt

394 540 414 563 »
452 531 607 565 terram
626 556 636 575 ,
663 529 705 564 et
723 519 1060 564 delectabuntur
1080 521 1124 564 in
1142 520 1422 564 multitudine
1442 521 1627 580 pacis1.»
1645 521 1771 575 Quia,

396 613 415 634 «
451 596 537 636 Pax
560 591 698 635 multa
713 591 993 649 diligentibus
1014 591 1153 649 legem
1176 601 1312 635 tuam.
1342 609 1361 631 »
1384 592 1470 650 Ipsi
1491 591 1607 634 enim
1631 591 1771 646 mites,

391 663 466 722 qui
488 662 679 721 diligunt
695 662 835 721 legem
854 662 947 706 Dei.
977 681 997 704 «
1020 666 1176 707 Beatus
1199 663 1315 706 enim
1335 662 1424 716 vir,
1450 676 1581 721 quem
1602 670 1651 705 tu
1673 677 1775 705 eru-

394 752 414 774 »
449 732 576 776 dieris
595 768 605 787 ,
628 733 814 777 Domine
831 767 842 787 ,
867 741 975 776 etex
998 732 1091 790 lege
1115 742 1189 776 tua
1213 732 1413 776 docueris
1435 746 1534 775 eum
1553 766 1564 785 ,
1589 740 1639 775 ut
1660 731 1775 775 miti-
1841 769 1843 771 .

393 822 414 845 ))
449 819 520 862 ges
553 819 652 848 eum
675 803 869 848 adiebus
903 803 1103 862 malignis
1124 838 1134 858 ‚
1170 803 1311 847 donec
1332 801 1524 846 fodiatur
1560 802 1776 861 peccatori

393 892 413 915 »
449 873 575 918 fovea
587 877 648 917 2.»
671 876 811 927 Quam
833 873 1014 918 diversae
1026 873 1231 917 videntur
1256 873 1489 931 Scripturae
1511 887 1654 927 voces,
1675 873 1777 917 etin

390 959 522 988 unam
539 945 796 988 sententiam
810 944 869 988 sic
888 944 1119 989 confluunt
1137 952 1268 1003 atque
1285 951 1569 997 concurrunt,
1584 951 1634 986 ut
1649 942 1778 1002 quid-

390 1015 497 1074 quid
520 1013 670 1058 audire
691 1016 882 1074 potueris
901 1015 955 1058 de
978 1014 1099 1058 fonte
1120 1013 1195 1058 illo
1217 1013 1456 1067 uberrimo,
1474 1013 1716 1072 acquiescas
1735 1021 1778 1056 et

390 1094 436 1129 tu
450 1121 460 1140 ,
486 1086 721 1129 concordes
741 1085 912 1129 veritati
935 1085 1113 1139 amicus,
1139 1098 1243 1143 pace
1267 1083 1440 1144 plenus,
1460 1083 1671 1128 charitate
1692 1083 1779 1127 fer-

388 1155 535 1210 vidus,
560 1165 711 1200 contra
734 1155 936 1201 scandala
957 1155 1166 1200 munitus.

450 1229 505 1271 II.
532 1228 806 1286 Propositum
839 1235 902 1270 est
934 1241 1037 1285 ergo
1060 1225 1231 1281 videre,
1258 1225 1327 1270 vel
1353 1240 1568 1286 quaerere,
1599 1224 1670 1270 vel
1687 1224 1777 1269 dis-

390 1312 502 1351 cere,
522 1297 745 1356 quomodo
763 1297 887 1341 mites
910 1312 999 1341 esse
1019 1297 1229 1340 debemus
1247 1316 1255 1341 :
1275 1305 1318 1340 et
1335 1312 1386 1340 ex
1405 1297 1489 1341 hoc
1510 1294 1631 1356 quod
1648 1296 1779 1340 modo

390 1367 445 1410 de
477 1367 707 1426 Scripturis
732 1367 1088 1421 commemoravi,
1125 1367 1411 1412 admonemur
1439 1367 1635 1410 invenire
1659 1365 1780 1425 quod

390 1436 639 1496 quaerimus.
668 1441 841 1481 Intenta
864 1439 916 1480 sit
941 1437 1170 1496 paululum
1191 1437 1388 1481 Charitas
1414 1439 1594 1494 Vestra3
1620 1451 1779 1494 magna

391 1522 456 1550 res
477 1508 636 1565 agitur,
657 1516 708 1551 ut
729 1509 854 1551 mites
872 1507 1004 1551 simus
1022 1527 1030 1551 :
1056 1507 1292 1551 necessaria
1316 1522 1382 1551 res
1404 1508 1446 1550 in
1470 1506 1672 1551 adversis.
1691 1509 1779 1553 Ne-

392 1592 478 1636 que
499 1579 613 1620 enim
653 1593 717 1620 res
740 1578 929 1621 adversae
960 1577 1106 1622 saeculi
1127 1578 1256 1637 hujus
1290 1587 1504 1623 vocantur
1538 1577 1739 1626 scandala
1766 1598 1775 1623 2

392 1645 591 1690 scandala
610 1662 709 1706 quae
731 1647 830 1701 sint,
857 1646 1081 1691 advertite.
1103 1648 1254 1693 Nescio
1276 1649 1372 1708 quis
1386 1684 1396 1703 ,
1421 1648 1544 1693 verbi
1561 1648 1717 1706 gratia,
1735 1649 1781 1692 in

393 1716 646 1760 necessitate
685 1716 829 1776 aliqua
865 1717 1127 1761 constitutus
1162 1727 1341 1776 urgetur
1363 1733 1576 1777 pressura.
1601 1720 1699 1763 Non
1718 1726 1781 1762 est

392 1789 474 1832 hoc
497 1787 751 1831 scandalum
769 1823 780 1842 ,
801 1789 902 1848 quia
925 1803 1122 1847 pressura
1155 1798 1351 1847 urgetur.
1375 1792 1575 1833 Pressura
1599 1797 1642 1831 et
1662 1791 1781 1830 Mar-

394 1867 509 1908 tyres
528 1859 796 1910 pressisunt,
824 1858 899 1896 sed
922 1872 1009 1897 non
1032 1857 1238 1912 oppressi.
1269 1855 1530 1900 Scandalum
1553 1871 1672 1910 cave,
1691 1871 1781 1900 non

393 1921 520 1965 valde
542 1937 800 1981 pressuram.
833 1926 1035 1968 Pressura
1058 1925 1215 1983 premit
1244 1934 1285 1968 te
1302 1960 1312 1979 ,
1353 1925 1607 1970 scandalum
1630 1927 1780 1986 oppri-

395 1992 474 2035 mit
495 2000 551 2035 te.
578 1992 694 2044 Quid
713 2008 816 2051 ergo
838 1994 1017 2038 interest
1032 1994 1145 2038 inter
1165 2010 1408 2054 pressuram
1432 2005 1475 2039 et
1495 1996 1780 2044 scandalum?

398 2065 449 2105 In
471 2077 668 2121 pressura
690 2063 870 2122 parabas
900 2078 1068 2108 servare
1090 2064 1341 2122 patientiam
1357 2100 1368 2120 ,
1406 2075 1552 2111 tenere
1573 2075 1779 2116 constan-

397 2133 516 2187 tiam,
537 2148 626 2177 non
647 2133 892 2193 relinquere
913 2133 1066 2189 fidem,
1092 2150 1182 2178 non
1203 2137 1446 2181 consentire
1467 2146 1660 2196 peccato.
1685 2140 1779 2182 Hoc

395 2204 429 2247 si
450 2219 591 2248 servas
607 2239 618 2258 ,
640 2213 716 2248 aut
737 2205 771 2248 si
788 2206 1020 2249 servaveris
1037 2241 1052 2260 ‚
1077 2221 1274 2264 pressura
1296 2207 1377 2251 tibi
1399 2208 1524 2252 ruina
1552 2223 1641 2251 non
1663 2207 1744 2254 erit
1765 2227 1775 2252 :

395 2275 468 2317 sed
492 2275 546 2318 ad
571 2275 654 2319 hoc
675 2274 835 2319 valebit
856 2274 929 2319 illa
951 2290 1146 2334 pressura
1164 2312 1174 2331 ,
1202 2276 1255 2321 ad
1278 2278 1399 2337 quod
1426 2276 1541 2327 valet
1561 2278 1606 2321 in
1628 2287 1778 2322 torcu-

395 2343 498 2397 lari,
523 2360 611 2388 non
634 2354 683 2389 ut
712 2345 827 2389 oliva
860 2346 1156 2404 opprimatur,
1195 2347 1271 2390 sed
1309 2356 1357 2391 ut
1388 2346 1533 2391 oleum
1566 2347 1772 2408 liquetur.

396 2414 591 2473 Denique
613 2416 646 2458 si
674 2416 720 2459 in
743 2416 821 2459 ista
853 2430 1047 2474 pressura
1078 2415 1227 2460 laudes
1245 2419 1335 2461 Deo
1357 2415 1473 2461 dicas
1487 2452 1498 2472 ,
1515 2432 1647 2477 quam
1668 2417 1775 2466 utile

393 2483 561 2540 prelum
579 2520 589 2539 ,
616 2484 732 2529 unde
755 2501 777 2530 a
799 2495 841 2529 te
862 2484 1006 2545 liquor
1032 2488 1235 2530 emanat?
1259 2486 1477 2532 Sedebant
1504 2488 1550 2531 in
1573 2502 1771 2547 pressura

443 2572 449 2586 ¹
472 2566 551 2597 psal.
573 2578 682 2608 xxzw,
706 2580 755 2600 11.
779 2585 818 2591 —-
840 2576 852 2591 ²
873 2568 952 2601 Psal.
974 2579 1062 2610 xcm,
1083 2577 1135 2609 12,
1158 2569 1208 2600 13.

1859 2512 1863 2528 ,Α
1859 2443 1867 2455 ,
1859 2227 1864 2249 ..
1860 2175 1862 2179 .
