1898 3178
435 287 489 326 86
864 290 898 321 s.
933 290 1165 321 Aususnm
1194 293 1376 322 nmscom

437 381 458 404 n
497 361 573 405 Dei
595 375 642 404 su
650 360 785 403 mus¹.
805 375 825 398 »
843 359 901 402 Et
914 365 1059 401 tamen
1080 357 1181 417 quia
1196 357 1340 401 adhuc
1356 372 1442 402 nox
1458 365 1536 412 est,
1553 357 1660 418 quid
1671 358 1818 418 sequi-

437 433 539 476 tur?
555 450 575 473 «
591 433 648 474 Et
663 427 859 472 nondum
878 428 1076 487 apparuit
1092 427 1201 487 quid
1217 428 1391 471 erimus.
1410 428 1592 483 Scimus‚
1608 427 1818 487 quoniam
1853 430 1857 434 ⁴

437 519 460 544 »
494 515 595 545 cum
617 498 887 557 apparuerit,
912 497 1069 542 similes
1092 498 1131 541 ei
1153 497 1328 551 erimus,
1348 498 1556 557 quoniam
1570 497 1817 543 videbimus
1835 523 1839 525 -

437 589 459 614 »
485 586 586 615 eum
603 569 730 613 sicuti
752 577 829 613 est.
856 586 877 610 »
906 568 990 613 Sed
1014 569 1095 613 ista
1116 583 1278 612 merces
1306 577 1370 612 est
1386 603 1397 624 ‚
1422 583 1512 612 non
1532 583 1656 627 opus.
1679 567 1816 612 Vide-

434 643 579 687 bimus
607 655 708 685 eum
729 639 855 684 sicuti
876 648 965 695 est,
990 639 1081 698 ipsa
1116 654 1278 683 merces
1316 648 1394 683 est.
1421 641 1544 682 Tunc
1579 638 1660 682 erit
1697 637 1814 694 dies,

431 728 520 774 quo
537 711 692 756 clarior
712 725 801 754 esse
823 725 912 755 non
933 709 1081 769 possit.
1099 711 1226 754 Nunc
1243 724 1346 768 ergo
1367 709 1414 752 in
1429 709 1511 753 isto
1528 710 1620 769 jam
1643 707 1717 752 die*
1732 709 1817 753 ho-

432 791 553 830 neste
589 779 861 826 ambulemus
887 799 896 824 :
920 779 965 823 in
987 779 1065 823 ista
1103 779 1245 823 adhuc
1280 788 1408 823 nocte
1430 794 1521 823 non
1555 778 1611 822 de
1630 779 1818 823 invicem

427 853 691 913 judicemus.
718 849 873 893 Videte
895 850 1011 893 enim
1029 857 1073 892 et
1087 849 1229 908 ipsum
1253 850 1499 907 apostolum
1519 848 1719 904 Paulum,
1742 852 1818 908 qui
1845 898 1849 900 ,

432 922 539 966 dixit
566 940 575 966 :
605 940 625 963 «
647 921 766 965 Sicut
792 920 837 963 in
858 917 929 962 die
958 919 1141 963 honeste
1163 918 1494 973 ambulemus2,
1520 936 1540 960 »
1567 934 1658 963 non
1678 917 1818 962 resul-
1847 949 1850 952 -

428 1002 522 1038 tare
543 1027 554 1048 ‚
573 1006 716 1051 neque
738 990 955 1034 dissonare
972 1005 995 1034 a
1017 989 1266 1049 coapostolo
1287 1005 1366 1033 suo
1391 993 1520 1034 Petro
1539 1025 1550 1044 ‚
1576 989 1652 1049 qui
1673 988 1781 1033 dicit
1806 1007 1816 1034 z
1848 1027 1851 1030 ,

435 1082 456 1107 ι(
476 1062 559 1108 Cui
580 1061 832 1105 benefacitis
846 1059 1138 1114 intendentes,
1155 1060 1340 1103 sermoni
1352 1058 1513 1103 scilicet
1534 1059 1698 1114 divino,
1718 1068 1828 1103 tan-³*

431 1152 453 1176 »
489 1147 622 1192 quam
657 1131 848 1173 lucernae
869 1130 915 1172 in
944 1129 1130 1172 obscuro
1166 1128 1264 1172 loco
1282 1163 1294 1183 ‚
1320 1127 1459 1173 donec
1481 1129 1571 1173 dies
1601 1125 1817 1185 lucescat,

428 1202 455 1246 »‘
487 1210 530 1246 et
550 1198 705 1245 lucifer
727 1200 890 1243 oriatur
909 1199 955 1242 in
976 1198 1183 1243 cordibus
1210 1200 1405 1243 vestrisss.
1435 1218 1455 1240 »

486 1273 564 1317 IV.
589 1269 745 1314 Videte
767 1270 851 1313 hoc
881 1269 1026 1328 ipsum
1061 1269 1279 1312 dicentem
1315 1268 1560 1328 apostolum
1599 1268 1846 1324 Paulum}

433 1361 456 1386 «
490 1344 646 1400 Itaque
690 1338 824 1383 nolite
876 1347 977 1382 ante
1023 1347 1195 1397 tempus
1237 1339 1478 1398 quidquam
1512 1338 1723 1398 judicare.
1763 1342 1822 1386 Et

430 1429 454 1455 >›
488 1409 667 1470 quando
690 1409 772 1453 erit
793 1410 993 1467 tempus?
1021 1411 1168 1452 Donec
1199 1409 1344 1453 veniat
1367 1409 1600 1463 Dominus,
1639 1419 1683 1453 et
1718 1409 1845 1455 illu-·

430 1501 453 1524 »
489 1481 628 1525 minet
649 1478 902 1523 abscondita
920 1479 1221 1535 tenebrarum,
1249 1489 1291 1523 et
1314 1479 1559 1524 manifestet
1587 1480 1819 1539 cogitatio-

431 1569 453 1594 »
488 1565 564 1594 nes
599 1548 739 1593 cordis
755 1584 766 1603 ‚
797 1558 840 1592 et
861 1558 966 1592 tunc
987 1548 1081 1592 laus
1115 1559 1176 1592 est
1199 1550 1438 1609 unicuique
1459 1566 1482 1593 a
1500 1553 1590 1594 Deo
1602 1551 1635 1604 4,
1663 1568 1683 1591 »
1703 1549 1821 1604 Quid

429 1630 514 1675 est,
541 1629 641 1663 ante
663 1629 858 1677 tempus,
891 1619 972 1662 nisi
990 1628 1223 1678 antequam
1250 1619 1381 1664 corda
1403 1621 1586 1664 invicem
1609 1619 1788 1665 videatis
1803 1623 1827 1666 ἓ·

406 1699 411 1701 ’
432 1690 656 1736 Intendite
682 1689 715 1732 si
736 1690 821 1732 hoc
838 1697 904 1731 est
935 1688 1057 1747 quod
1085 1689 1172 1732 dixi
1200 1707 1209 1733 ε
1235 1689 1381 1733 omnia
1402 1689 1536 1733 verba
1557 1690 1688 1749 ipsius
1719 1705 1841 1734 sen-
1896 1684 1898 1692 ἶ

433 1760 581 1805 tentiae
599 1757 816 1817 paulisper
834 1757 1060 1802 attendite.
1079 1777 1099 1800 «
1113 1759 1257 1803 Nolite
1274 1768 1376 1803 ante
1392 1767 1564 1818 tempus
1577 1758 1820 1820 quidquam
1830 1751 1840 1818 ᾗ
1897 1779 1898 1783 ¹

434 1849 457 1874 »
486 1830 699 1891 judicare.
724 1831 781 1873 Et
802 1828 981 1888 quando
1001 1829 1082 1872 erit
1103 1831 1306 1888 tempus?
1328 1832 1474 1873 Donec
1500 1830 1645 1874 veniat
1667 1831 1837 1875 Domi-²2

432 1913 457 1944 »¹
490 1916 571 1944 nus
586 1908 629 1943 et
643 1899 861 1942 illuminet
878 1897 1130 1943 abscondita
1149 1898 1446 1954 tenebrarum,
1461 1907 1505 1942 et
1524 1899 1820 1946 manifestabit

434 1989 456 2013 »
491 1960 772 2028 cogitationes
790 1967 954 2022 cordis,
975 1977 1017 2011 et
1034 1977 1137 2012 tunc
1159 1966 1254 2011 laus
1277 1969 1358 2012 erit
1379 1969 1617 2029 unicuique
1635 1987 1659 2015 a
1680 1973 1815 2016 Deo.»

436 2038 664 2094 Quomodo
686 2044 731 2082 tev
747 2036 1067 2097 reprehendent
1084 2036 1299 2093 tenebrae,
1321 2039 1498 2097 quando
1521 2056 1544 2083 a
1560 2039 1659 2084 luce
1670 2040 1821 2086 lauda·-
1839 2071 1841 2074 -
1895 2055 1898 2062 ⁴

433 2110 575 2155 beris?
600 2111 722 2154 Tunc
754 2108 971 2169 patebunt
993 2107 1140 2162 corda,
1166 2107 1297 2152 modo
1319 2107 1470 2152 latent.
1500 2112 1733 2169 Suspectus
1755 2118 1819 2156 est

431 2182 576 2225 nescio
596 2180 692 2240 quis
729 2178 852 2239 quasi
874 2178 1096 2233 inimicus,
1118 2187 1160 2221 et
1182 2176 1294 2222 forte
1317 2187 1380 2222 est
1413 2180 1576 2223 amicus
1607 2199 1615 2224 :
1644 2173 1821 2226 videtur

427 2251 535 2296 alter
552 2251 674 2311 quasi
692 2248 855 2294 amicus
871 2284 882 2304 ‚
908 2258 952 2293 et
967 2258 1028 2292 est
1046 2247 1226 2292 forsitan
1245 2248 1441 2293 occultus
1458 2249 1674 2294 inimicus.
1696 2252 1734 2295 O
1751 2245 1816 2296 teg
1836 2279 1838 2285 r
1896 2286 1898 2292 ,

429 2321 603 2365 nebrae!
633 2322 762 2366 Saevit
781 2355 792 2374 ‚
818 2329 861 2363 et
879 2328 1019 2376 amat3
1046 2318 1289 2373 blanditur,
1312 2329 1354 2363 et
1371 2320 1479 2364 odit.
1504 2322 1545 2364 Si
1562 2335 1612 2364 ex
1634 2301 1837 2376 vocibussy
1892 2320 1896 2326 ’

424 2391 574 2450 judico
590 2425 601 2444 ,
625 2389 912 2449 tranquillum
930 2389 1068 2432 vitans
1086 2388 1314 2451 scopulum
1336 2391 1535 2446 incurro3
1561 2389 1682 2449 fugio
1701 2378 1823 2452 ami-fx

425 2475 544 2513 cum,
569 2461 713 2503 haereo
734 2459 926 2502 inimico.
957 2461 1049 2502 Hoc
1071 2457 1173 2501 fecit
1190 2474 1264 2502 cor
1284 2458 1436 2503 latens.
1457 2460 1523 2503 Ibi
1541 2459 1811 2504 credenduni

428 2541 506 2584 est,
532 2530 591 2572 ibi
610 2530 742 2583 intus⁷
761 2530 838 2573 ubi
861 2529 966 2573 latet
982 2565 993 2583 ‚
1027 2530 1103 2572 ubi
1125 2528 1342 2573 occultum
1382 2540 1457 2573 cst.
1483 2531 1550 2574 Ad
1572 2532 1654 2575 hoc
1675 2546 1805 2576 exco-

477 2620 487 2634 1
511 2624 523 2643 1
546 2615 636 2643 Joan.
656 2623 704 2649 ιιι,
724 2621 754 2644 2.
777 2630 817 2635 —-
833 2615 946 2643 2Ιὶοιιι.
967 2623 1031 2651 xm,
1058 2613 1106 2643 13.
1128 2628 1169 2634 —-
1189 2611 1202 2633 3
1223 2622 1240 2642 2
1258 2615 1339 2643 Patr.
1357 2625 1379 2644 r.
1412 2624 1458 2653 ¹9·
1478 2630 1518 2635 —
1537 2613 1552 2643 4
1572 2625 1582 2645 ι
1606 2614 1677 2647 Cor.
1700 2610 1747 2655 iv,
1774 2608 1807 2646 5]
