1898 3178
463 321 643 364 ciamus.
672 319 817 361 Virtus
842 317 957 361 enim
981 318 1072 377 ipsa
1093 334 1192 378 quae
1210 319 1270 363 ibi
1291 319 1570 377 intelligitur,
1596 320 1738 363 unitas
1759 328 1846 374 est,

467 400 510 435 11
528 389 688 434 redacti
705 388 750 432 in
767 402 923 447 corpus
938 389 1051 448 ejus,
1070 389 1214 434 effecti
1227 390 1423 434 membra
1437 391 1527 450 ejus
1539 425 1550 445 ,
1575 390 1707 434 simus
1729 390 1849 450 quod
1888 422 1889 426 η

455 461 706 520 accipimus.
744 461 866 503 Tunc
889 459 970 503 erit
1001 475 1102 505 vere
1133 463 1256 521 panis
1285 470 1431 505 noster
1459 461 1756 522 quotidianus.
1793 463 1852 506 Et
1886 464 1892 493 1

454 529 576 591 quod
597 529 720 574 vobis
737 538 878 574 tracto
893 564 904 585 ,
929 531 1051 589 panis
1075 530 1355 591 quotidianus
1373 541 1436 575 est
1458 551 1466 576 :
1492 541 1535 576 et
1561 531 1682 592 quod
1700 531 1745 575 in
1766 534 1852 575 Ec·-
1885 498 1890 558 1

452 600 582 645 010513
603 599 812 644 lectiones
833 599 1031 660 quotidie
1050 601 1207 646 auditis
1224 602 1375 679 ,panis
1393 602 1674 661 quotidianus
1697 610 1786 645 est:
1808 610 1866 646 et

451 671 572 732 quod
593 671 782 728 hymnos
805 670 961 716 auditis
977 681 1038 727 ,et
1052 671 1173 727 dicis,
1198 672 1321 731 panis
1343 671 1625 732 quotidianus
1644 681 1722 716 est.
1745 674 1850 717 Haec
1880 693 1885 720 1

449 743 567 786 enim
584 752 686 787 sunt
700 743 937 788 necessaria
949 742 1289 803 peregrinationi
1305 752 1477 788 nostrae.
1495 741 1720 803 Numquid
1740 727 1884 788 illuc
1880 756 1883 786 ῑ

447 814 626 874 quando
649 815 920 870 venerimus,
947 814 1140 860 codicem
1159 829 1308 859 sumus
1329 813 1547 859 audituri?
1571 817 1719 874 Ipsum
1745 816 1881 858 Ver-2

446 884 554 928 bum
567 884 721 939 visuri,
746 885 888 945 ipsum
914 885 1107 929 Verbum
1131 884 1339 940 audituri,
1366 885 1508 944 ipsum
1525 884 1847 940 manducaturi,
1862 854 1880 922 1

449 956 595 1015 ipsum
612 955 822 1012 bibituri,
847 957 1072 1017 quomodo
1093 956 1248 1014 Angeli
1262 955 1410 1001 modo.
1429 954 1653 1016 Numquid
1675 946 1878 1014 Angelis

449 1026 628 1070 codices
663 1035 765 1070 sunt
802 1027 1052 1081 necessarii,
1090 1035 1165 1070 aut
1193 1025 1509 1085 disputatores,
1548 1035 1623 1069 aut
1651 1026 1848 1082 lectores,
1864 991 1878 1081 ,1

450 1096 590 1140 Absit.
616 1096 820 1142 Videndo
850 1097 1029 1156 legunt:
1055 1096 1207 1140 vident
1229 1098 1346 1141 enim
1364 1098 1502 1157 ipsam
1536 1097 1785 1151 veritatem,
1808 1105 1867 1141 eti

448 1166 523 1212 1110
545 1166 670 1212 fonte
685 1169 920 1223 satiantur,
947 1168 1063 1212 unde
1090 1183 1168 1213 nos
1191 1168 1441 1213 irroramur.
1467 1168 1641 1212 Dictum
1664 1176 1727 1211 est
1750 1182 1866 1226 ergo·

449 1237 505 1281 de
519 1254 632 1297 pane
652 1238 939 1299 quotidian03
964 1239 1067 1298 quia
1087 1238 1133 1282 in
1150 1239 1230 1283 ista
1265 1239 1354 1283 vita
1376 1238 1502 1283 nobis
1523 1247 1586 1282 est
1616 1237 1860 1283 necessaria:
1896 1254 1898 1278 ε

452 1313 551 1356 haec
573 1309 742 1369 petitio.

512 1383 636 1424 VIII.
677 1379 888 1423 «Dimitte
911 1379 1037 1423 nobis
1059 1377 1206 1422 debita
1225 1387 1371 1423 nostra
1388 1413 1398 1433 ‚
1424 1379 1537 1422 sicut
1552 1388 1595 1423 et
1612 1393 1691 1423 nos
1708 1377 1851 1424 dimit-

459 1471 480 1494 »
516 1451 647 1495 timus
681 1450 951 1494 debitoribus
978 1449 1134 1493 nostris
1154 1450 1185 1491 ¹.
1213 1466 1232 1489 »
1257 1448 1484 1508 Numquid
1522 1449 1765 1493 necessaria
1790 1457 1856 1495 est*

476 232 558 270 196
898 238 931 267 s.
970 237 1197 269 Accessum
1234 243 1412 270 Et'lscom
1891 103 1898 281 1

1889 285 1898 320 t

1887 357 1898 459 ἰ

458 1672 634 1725 peccata
670 1661 938 1706 delebuntur
971 1680 979 1704 ε
1009 1660 1182 1704 nullum
1212 1660 1390 1704 omnino
1430 1660 1494 1704 ibi
1527 1661 1781 1706 remanebit.
1836 1660 1845 1670 '

461 1734 570 1796 quid
588 1732 687 1776 mali
704 1729 940 1791 aliquando
965 1731 1149 1789 gessistis
1165 1765 1175 1784 ‚
1199 1729 1359 1774 fecistis
1374 1764 1384 1784 ,
1405 1729 1569 1774 dixistis
1584 1766 1595 1786 ,
1621 1731 1851 1791 concupis-³

468 2017 676 2062 faciamus
698 2013 817 2074 quod
839 2012 1035 2072 sequitur
1053 2030 1060 2055 ;
1091 2030 1111 2053 «
1139 2013 1259 2056 Slcut
1279 2020 1321 2054 et
1342 2027 1420 2055 nos
1449 2011 1710 2057 dimittinius
1733 2013 1843 2058 deb'in

473 2107 493 2129 »
519 2086 687 2131 toribus
708 2084 879 2128 nostris.
898 2101 917 2124 »
943 2082 1128 2126 Maxime
1144 2096 1245 2139 ergo
1269 2097 1344 2126 vos
1366 2082 1442 2141 qui
1464 2083 1665 2127 intraturi
1682 2085 1779 2128 estis
1799 2097 1836 2128 at

472 2442 655 2485 inimicis
686 2439 857 2494 vestris,
881 2438 955 2497 qui
988 2437 1111 2482 vobis
1141 2446 1240 2482 ante
1261 2438 1438 2498 injurias
1459 2437 1672 2484 f.ecerunt
1700 2439 1824 2484 Dimit
1863 2438 1896 2477 111

475 2513 577 2567 1110,
595 2510 950 2572 quomodovobis
972 2508 1220 2554 dimittitui.
1247 2512 1362 2554 Deus
1379 2508 1490 2554 nulli
1507 2508 1635 2556 fecit
1625 2523 1851 2571 mJurlam

524 2598 665 2630 ¹]1atth.
688 2609 736 2639 v‚i
762 2607 811 2630 12.

1826 2604 1898 2724 1

1823 2753 1828 2781 1

1823 2787 1827 2871 1

1821 2879 1824 2909 1
