1898 3178
328 213 466 240 salmo
497 210 710 250 Lxxxvnr,
746 212 799 239 DE
830 211 976 240 VERBIS
1007 208 1170 238 ΜΑΤΤΗ.
1206 211 1280 237 xx.
1411 196 1495 237 447

122 275 218 320 dior
237 275 311 320 ille
331 277 406 336 qui
429 276 529 321 fecit
553 295 562 320 :
587 290 667 319 nec
687 277 818 336 hujus
840 277 1005 335 generis
1027 275 1102 320 lux
1124 283 1209 330 est,
1244 289 1343 335 quae
1364 274 1500 333 perti-

122 355 222 391 neat
254 346 309 390 ad
343 347 519 391 oculum
550 346 720 390 mentis.
756 350 850 390 Lux
880 346 954 391 illa
986 355 1049 390 est
1079 354 1239 389 aeterna
1271 345 1495 404 sapientia.

123 417 244 460 Fecit
265 425 411 461 autem
431 425 474 460 te
496 419 626 471 Deus,
643 431 669 460 o
686 417 834 472 homo,
861 415 916 461 ad
936 415 1170 475 imaginem
1186 430 1323 459 suam.
1344 417 1501 458 Daret-

123 501 179 531 ne
203 487 282 531 tibi
299 487 418 531 unde
437 487 605 532 videres
627 485 761 532 solem
780 502 911 547 quem
934 485 1038 532 fecit
1054 522 1064 542 ,
1100 495 1143 530 et
1162 501 1251 531 non
1272 484 1354 530 tibi
1380 484 1503 529 daret

125 556 243 602 unde
261 557 427 602 videres
449 573 549 602 eum
567 558 643 618 qui
663 566 706 602 te
728 556 850 613 fecit,
874 573 973 602 cum
995 567 1038 602 te
1058 556 1113 601 ad
1129 557 1362 616 imaginem
1381 570 1502 599 suam

123 626 299 673 fecerit?
321 628 448 673 Dedit
470 638 513 673 et
540 630 624 674 hoc
643 643 653 670 τ
677 637 914 689 utrumque
934 628 1055 673 dedit
1086 628 1181 672 tibi.
1210 626 1294 673 Sed
1315 626 1505 671 multum

123 699 203 744 hos
235 698 382 744 oculos
411 699 642 744 exteriores
676 698 840 758 diligis,
872 699 1063 743 multum
1099 697 1224 743 illum
1254 698 1505 742 interiorem

121 768 304 828 negligis
325 784 333 810 τ
354 768 562 814 detritum
578 778 722 829 portas
740 778 870 830 atque
887 769 1142 813 sauciatum.
1167 771 1304 813 Poena
1324 767 1404 812 tibi
1423 775 1503 821 est,

123 839 157 884 si
178 855 222 884 se
243 839 429 885 voluerit
461 840 689 885 ostendere
710 840 944 886 fabricator
965 849 1066 885 tuus
1095 856 1104 881 :
1129 855 1261 899 poena
1283 847 1348 883 est
1378 837 1507 882 oculo

124 919 223 966 tuo,
248 920 482 970 antequam
501 920 678 956 curetur
697 921 829 972 atque
846 920 1036 956 sanetur.
1057 913 1166 957 Nam
1183 919 1226 954 et
1239 910 1284 954 in
1306 908 1507 969 paradiso

124 982 317 1040 peccavit
334 981 472 1027 Adam
486 1017 496 1037 ,
522 991 565 1026 et
586 981 812 1027 abscondit
832 998 876 1027 se
898 999 921 1027 a
941 981 1053 1027 facie
1074 982 1167 1027 Dei.
1193 983 1306 1026 Cum
1327 979 1509 1023 haberet

124 1066 225 1110 ergo
252 1068 326 1096 cor
346 1067 499 1097 sanum
522 1069 643 1113 purae
665 1052 941 1098 conscientiae
957 1087 968 1109 ,
995 1052 1211 1111 gaudebat
1243 1051 1298 1095 ad
1318 1065 1509 1110 praesen-

124 1123 228 1167 tiam
261 1123 337 1167 Dei
367 1139 375 1165 :
407 1133 639 1184 postquam
671 1134 850 1184 peccato
880 1123 1031 1169 oculus
1062 1123 1136 1167 ille
1165 1121 1379 1167 sauciatus
1416 1130 1505 1176 est,

123 1194 259 1253 coepit
284 1193 427 1238 lucem
457 1193 692 1239 formidare
714 1195 927 1250 divinam,
963 1192 1122 1251 refugit
1142 1194 1187 1237 in
1218 1192 1417 1237 tenebras
1439 1200 1508 1236 at-

125 1279 212 1324 que
242 1264 288 1309 in
315 1264 446 1309 densa
474 1264 716 1324 lignorum,
742 1266 968 1311 veritatem
994 1263 1188 1322 fugiens,
1224 1264 1400 1308 umbras
1437 1279 1510 1323 ap-

124 1343 289 1394 petens.

182 1406 282 1449 VII.
308 1406 445 1462 Ergo,
470 1403 623 1449 fratres
645 1406 753 1456 mei,
784 1405 993 1465 quoniam
1018 1414 1061 1449 et
1090 1420 1169 1449 nos
1198 1403 1300 1448 inde
1322 1404 1412 1448 nati
1435 1419 1510 1448 su-

122 1490 242 1530 mus,
269 1483 312 1519 et
325 1474 435 1519 sicut
452 1475 558 1519 dicit
577 1475 811 1534 Apostolus
830 1491 838 1516 :
871 1494 889 1517 «
911 1478 963 1519 In
985 1474 1124 1519 Adam
1150 1490 1299 1519 omnes
1321 1474 1511 1519 moriun-

128 1562 147 1587 »
175 1547 268 1589 tur¹
291 1565 300 1590 2
320 1563 340 1587 »
357 1560 506 1590 omnes
525 1545 639 1589 enim
655 1561 733 1590 nos
750 1547 839 1590 duo
856 1546 1055 1590 homines
1070 1545 1306 1606 aliquando
1322 1544 1506 1590 fuimus:

125 1616 159 1660 si
186 1615 407 1661 noluimus
429 1617 730 1676 obtemperare
760 1616 953 1672 medico,
987 1625 1037 1660 ut
1059 1632 1149 1661 non
1176 1625 1508 1675 aegrotaremus,

124 1688 475 1746 obtemperemus
493 1722 502 1743 r.
530 1696 579 1731 ut
603 1687 657 1731 ab
680 1686 938 1746 aegritudine
960 1686 1212 1731 liberemur.
1234 1687 1363 1731 Dedit
1384 1687 1511 1731 nobis

126 1767 342 1817 praecepta
374 1756 589 1813 medicus,
631 1758 777 1801 sanis:
804 1757 924 1801 dedit
958 1766 1174 1817 praecepta
1205 1757 1421 1812 medicus,
1456 1771 1512 1801 ne

125 1828 296 1873 medico
317 1827 622 1886 indigeremus.
650 1847 669 1869 «
685 1831 784 1874 Non
807 1844 914 1888 opus
932 1837 996 1872 est
1011 1863 1022 1884 ‚
1042 1828 1213 1888 inquit,
1237 1828 1348 1872 sanis
1370 1827 1512 1872 medi-

129 1916 149 1940 »
175 1914 274 1954 cus,
291 1897 365 1942 sed
383 1894 737 1956 aeg1·otantib11s².
757 1916 776 1939 υ
801 1899 902 1943 Sani
917 1907 1134 1958 praecepta
1154 1899 1510 1958 contempsimus,

127 1977 170 2012 et
191 1969 486 2028 experimento
505 1968 714 2013 sensimus
741 1969 787 2012 in
818 1978 1026 2029 quantam
1055 1969 1289 2028 perniciem
1323 1977 1514 2013 nostram

125 2048 394 2099 praeceptum
417 2038 528 2083 illud
543 2040 558 2066 3
583 2040 986 2100 contempserimus.
1012 2043 1242 2099 AEgrotare
1267 2041 1357 2100 jam
1381 2041 1515 2099 coepi-

127 2125 246 2165 mus,
275 2110 550 2166 laboramus,
583 2112 628 2155 in
657 2110 772 2156 lecto
803 2111 1066 2155 infirmitatis
1098 2127 1246 2156 sumus
1275 2127 1284 2152 :
1320 2109 1395 2155 sed
1426 2127 1515 2156 non

128 2179 419 2240 desperemus.
445 2181 557 2234 Quia
586 2182 703 2226 enim
732 2181 787 2226 ad
818 2181 1037 2226 medicum
1065 2182 1213 2226 venire
1235 2197 1323 2226 non
1347 2190 1516 2241 potera-

129 2266 240 2307 mus,
265 2250 354 2310 ipse
377 2250 432 2295 ad
446 2267 524 2295 nos
540 2252 687 2296 venire
705 2251 906 2310 dignatus
921 2262 998 2297 est.
1021 2254 1119 2298 Non
1137 2253 1397 2312 contempsit
1412 2267 1515 2296 sau-

130 2322 247 2366 cium
268 2332 544 2382 contemptus
566 2339 590 2367 a
610 2339 728 2368 sano.
753 2326 852 2370 Non
874 2323 1039 2368 destitit
1060 2323 1163 2368 dare
1195 2323 1275 2368 alia
1297 2332 1516 2384 praecepta

130 2392 382 2452 languenti,
420 2393 496 2454 qui
532 2394 671 2453 prima
705 2394 924 2439 custodire
960 2393 1124 2450 noluit,
1166 2410 1221 2438 ne
1253 2394 1482 2454 langueret
1503 2409 1512 2435 ε

134 2472 345 2525 tanquam
374 2463 538 2509 diceret
564 2479 574 2505 τ
610 2466 737 2510 Certe
766 2466 1062 2525 experimento
1084 2465 1251 2510 sensisti
1274 2480 1427 2510 verum
1449 2480 1518 2509 me

182 2557 191 2574 ¹
216 2562 228 2583 1
246 2554 320 2584 Gor.
341 2561 396 2592 xv,
424 2560 475 2584 22.
498 2567 539 2573 —
561 2557 572 2574 ²
592 2551 705 2584 Matth.
730 2563 775 2592 1x,
801 2560 851 2584 12.
874 2568 915 2575 —
941 2549 955 2574 3
978 2552 1082 2584 Forte
1099 2554 1264 2594 praecepta
1281 2550 1372 2583 illius.
