1898 3178
435 150 517 191 194
866 163 899 189 s.
934 159 1176 195 Acccsnm„
1198 162 1379 189 EPISCOPI

432 226 643 282 dormiat,
668 233 816 285 surgat
847 232 891 268 et
923 233 1086 282 regnet.
1111 224 1245 270 Modo
1274 224 1523 284 vigilemus,
1547 233 1687 270 morte
1708 225 1816 270 dor·

429 297 640 351 miemus,
664 296 710 339 in
727 295 812 338 fine
830 309 1105 353 resurgemus
1119 329 1130 350 ,
1154 295 1246 339 sine
1266 295 1354 339 fine
1371 294 1666 354 regnabimus.

489 369 566 412 VI.
597 385 617 408 «
643 366 739 409 Fiat
751 364 952 410 voluntas
965 373 1062 420 tua,
1077 365 1188 410 sicut
1206 366 1253 409 in
1273 365 1403 422 coelo,
1420 366 1479 410 ita
1497 367 1541 410 et
1559 366 1602 409 in
1617 367 1762 410 terra¹.
1791 383 1814 407 v»

428 436 573 482 Tertio
593 434 782 495 petimus
796 469 808 491 ‚
837 453 859 477 «
882 435 980 480 Fiat
1001 434 1204 481 voluntas
1221 445 1296 480 tua
1311 471 1322 492 ,
1342 437 1454 481 sicut
1474 436 1520 481 in
1537 435 1650 481 coelo
1664 471 1676 492 ‚
1692 435 1752 481 ita
1773 444 1817 480 et

429 526 450 549 >›
485 508 532 552 in
548 516 676 552 terra.
706 523 727 548 »
749 508 808 551 Et
829 505 913 552 hoc
945 506 1072 552 nobis
1101 507 1214 552 bene
1242 516 1458 567 optamus.
1483 510 1594 554 Nam
1614 506 1818 552 voluntas

424 579 503 622 Dei
525 592 697 622 necesse
717 586 782 622 est
795 585 845 622 ut
868 578 960 622 fiat.
986 577 1200 623 Voluntas
1223 579 1301 623 Dei
1322 587 1401 633 est,
1417 587 1468 625 ut
1488 586 1673 637 regnent
1690 577 1815 633 boni,

427 647 691 693 damnentur
711 647 830 694 mali.
850 648 1077 709 Numquid
1092 657 1237 709 potest
1254 648 1334 693 ista
1356 647 1560 693 voluntas
1581 663 1672 693 non
1694 647 1828 710 florii).

427 716 513 762 Sed
547 717 656 778 quid
687 718 813 763 nobis
835 718 947 763 bene
969 728 1170 779 optamus
1186 754 1198 774 ,
1231 717 1410 779 quando
1437 717 1653 763 dicimus:
1681 718 1819 763 «Fiat

428 807 449 830 »
484 789 687 834 voluntas
707 798 784 834 tua
800 824 812 846 ‚
827 784 947 835 ¹sicut
966 791 1012 835 in
1041 790 1154 835 coelo
1173 825 1184 845 ‚
1216 791 1274 834 ita
1297 799 1340 834 et
1361 790 1406 833 in
1423 791 1570 834 terra?
1589 807 1610 830 »
1643 788 1814 834 Audite.

425 859 576 904 Multis
597 860 712 905 enim
746 861 888 906 modis
921 861 1016 905 haec
1047 861 1200 921 petitio
1221 859 1403 918 intelligi
1445 869 1589 919 potest
1609 868 1653 904 et
1679 857 1820 904 multa

426 938 528 975 sunt
549 929 780 988 cogitanda
801 931 848 975 in
869 931 950 975 ista
966 931 1177 991 petitione
1197 949 1207 975 :
1227 929 1405 990 quando
1427 944 1629 989 rogamus
1647 933 1788 974 Deum
1805 948 1816 979 ς

427 1020 449 1043 «
483 1001 581 1046 Fiat
595 1001 798 1047 voluntas
814 1011 889 1046 tua
904 1036 915 1058 ‚
941 1002 1054 1047 sicut
1073 1003 1120 1047 in
1143 1001 1257 1046 coelo
1273 1036 1285 1057 ,
1309 1002 1370 1046 ita
1387 1011 1431 1046 et
1446 1002 1492 1045 in
1507 1010 1637 1046 terra.
1657 1019 1678 1042 »
1696 1003 1819 1054 Quo-

423 1072 556 1117 modo
577 1082 620 1117 te
635 1089 726 1118 non
747 1073 982 1118 offendunt
996 1073 1153 1132 Angeli
1170 1073 1237 1118 tui
1256 1107 1268 1128 ‚
1288 1074 1348 1118 sic
1369 1082 1414 1118 te
1432 1088 1524 1117 non
1542 1072 1820 1118 offendamus

422 1151 465 1187 et
478 1158 571 1187 nos.
599 1146 766 1187 Iterum
780 1143 1005 1203 quomodo
1022 1143 1283 1202 intelligitur
1305 1163 1317 1189 ι
1349 1163 1369 1186 «
1387 1144 1485 1188 Fiat
1503 1143 1706 1189 voluntas
1724 1152 1817 1199 tua,

422 1230 443 1254 »
479 1213 594 1258 sicut
613 1213 659 1257 in
676 1213 816 1268 coelo,
840 1213 900 1258 ita
920 1223 964 1258 et
986 1214 1032 1258 in
1056 1215 1197 1258 terra?
1222 1232 1243 1255 »
1267 1215 1415 1259 Sancti
1447 1229 1599 1259 omnes
1630 1214 1821 1258 Patriar-

422 1283 517 1328 chae
533 1318 544 1339 ,
569 1298 719 1329 omnes
740 1283 996 1342 Prophetae,
1016 1299 1168 1328 omnes
1184 1284 1412 1343 Apostoli,
1438 1284 1652 1344 spiritales
1670 1299 1821 1328 omnes

422 1362 635 1414 tanquam
663 1353 826 1399 coelum
858 1362 960 1398 sunt
992 1356 1084 1398 Deo
1109 1373 1119 1399 ε
1148 1368 1227 1399 nos
1249 1363 1393 1398 autem
1423 1354 1469 1398 in
1495 1354 1820 1414 comparatione

426 1424 622 1484 ipsorum
644 1432 759 1469 terra
782 1438 949 1468 sumus.
975 1442 997 1466 «
1020 1424 1118 1468 Fiat
1135 1424 1338 1470 voluntas
1360 1434 1434 1469 tua
1452 1459 1463 1480 ‚
1489 1425 1599 1469 sicut
1621 1425 1667 1468 in
1688 1424 1818 1481 coelo,

426 1514 447 1537 »
482 1494 542 1540 ita
564 1504 608 1540 et
630 1495 676 1539 in
709 1504 827 1541 terra
849 1515 858 1541 2
887 1514 907 1537 »
933 1495 1046 1540 sicut
1071 1496 1117 1540 in
1138 1495 1221 1540 illis
1237 1530 1249 1551 ‚
1274 1496 1333 1540 ita
1353 1505 1397 1540 et
1433 1496 1480 1540 in
1502 1496 1645 1541 nohis.
1674 1500 1785 1541 Item
1802 1531 1818 1552 ,

429 1584 451 1608 «
484 1566 582 1610 Fiat
603 1565 805 1611 voluntas
826 1575 903 1611 tua
918 1600 929 1622 ,
950 1567 1061 1611 sicut
1080 1566 1127 1610 in
1147 1565 1263 1611 coelo
1278 1600 1290 1622 ,
1314 1566 1374 1611 ita
1396 1575 1440 1610 et
1459 1566 1507 1610 in
1528 1576 1659 1612 terra.
1688 1585 1709 1608 »
1731 1569 1820 1612 Ec-

423 1636 553 1682 clesia
574 1637 651 1681 Dei
672 1636 837 1682 coelum
853 1646 942 1692 est,
967 1637 1132 1681 inimici
1155 1638 1246 1697 ejus
1268 1646 1383 1682 terra
1400 1646 1517 1682 sunt.
1549 1639 1668 1682 Bene
1690 1647 1820 1697 opta-
1888 1629 1892 1641 ’

426 1722 524 1752 mus
539 1706 722 1752 inimicis
738 1707 912 1763 nostris,
930 1716 980 1753 ut
997 1706 1178 1752 credant
1193 1716 1236 1752 et
1251 1708 1348 1767 ipsi,
1366 1717 1409 1752 et
1433 1708 1541 1753 fiant
1557 1708 1791 1754 Christiani
1808 1727 1818 1754 ι

427 1787 471 1823 et
491 1778 568 1822 fiat
585 1777 788 1822 voluntas
814 1778 895 1823 Dei
910 1812 922 1834 ,
946 1776 1059 1822 sicut
1075 1777 1122 1822 in
1145 1777 1284 1833 coelo,
1303 1779 1364 1823 ita
1386 1779 1489 1822 etin
1514 1787 1642 1823 terra.
1677 1782 1788 1823 Item
1804 1813 1816 1834 ‚

427 1920 536 1964 ritus
552 1928 698 1965 noster
720 1918 882 1964 coelum
916 1928 1002 1975 est,
1027 1934 1128 1964 caro
1163 1927 1295 1963 terra.
1328 1919 1562 1972 Quomodo
1592 1920 1820 1965 invocatur

426 1991 602 2052 spiritus
618 2000 765 2037 noster
782 1990 1002 2036 credendo
1018 2025 1029 2044 ,
1049 1991 1108 2034 sic
1127 2005 1227 2035 caro
1248 1991 1484 2035 innovetur
1507 1991 1777 2051 resurgendo
1805 2011 1816 2037 z
1886 2013 1889 2016 ⁴

430 2149 552 2179 mens
588 2142 736 2179 nostra
757 2148 844 2193 qua
874 2132 1072 2177 videmus
1103 2132 1359 2190 veritatem3
1398 2142 1441 2177 et
1462 2132 1818 2178 condelectamur
1857 2082 1863 2216 Ι

430 2206 512 2266 ipsi
544 2206 746 2261 veritati,
789 2203 953 2249 coelum
989 2213 1068 2249 est.
1101 2206 1215 2248 Ecce
1250 2203 1413 2249 coelum
1439 2223 1448 2249 :
1479 2223 1500 2247 «
1528 2204 1819 2251 Condelector
1857 2227 1859 2277 ἐ

431 2350 576 2392 terra?
598 2367 619 2391 «
643 2348 782 2393 Video
804 2347 934 2392 aliam
953 2347 1093 2405 legem
1110 2347 1155 2391 in
1175 2347 1382 2392 membris
1404 2346 1510 2391 meis
1525 2381 1536 2403 ‚
1567 2361 1817 2407 repugnan—

433 2435 455 2460 >›
493 2427 578 2462 tem
599 2418 683 2478 legi
702 2419 859 2464 mentis
881 2433 990 2463 meae
1004 2419 1034 2461 3.
1060 2436 1081 2460 »
1107 2418 1291 2471 Quando
1312 2419 1392 2463 ista
1415 2433 1561 2478 pugna
1580 2418 1814 2475 transierit,

432 1867 454 1892 «
488 1849 586 1893 Fiat
606 1847 808 1894 voluntas
828 1858 904 1894 tua
919 1883 930 1904 ,
956 1849 1067 1893 sicut
1085 1849 1133 1893 in
1154 1847 1269 1893 coelo
1289 1882 1300 1904 ‚
1325 1849 1385 1893 ita
1406 1857 1450 1892 et
1466 1849 1511 1892 in
1535 1857 1662 1894 terra.
1684 1867 1705 1891 »
1728 1849 1821 1909 Spi-
1887 1861 1889 1864 ’

429 2072 472 2107 et
492 2063 569 2107 fiat
591 2062 792 2108 voluntas
809 2062 908 2117 Dei,
929 2062 1041 2106 sicut
1060 2061 1107 2105 in
1134 2060 1250 2107 coelo
1265 2096 1276 2116 ‚
1305 2062 1364 2106 ita
1386 2071 1430 2106 et
1455 2063 1653 2109 interra.
1677 2065 1786 2108 Item
1803 2097 1816 2118 ‚

434 2294 456 2319 )›
489 2277 577 2336 legi
610 2277 688 2322 Dei
724 2276 966 2321 secundum
994 2275 1246 2320 interiorem
1279 2276 1545 2320 hominem&
1574 2275 1732 2329 »Quid
1754 2284 1819 2325 est

481 2511 490 2526 1
514 2504 633 2537 Manli.
653 2515 697 2546 vi,
721 2517 767 2537 ιο.
790 2522 830 2529 --
851 2512 863 2528 ²
885 2508 975 2538 Rom.
993 2515 1031 2546 11,
1046 2513 1100 2537 22.
1120 2521 1160 2527 —
1179 2503 1192 2527 3
1214 2505 1294 2538 lbid.
1318 2505 1372 2537 23.
