1898 3178
343 274 482 301 sEnMo
514 272 620 308 Lm,
655 272 709 298 DE
742 270 887 299 veneis
918 269 1083 298 MATTH.
1120 271 1162 297 v.
1359 259 1440 297 163

66 336 173 382 dum
207 345 330 397 potes
365 336 510 380 dicere
535 354 545 379 :
570 336 665 379 Hoc
686 343 748 378 est
769 354 778 379 z
810 334 963 379 saltem
993 333 1064 379 die
1089 352 1100 378 ι
1121 334 1220 379 Non
1241 341 1304 376 est
1338 333 1438 377 hoc.

64 406 246 460 Quando
278 404 394 449 enim
429 404 545 449 dices
576 422 585 448 :
621 405 715 448 Hoc
738 412 800 448 est
822 405 967 448 Deus?
994 405 1083 450 Nee
1109 418 1211 448 cum
1239 401 1406 447 videbis
1431 421 1440 446 :

64 477 166 536 quia
188 474 411 520 ineffabile
432 483 496 519 est
518 472 641 534 quod
655 472 837 518 videbis.
863 476 1055 533 Raptum
1076 488 1121 518 se
1139 472 1244 517 dicit
1263 475 1447 532 Aposto-

63 545 132 591 lus
159 547 207 590 in
237 545 415 590 tertium
446 544 605 590 coelum
622 579 635 600 ‚
659 553 703 589 et
725 543 893 589 audisse
927 544 1166 589 ineffabilia
1186 543 1359 589 verba¹.
1403 543 1448 588 Si

63 626 166 663 sunt
186 616 424 662 ineffabilia
446 617 602 673 verba,
627 616 736 677 quid
757 625 822 661 est
848 617 971 676 eujus
1005 625 1107 660 sunt
1132 615 1296 661 verba?
1317 614 1449 674 Cogi-

63 688 174 733 tanti
195 703 299 747 ergo
322 687 400 732 tibi
420 687 475 731 de
498 690 604 742 Deo,
621 687 813 732 occurrit
833 686 978 747 aliqua
992 685 1173 731 fortasse
1193 687 1240 730 in
1259 687 1449 730 humana

62 758 204 817 specie
225 757 334 802 mira
350 767 395 802 et
411 756 673 817 amplissima
688 756 948 817 magnitudo
969 776 979 802 :
1001 756 1261 802 constituisti
1284 771 1381 800 eam
1402 755 1451 800 in

61 837 298 887 conspeetu
330 827 605 887 cogitationis
634 837 745 883 tuae,
783 837 993 887 tanquam
1023 842 1232 886 magnum
1254 825 1446 887 aliquid,

62 898 373 958 amplissimum
391 933 403 954 ,
435 899 622 957 grande,
658 900 955 958 ingentissima
977 898 1092 943 mole
1115 897 1342 943 diffusum.
1373 896 1449 941 Fi-

61 968 163 1014 nisti
179 969 354 1014 alicubi.
378 969 421 1014 Si
442 969 596 1025 finisti,
622 972 736 1014 Deus
752 984 842 1014 non
863 978 942 1014 est.
970 970 1016 1015 Si
1041 984 1132 1014 non
1147 969 1296 1024 finisti,
1319 966 1451 1012 facies

61 1039 140 1084 uhi
161 1041 257 1085 est?
277 1040 453 1099 Cogitas
475 1040 658 1096 molem,
683 1049 726 1085 et
757 1049 807 1085 ut
827 1041 1023 1085 membra
1045 1039 1312 1100 distinguas,
1337 1037 1450 1082 defi-

61 1110 128 1154 nis
151 1110 328 1155 molem.
357 1110 496 1154 Aliter
525 1110 643 1155 enim
672 1111 870 1155 membra
892 1110 1156 1169 distinguere
1183 1126 1274 1156 non
1300 1118 1446 1168 potes,

61 1180 141 1224 nisi
169 1179 273 1224 moli
299 1179 470 1224 dederis
491 1181 640 1224 finem.
665 1179 783 1231 Quid
802 1182 890 1240 agis
908 1180 1039 1225 stulta
1063 1190 1108 1223 et
1126 1179 1309 1224 carnalis
1331 1179 1451 1238 cogi-

60 1250 200 1295 tatio?
231 1250 452 1294 Grandem
497 1249 659 1294 molem
694 1248 833 1294 fecisti
854 1270 865 1307 3
901 1259 944 1294 et
980 1259 1102 1295 tanto
1143 1249 1418 1310 grandiorem
1435 1285 1448 1305 ‚

61 1329 228 1382 quanto
258 1328 303 1364 te
339 1319 503 1380 putasti
525 1322 667 1363 Deum
701 1319 889 1379 amplius
909 1320 1138 1366 honorare.
1172 1319 1308 1366 Addit
1340 1320 1450 1365 alius

61 1403 200 1437 unum
218 1391 416 1436 cubitum
434 1425 445 1445 ‚
466 1399 509 1434 et
525 1389 631 1435 facit
650 1391 873 1450 majorem.

0 1477 2 1485 ·
61 1496 63 1500 .
118 1464 245 1506 XIII.
260 1461 346 1507 Sed
356 1460 458 1520 legi,
477 1460 763 1521 inquis.Quid
781 1460 937 1520 legisti,
953 1462 1031 1522 qui
1047 1462 1156 1506 nihil
1171 1461 1449 1506 intellexisti?

61 1535 118 1577 Et
129 1541 277 1576 tamen
287 1532 374 1586 dic,
385 1531 493 1591 quid
510 1530 679 1590 legisti?
693 1536 787 1576 Non
797 1531 1058 1590 repellamus
1073 1531 1306 1592 parvulum
1317 1531 1448 1577 corde

0 1618 8 1627 ·
58 1601 300 1648 ludentem.
325 1602 405 1647 Die
432 1602 540 1662 quid
569 1601 745 1660 legisti?
778 1620 798 1643 «
823 1601 998 1647 Coelum
1019 1603 1127 1647 mihi
1147 1604 1331 1648 thronus
1353 1611 1418 1647 est
1434 1637 1446 1657 ,

1 1689 10 1698 ·
63 1691 84 1726 p
117 1682 232 1718 terra
254 1682 399 1718 autem
420 1671 659 1726 scabellum
680 1671 844 1731 pedum
866 1688 1066 1717 meorum
1076 1676 1109 1717 ².
1135 1692 1156 1715 υ
1180 1675 1288 1719 Aio3
1311 1694 1320 1720 ;
1341 1673 1448 1733 Legi

0 1750 14 1778 5
59 1752 104 1787 et
119 1758 224 1800 ego:
241 1743 316 1788 sed
331 1753 380 1787 tu
396 1742 510 1787 forte
523 1743 738 1798 potiorem
756 1751 800 1782 te
812 1747 956 1797 putem,
972 1745 1074 1799 quia
1087 1744 1230 1798 legisti
1242 1754 1285 1784 et
1307 1743 1448 1787 eredi-

0 1813 17 1849 ῒῑ
59 1811 176 1858 disti.
200 1810 343 1857 Credo
365 1819 408 1854 et
439 1824 519 1868 ego
540 1808 660 1868 quod
695 1807 852 1853 dixisti.
878 1809 1018 1855 Simul
1051 1812 1296 1857 credamus,
1328 1813 1447 1866 Quid

36 2020 39 2022 ’
59 2037 147 2069 nus
163 2023 281 2066 enim
302 2036 442 2080 graece
456 2055 469 2076 ‚
487 2020 622 2065 latine
642 2019 765 2065 sedes
783 2029 848 2065 est
873 2038 883 2065 ε
908 2039 928 2064 «
950 2023 1080 2066 Terra
1102 2033 1249 2069 autem
1271 2028 1442 2072 scabel-

64 2121 73 2138 Δ,
87 2111 101 2150 3,
117 2093 212 2138 lum
228 2090 392 2152 pedum
408 2106 624 2136 meorum.
652 2109 674 2134 »
698 2093 795 2136 Non
813 2090 956 2151 legisti
970 2102 1013 2138 et
1029 2092 1165 2140 illud:
1195 2114 1214 2139 α
1230 2100 1334 2152 Quis
1356 2103 1445 2161 pal·-

52 2182 66 2221 3
95 2178 192 2209 emo
213 2175 387 2208 mensus
409 2170 474 2206 est
491 2161 657 2206 eoelum
673 2163 723 2204 4?
748 2180 779 2209 »ι
794 2166 907 2208 Puto
929 2173 972 2207 te
990 2162 1144 2223 legisse
1169 2186 1178 2212 :
1204 2174 1443 2232 cognosci&

54 2245 55 2248 ¹
71 2256 76 2273 i
98 2256 107 2274 i
118 2243 161 2278 te
173 2233 350 2323 credere
366 2232 598 2278 confiteri&
612 2232 680 2277 Ibi
692 2232 808 2276 enim
820 2241 1058 2294 utrumque
1071 2235 1270 2334 legimus,
1281 2248 1446 2290 utrum-

61 2522 96 2560 Π
126 2546 137 2564 ¹
166 2548 187 2573 2
211 2540 284 2573 Coi.
313 2550 373 2581 xn,
399 2548 418 2572 2
443 2537 533 2581 et4.
561 2555 603 2562 —
623 2539 728 2575 ²Isa'i.
762 2549 849 2580 uw,
871 2551 899 2572 1
920 2555 961 2566 ’-
993 2539 1006 2565 3
1041 2542 1146 2577 Forte
1168 2545 1281 2581 Audio,
1301 2549 1439 2587 -4Ῑά,

139 2603 217 2637 1‚2.

1165 2657 1226 2694 11.
