1898 3178
244 305 382 334 selmo
413 306 483 343 ιι,
518 305 572 331 m:
603 303 837 332 conconmA
869 302 1033 333 MATTH.
1070 306 1122 332 ET
1154 306 1246 333 LUC.
1286 312 1304 316 -
1354 295 1432 334 131

64 388 84 413 »
120 371 236 415 misit
261 374 374 415 Deus
405 368 567 413 Filium
597 382 724 413 suum
765 368 930 413 factum
951 385 1002 413 ex
1032 369 1238 425 muliere,
1273 369 1438 414 factum

64 459 85 483 »
120 442 200 485 sub
222 444 360 499 Lege,
393 448 443 483 ut
477 454 548 484 eos
570 439 646 499 qui
684 438 766 483 sub
807 441 922 498 Lege
957 448 1079 484 erant
1109 439 1361 498 redimeret,
1387 449 1438 485 ut

63 529 83 553 »
119 510 397 570 adoptionem
431 508 622 553 filiorum
663 509 991 569 reciperemus1.
1035 527 1056 550 »
1090 513 1147 555 Et
1183 509 1267 555 alio
1292 509 1390 555 loco
1423 529 1434 556 :

63 599 84 623 «
118 584 171 625 In
200 580 516 639 nobismetipsis
531 615 542 635 ,
580 580 724 640 inquit
738 615 748 635 ‚
783 580 1124 639 ingemiscimus,
1159 581 1438 642 adoptionem

60 668 81 693 »
116 659 413 710 expectantes,
438 650 782 710 redemptionem
804 651 995 711 corporis
1022 652 1197 697 nostri2.
1228 671 1249 695 η
1275 656 1438 698 Rursus

57 729 100 765 et
116 720 171 766 de
186 724 211 765 J
216 720 347 765 udaeis
369 736 470 765 cum
491 720 654 766 diceret
677 739 686 765 ε
712 739 731 763 «
751 721 968 780 Optabam
987 736 1066 781 ego
1086 722 1177 782 ipse
1208 725 1438 769 anathema

59 809 80 834 n
115 807 206 836 esse
227 807 250 836 a
277 793 449 837 Christo
470 807 550 852 pro
571 791 778 837 fratribus
799 792 906 837 meis
925 827 936 848 ,
967 794 1163 852 cognatis
1197 796 1437 840 secundum

59 880 80 905 »
114 878 285 908 carnem
300 899 310 919 ,
336 864 413 924 qui
427 872 528 908 sunt
549 863 753 909 Israelitae
772 883 781 909 ε
801 879 990 924 quorum
1011 873 1096 921 est,
1115 865 1260 926 inquit
1275 902 1285 922 ,
1307 866 1439 927 adop-

57 950 79 976 »
113 933 175 978 tio
196 942 240 978 et
261 934 394 992 gloria
416 943 460 978 et
478 937 802 979 Testamentum
820 943 862 979 et
877 935 1004 995 Legis
1027 937 1297 993 constitutio,
1322 952 1438 997 quo-

57 1019 78 1045 »
113 1018 210 1048 rum
232 1012 396 1064 patres,
427 1013 469 1048 et
488 1019 538 1048 ex
560 1005 720 1064 quibus
745 1006 942 1051 Christus
967 1006 1209 1052 secundum
1230 1023 1406 1052 carnem
1423 1043 1435 1064 ‚

55 1089 77 1115 ι)
111 1075 187 1134 qui
210 1084 414 1135 estsuper
432 1076 576 1119 omnia
590 1078 704 1120 Deus
726 1075 983 1120 benedictus
1004 1077 1050 1121 in
1073 1078 1281 1131 saecula&
1305 1097 1326 1120 »
1354 1079 1439 1123 Ubi

51 1147 242 1191 ostendit
262 1156 483 1192 vetustum
502 1147 620 1207 apud
642 1150 667 1191 J
671 1147 818 1192 udaeos
840 1146 972 1191 fuisse
987 1183 998 1203 ,
1018 1148 1088 1193 vel
1110 1164 1272 1193 nomen
1301 1149 1438 1208 adop-

51 1216 196 1272 tionis,
220 1217 289 1261 vel
308 1218 446 1276 ipsam
465 1232 554 1261 rem
573 1238 583 1274 3
608 1218 720 1262 sicut
737 1220 1061 1263 Testamentum
1078 1228 1121 1264 et
1137 1219 1263 1279 Legis
1282 1221 1438 1265 consti-

0 1287 2 1296 '
50 1287 163 1332 tutio
179 1322 190 1342 ,
215 1303 314 1347 quae
331 1286 459 1331 simul
476 1297 801 1332 commemorat.

107 1360 272 1402 XXIX.
299 1361 396 1402 Huc
433 1358 625 1413 accedit,
664 1359 766 1418 quia
794 1367 885 1403 erat
907 1358 1016 1404 alius
1047 1359 1203 1404 modus
1235 1360 1436 1420 proprius

48 1427 304 1474 Judaeorum
318 1465 328 1485 ,
353 1445 442 1491 quo
459 1430 581 1474 fieret
603 1429 758 1490 aliquis
779 1430 894 1474 filius
908 1432 1013 1490 ejus,
1034 1430 1090 1475 de
1106 1447 1196 1492 quo
1214 1447 1305 1476 non
1327 1440 1438 1477 esset

48 1499 280 1544 carnaliter
302 1509 445 1544 natus.
473 1500 714 1560 Propinqui
736 1501 852 1544 enim
877 1502 1226 1561 propinquorum
1254 1516 1435 1546 suorum

46 1569 139 1613 sine
159 1569 308 1615 liberis
329 1569 642 1615 defunctorum
655 1569 877 1615 ducebant
898 1587 1051 1615 uxores
1068 1607 1079 1626 ,
1106 1581 1157 1615 ut
1177 1588 1325 1615 semen
1353 1572 1433 1616 de-

46 1638 188 1685 functi
221 1642 491 1686 suscitarent.
523 1644 590 1685 Ita
610 1640 684 1684 ille
705 1641 781 1700 qui
802 1641 1086 1696 nascebatur,
1121 1650 1164 1685 et
1197 1641 1314 1687 illius
1341 1652 1433 1688 erat

0 1696 12 1731 ἶ
44 1708 160 1754 filius
182 1710 237 1754 de
258 1727 347 1771 quo
364 1710 642 1765 nascebatur,
663 1719 706 1755 et
726 1709 842 1755 illius
858 1711 904 1755 in
915 1712 1040 1771 cujus
1056 1713 1326 1759 successione
1339 1730 1432 1759 nas-

0 1784 12 1801 ·'
45 1780 225 1826 cebatur
242 1782 274 1825 4.
302 1784 405 1825 Haec
429 1780 544 1825 dicta
566 1789 694 1836 sunt,
719 1796 775 1825 ne
798 1781 1032 1842 quisquam
1069 1783 1316 1828 existimans
1337 1785 1432 1829 fieri

0 1845 14 1883 Γ»
76 1865 134 1896 on
151 1867 295 1911 posse,
320 1860 369 1895 ut
391 1860 506 1895 recte
528 1851 658 1895 unius
678 1852 868 1896 hominis
890 1851 980 1897 duo
1001 1861 1142 1911 patres
1158 1869 1430 1900 commemo-

0 1911 16 1946 μ
66 1931 194 1968 entur
210 1958 220 1978 ,
257 1921 500 1983 quemlibet
521 1921 894 1980 Evangelistarum
916 1924 994 1983 qui
1016 1926 1314 1982 generationes
1337 1930 1427 1972 Do-

91 1994 151 2038 ini
171 2003 457 2039 narraverunt
477 2029 487 2049 ‚
513 1994 718 2053 sacrilega
737 1994 957 2039 calumnia
979 1995 1100 2054 quasi
1121 1994 1176 2039 de
1197 1996 1427 2043 mendacio

0 2059 9 2120 ³.
55 2063 363 2109 ‘riminandum
396 2073 524 2123 putet
551 2064 818 2124 :praesertim
845 2079 947 2109 cum
973 2065 1076 2124 ipsis
1097 2080 1249 2111 eorum
1282 2068 1424 2112 verbis

12 2127 18 2134 ’
72 2148 119 2178 os
138 2133 363 2178 videamus
384 2133 643 2180 admonitos.
665 2135 900 2180 Matthaeus
921 2134 1086 2194 quippe
1103 2169 1114 2190 ,
1138 2136 1214 2196 qui
1231 2151 1331 2181 eum
1347 2153 1426 2198 pa-

1 2201 13 2229 ⁰
60 2216 152 2250 rem
172 2219 510 2249 commemorare
530 2205 804 2265 intelligitur,
823 2220 946 2266 aquo
963 2207 1134 2265 genitus
1155 2217 1219 2252 est
1240 2210 1418 2268 Joseph,

0 2262 20 2298 ’ἃ
75 2290 101 2320 a
131 2275 427 2334 generationes
467 2285 706 2320 enumerat.
742 2275 822 2320 Ille
845 2277 996 2335 genuit
1015 2276 1163 2332 illum,
1185 2287 1235 2322 ut
1255 2278 1311 2322 ad
1339 2280 1423 2325 hoc

54 2352 55 2355 ’
79 2346 261 2390 ἰ’νεηίῐε
273 2345 407 2405 possit
419 2344 539 2404 quod
551 2345 610 2389 ait
623 2346 669 2389 in
680 2345 794 2390 fine:
824 2364 844 2387 «
864 2347 999 2392 Jacob
1017 2348 1168 2406 genuit
1189 2350 1215 2391 J
1218 2350 1366 2409 oseph.
1394 2367 1417 2392 »

0 2473 4 2479 ·
75 2428 177 2460 ucas
194 2430 294 2460 vero
317 2416 419 2475 quia
435 2430 525 2459 non
539 2416 713 2475 proprie
729 2415 888 2460 dicitur
906 2416 1092 2475 genitus,
1109 2417 1186 2476 qui
1199 2418 1270 2462 vel
1290 2419 1421 2479 adop-

0 2487 19 2517 Ε·
58 2486 156 2531 ione
194 2487 382 2531 efficitur
404 2484 516 2530 filius
529 2521 540 2541 ,
565 2485 635 2529 vel
670 2487 714 2529 in
742 2487 1035 2531 succcessione
1069 2488 1229 2532 mortui
1262 2504 1313 2533 ex
1346 2489 1421 2534 illa

0 2581 19 2602 ·'
85 2586 97 2603 1
114 2581 214 2614 Galat.
234 2593 278 2619 iv,
301 2580 335 2623 4,
353 2581 432 2614 5.-
452 2588 463 2604 ²
487 2583 658 2622 Rom-vlu,
678 2577 864 2613 23.—31‹1.
886 2589 933 2622 ix,
951 2581 982 2621 3,
1003 2585 1067 2613 etc.
1086 2597 1126 2603 —
1144 2580 1158 2606 -4
1178 2586 1270 2616 Dent.
1291 2595 1369 2627 xxv,
1383 2585 1412 2617 13.

62 2637 76 2667 t
96 2636 218 2669 Matth.
237 2646 320 2678 xxxi,
340 2635 394 2678 24.

1188 2696 1228 2734 9.
