1898 3178
315 218 453 247 SERMO
485 218 647 256 Lxxxv,
683 219 736 245 DE
771 219 914 246 vannis
946 218 1110 247 ΜΑΤΤΗ.
1148 220 1241 246 x1x.
1393 206 1477 247 415

93 287 169 347 qui
191 301 270 345 pro
291 286 416 331 nobis
444 293 644 329 mortuus
674 293 760 339 est,
791 300 881 329 non
902 286 1057 330 tacebo
1084 305 1093 330 z
1123 303 1143 327 «
1166 285 1255 330 Nisi
1276 283 1478 329 abunda-

27 397 29 403 .
96 375 117 398 »
151 358 261 402 verit
276 357 444 416 justitia
461 365 624 409 vestra,
646 355 813 415 inquit,
840 372 968 416 super
992 355 1240 402 Scribarum
1265 364 1307 400 et
1330 355 1480 399 Phari-

26 442 30 479 ξ
99 446 118 468 ‚2
152 443 354 483 saeorum,
379 442 468 471 non
479 426 693 471 intrabitis
714 426 760 470 in
775 442 959 486 regnum
971 428 1211 472 coelorum1
1230 429 1248 471 P
1269 445 1288 468 »
1306 425 1385 470 Ille
1403 441 1480 470 nos

93 512 184 543 non
196 499 367 559 palpat,
387 497 581 543 medicus
602 507 667 543 est
686 533 697 554 ,
718 513 857 558 usque
876 499 932 543 ad
953 500 1100 544 vivum
1116 499 1328 559 pervenit.
1354 497 1482 543 «Nisi

96 587 117 611 u
152 569 440 614 abundaverit
451 570 618 630 justitia
631 578 772 615 vestra
789 569 889 629 plus
905 586 1036 631 quam
1053 572 1301 616 Scribarum
1318 578 1362 614 et
1376 570 1483 613 Pha-

28 643 33 701 }
96 657 118 680 »
152 639 392 695 risaeorum,
408 655 499 685 non
513 640 728 684 intrabitis
740 640 787 683 in
803 655 984 698 regnum
999 640 1228 686 coelorum.
1239 639 1429 685 »Scribae
1440 648 1484 683 et

30 706 33 710 ⁴
93 710 298 754 Pharisaei
314 709 504 755 decimas
520 710 701 755 dabant.
717 709 835 764 Quid
853 719 917 754 est
939 730 948 755 :
968 714 1240 770 Interrogate
1261 724 1337 755 vos
1350 711 1479 769 ipsos.

35 820 37 822 .
94 781 248 825 Videte
269 781 378 842 quid
399 781 582 837 faciatis,
604 781 659 826 de
681 789 849 842 quanto
867 781 1034 826 faciatis
1052 803 1063 840 3
1088 781 1195 842 quid
1217 781 1350 836 detis,
1376 780 1485 841 quid

95 850 218 896 vobis
256 851 510 912 relinquatis
529 874 539 911 3
577 852 684 913 quid
715 851 1019 897 misericordiae
1057 851 1339 912 impendatis,
1377 850 1484 911 quid

95 922 277 967 luxuriae
293 924 530 969 reservetis.
548 927 680 983 Ergo,
707 924 888 969 «Facile
911 925 1124 980 tribuant,
1141 924 1481 977 communicent,

97 1011 121 1035 »
151 994 445 1039 thesaurizent
460 994 542 1038 sibi
563 993 901 1039 fundamentum
922 995 1090 1040 bonum
1110 995 1157 1039 in
1176 993 1378 1038 futurum
1394 1029 1404 1049 ,
1435 1001 1486 1036 ut

98 1083 120 1107 »
154 1066 487 1125 apprehendant
508 1081 654 1111 veram
676 1066 826 1111 vitam.
855 1085 875 1108 »

154 1139 231 1181 VI.
248 1136 486 1193 Admonui,
503 1137 680 1196 divites3
699 1136 861 1193 audite,
878 1151 1103 1197 pauperes.
1133 1139 1246 1191 Vos,
1268 1143 1449 1194 erogate
1471 1153 1480 1180 :

40 1226 44 1266 j
96 1221 172 1250 vos
190 1241 203 1260 ,
226 1222 377 1266 rapere
399 1207 548 1252 nolite.
574 1211 683 1262 Vos,
708 1208 886 1252 tribuite
901 1206 1129 1251 facultates
1151 1222 1160 1247 :
1187 1222 1288 1262 vos,
1314 1205 1482 1250 frenate

37 1272 45 1304 “3
98 1276 370 1336 cupiditates
409 1279 592 1333 Audite,
627 1292 864 1337 pauperes,
890 1277 1093 1321 eumdem
1124 1277 1268 1337 ipsum
1296 1281 1485 1336 Aposto-

98 1347 193 1391 lum
230 1366 240 1391 :
271 1365 294 1389 «
326 1349 404 1391 Est
441 1357 587 1392 autem
620 1357 811 1407 quaestus
846 1363 1030 1407 magnus
1057 1352 1089 1391 ².
1125 1365 1146 1389 n
1185 1351 1384 1401 Quaestus
1422 1356 1486 1391 est

45 1430 47 1450 1
98 1417 325 1477 acquisitio
362 1415 489 1461 lucri.
530 1435 550 1459 «
575 1420 653 1461 Est
675 1426 821 1462 autem
849 1427 1038 1478 quaestus
1067 1432 1274 1476 magnus,
1315 1418 1481 1477 inquit,

101 1504 122 1528 »
157 1487 291 1546 pietas
320 1501 421 1530 cum
441 1486 715 1531 sufficientia.
746 1506 765 1528 »
791 1489 1082 1532 Communem
1105 1487 1274 1531 habetis
1295 1502 1395 1531 cum
1417 1487 1484 1530 di-

44 1566 49 1590 '·
97 1557 257 1603 vitibus
275 1558 492 1602 mundum
517 1577 526 1602 :
555 1573 645 1603 non
665 1573 946 1603 communem
969 1559 1138 1603 habetis
1160 1574 1262 1603 cum
1279 1558 1485 1603 divitibus

98 1629 308 1687 domum,
331 1628 407 1673 sed
431 1629 600 1673 habetis
628 1644 861 1673 commune
893 1629 1056 1673 coelum
1071 1664 1082 1683 ,
1115 1643 1393 1673 communem
1412 1629 1485 1672 lu-

4 1758 9 1767 .
45 1723 47 1729 ·
94 1714 208 1743 cem.
242 1699 560 1744 Sufficientiam
589 1694 796 1758 quaerite,
828 1699 949 1760 quod
970 1699 1132 1743 sufficit
1153 1699 1361 1759 quaerite,
1386 1697 1486 1758 plus

2 1772 10 1828 ζ
44 1799 53 1805 w
96 1769 250 1814 nolite.
290 1770 458 1814 Caetera
490 1778 692 1828 gravant,
734 1785 825 1814 non
847 1769 1107 1827 sublevant,
1150 1777 1333 1813 onerant
1352 1804 1362 1824 ,
1394 1784 1486 1813 non

51 1845 54 1874 l
98 1841 333 1886 honorant.
367 1843 567 1896 Quaestus
589 1856 799 1900 magnus,
833 1841 970 1900 pietas
1001 1855 1103 1885 cum
1133 1840 1406 1884 sufficientia.
1433 1843 1486 1884 In

99 1912 249 1972 primis
284 1912 435 1972 pietas.
467 1912 607 1956 Pietas
640 1921 704 1956 est
725 1913 802 1957 Dei
823 1912 982 1957 cultus.
1011 1930 1032 1954 «
1063 1912 1204 1956 Pietas
1236 1926 1338 1956 cum
1360 1911 1485 1956 suffi-

54 1999 55 2002 ’
107 2001 128 2025 »
163 1983 334 2027 cientia.
355 1982 474 2028 Nihil
495 1984 610 2027 enim
632 1983 859 2027 intulimus
882 1983 924 2028 in
944 1985 1064 2028 hunc
1085 1982 1302 2027 mundum
1316 1985 1348 2026 3.
1372 2001 1392 2024 »
1417 1986 1487 2027 An

47 2063 50 2067 ’
95 2054 285 2099 zattulisti
305 2054 394 2098 huc
410 2052 606 2114 aliquid?
625 2053 710 2099 Sed
726 2069 805 2098 nec
826 2069 918 2109 vos,
938 2054 1108 2109 divites,
1129 2053 1294 2114 aliquid
1315 2053 1489 2098 attulis-

47 2172 49 2174 ,
99 2125 172 2170 tis,
199 2128 358 2170 Totum
380 2125 451 2168 hic
466 2125 715 2181 invenistis,
736 2141 836 2170 cum
855 2125 1121 2186 pauperibus
1135 2124 1243 2169 nudi
1261 2125 1351 2169 nati
1373 2125 1487 2169 estis.

99 2197 360 2242 Communis
390 2205 453 2240 est
472 2196 518 2240 in
538 2206 727 2257 utroque
748 2198 975 2242 infirmitas
1002 2197 1193 2257 corporis
1211 2218 1222 2255 3
1247 2196 1491 2241 communis

0 2311 17 2339 Ξ,
106 2268 276 2328 vagitus
292 2303 303 2323 ,
319 2267 588 2311 miseriarum
599 2269 733 2312 testis.
759 2287 778 2310 «
798 2268 915 2315 Nihil
932 2269 1047 2312 enim
1066 2268 1294 2312 intulimus
1316 2268 1361 2311 in
1372 2268 1491 2311 hunc

0 2375 18 2410 m
41 2350 59 2394 3
113 2356 134 2380 »
168 2339 384 2383 mundum
408 2358 417 2383 :
445 2339 730 2399 (pauperibus
750 2339 946 2400 loquitur
969 2338 1100 2397 :)sed
1117 2355 1198 2384 nec
1220 2338 1392 2383 auferre
1412 2339 1493 2383 ali-

113 2426 135 2450 »
169 2408 276 2469 quid
296 2424 541 2469 possumus.
573 2409 748 2454 Victum
776 2419 819 2454 et
839 2418 1144 2469 tegumentum
1169 2409 1377 2453 habentes
1396 2444 1408 2465 ,
1428 2409 1493 2454 his

116 2496 138 2521 »
172 2480 367 2524 contenti
387 2479 534 2524 simus.
562 2482 710 2526 »Nam
730 2479 807 2540 qui
825 2480 980 2525 volunt
1001 2479 1153 2524 divites
1175 2480 1283 2524 fieri.
1308 2480 1394 2534 Qui
1415 2495 1494 2525 vo-

167 2569 175 2587 ¹
193 2564 314 2597 Matth.
334 2574 367 2606 v,
387 2573 439 2598 20.
462 2581 504 2589 —
523 2571 537 2588 ²
560 2575 573 2597 1
595 2565 676 2598 Tim.
693 2574 740 2606 v1,
759 2563 791 2597 6.
813 2581 853 2589 —
874 2563 985 2598 31bid.
1007 2574 1039 2607 7,
1058 2568 1123 2598 etc.
