1898 3178
367 238 506 265 snnmo
537 237 665 274 XLvi,
701 237 754 262 DE
787 222 1034 264 PAsToain'th
1066 237 1111 263 ΙΝ
1143 237 1290 263 ΕΖΕΕΗ.
1463 226 1516 264 35

137 299 418 346 discutiamus
444 319 454 345 :
478 300 617 345 aderit
643 301 853 345 Dominus
869 335 880 355 ,
905 310 955 345 ut
978 301 1158 346 videatis
1176 301 1239 344 ibi
1267 316 1422 345 sanum
1451 302 1520 346 in-

138 370 377 416 tellectum.
402 370 564 425 Primo,
582 371 702 429 quod
723 370 778 414 ab
801 371 1004 416 omnibus
1027 381 1070 416 et
1091 371 1300 431 imperitis
1317 370 1520 417 facillime

132 440 354 500 judicatur
370 465 391 495 ,-
406 441 539 485 verba
570 441 662 499 ipsa
692 441 806 485 male
838 440 1114 499 distinguunt
1138 461 1149 487 ι
1172 457 1291 487 nunc
1313 443 1520 499 audietis,

135 525 253 553 nunc
288 509 541 568 probabitis.
579 510 755 554 Etenim
800 510 859 554 sic
891 524 936 554 se
957 510 1091 554 habet
1120 520 1261 556 textus
1302 513 1392 571 ipse
1430 512 1518 556 lec-

134 579 277 624 tionis.
305 582 469 639 Sponsa
503 580 700 640 loquitur
736 580 792 624 ad
824 596 1030 640 sponsum
1063 600 1072 627 z
1107 600 1128 624 «
1151 583 1376 628 Annuntia
1411 583 1521 628 mihi

138 668 159 692 ³)
192 666 325 710 quem
339 651 492 695 dilexit
515 652 658 696 anima
675 667 786 707 mea,
803 652 881 696 ubi
902 653 1057 712 pascis,
1074 652 1151 696 ubi
1165 655 1298 699 cubas
1314 657 1373 699 ¹.»
1390 655 1521 709 Quod

135 736 289 780 sponsa
310 737 468 780 sponso
487 721 624 777 dicat,
649 722 770 782 quod
782 723 973 767 Ecclesia
989 723 1160 768 Christo
1181 723 1317 781 dicat,
1342 741 1423 771 nec
1437 741 1517 771 nos

134 790 408 847 dubitamus,
435 808 516 837 nec
538 792 616 836 illi.
640 792 724 838 Sed
745 793 889 838 omnia
906 794 1037 839 verba
1054 810 1222 854 sponsae
1238 795 1353 840 audi.
1372 800 1518 850 Quare

133 862 318 906 verbum
339 862 461 922 quod
482 863 626 907 adhuc
650 879 819 922 sponsae
837 873 915 920 est,
935 865 997 909 vis
1012 865 1204 910 tribuere
1221 867 1313 926 jam
1334 869 1521 926 sponso?

133 931 289 975 Omnia
303 947 403 992 quae
426 933 535 977 dicit
561 949 733 993 sponsa,
758 934 829 978 dic
856 953 864 979 z
889 943 995 979 tunc
1017 935 1299 995 respondebit
1320 952 1518 996 sponsus.

132 1001 247 1046 Audi
265 1003 508 1048 evidentius
527 1005 640 1049 hanc
674 1005 996 1050 distinctionem
1019 1023 1152 1067 quam
1173 1007 1370 1052 dicturus
1392 1024 1489 1053 sum
1506 1042 1518 1063 ,

132 1086 222 1116 non
242 1073 436 1118 invenies
465 1074 629 1134 aliquid
658 1074 770 1134 plus.
800 1095 819 1118 «
838 1078 1064 1122 Annuntia
1084 1079 1191 1122 mihi
1213 1094 1345 1138 quem
1370 1079 1524 1123 dilexit

135 1158 156 1182 »
190 1143 335 1185 anima
355 1159 452 1187 mea
470 1179 480 1199 ,
506 1145 582 1189 ubi
605 1147 739 1202 pascis
759 1175 771 1197 ,
795 1146 871 1187 ubi
885 1147 1018 1188 cubas
1035 1148 1082 1187 in
1103 1149 1298 1189 meridie.
1322 1153 1420 1205 Ipsa
1440 1147 1522 1191 ad-

133 1228 155 1253 »
189 1212 276 1256 huc
300 1211 434 1268 dicit,
462 1216 539 1256 ubi
562 1214 699 1272 pascis
714 1247 725 1267 ,
750 1213 827 1256 ubi
847 1214 982 1257 cubas
1010 1214 1056 1257 in
1078 1215 1273 1259 meridie.
1297 1233 1318 1257 »
1344 1219 1401 1261 Et
1423 1217 1524 1262 vide

130 1282 235 1341 quia
257 1282 401 1327 adhuc
422 1283 514 1341 ipsa
535 1281 654 1327 dicit
683 1282 888 1342 Sequitur
911 1284 1028 1327 enim
1059 1302 1068 1328 :
1092 1302 1114 1326 «
1136 1287 1199 1330 Ne
1216 1283 1328 1329 forte
1345 1287 1446 1331 fiam
1465 1288 1522 1331 si-

133 1368 154 1392 »
188 1361 261 1396 cut
273 1362 424 1411 operta
439 1368 569 1412 super
588 1368 738 1412 greges
752 1352 969 1397 soladium
990 1363 1185 1398 tuorum.
1204 1359 1353 1401 »Puto
1370 1372 1522 1403 omnes

128 1422 288 1480 peritos
304 1423 613 1483 imperitosque
635 1422 878 1467 discernere
897 1439 1033 1482 genus
1050 1425 1343 1470 masculinum
1365 1436 1409 1471 et
1431 1426 1519 1472 foe-

130 1493 360 1537 mininum.
387 1496 573 1552 Operta,
597 1509 747 1553 quaero
769 1495 892 1553 cujus
926 1496 1094 1553 generis
1112 1496 1193 1547 sit;
1213 1498 1269 1541 ab
1292 1499 1412 1541 omni
1433 1499 1520 1543 ho-

130 1564 247 1608 mine
262 1580 428 1624 quaero,
441 1563 669 1608 Masculini
685 1573 764 1619 est,
775 1580 831 1608 an
843 1564 1088 1610 foeminini?
1103 1567 1345 1623 Annuntia,
1356 1569 1518 1629 inquit,

130 1636 236 1680 mihi
259 1651 390 1696 quem
412 1635 562 1680 dilexit
576 1636 718 1681 anima
731 1651 841 1680 mea.
868 1639 1032 1690 Quem,
1055 1652 1157 1680 cum
1184 1637 1291 1682 dicit
1307 1673 1318 1691 ,
1344 1654 1521 1683 mascu-

129 1703 222 1749 lum
251 1706 515 1766 alloquitur,
540 1709 746 1765 sp'onsum
773 1704 1025 1765 alloquitur.
1053 1705 1166 1758 Quia
1200 1721 1305 1750 vero
1337 1705 1521 1753 foemina

9 1800 15 1807 ·
81 1791 86 1794 ⁴
130 1777 268 1820 virum
288 1777 525 1836 alloquitur
539 1811 550 1831 ‚
576 1776 884 1836 consequentia
901 1777 1036 1820 verba
1051 1776 1270 1821 indicant:
1291 1795 1312 1820 «
1333 1779 1522 1824 Annun-

112 1863 154 1887 -»
188 1847 247 1890 tia
267 1847 401 1901 mihi,
435 1847 512 1890 ubi
546 1847 709 1905 pascis,
734 1846 812 1889 ubi
833 1845 967 1889 cubas
998 1846 1046 1889 in
1076 1846 1285 1903 meridie,
1325 1863 1380 1891 ne
1406 1848 1522 1894 forte

133 1933 154 1957 »
188 1917 289 1959 fiam
306 1917 418 1961 sicut
447 1927 612 1976 operta.
640 1936 659 1957 »
681 1915 798 1960 Audi
825 1924 875 1959 tu
905 1924 1056 1975 operta
1073 1950 1085 1970 ,
1110 1925 1160 1960 ut
1181 1916 1290 1960 fiant
1318 1918 1402 1961 tibi
1423 1919 1519 1965 haec

130 1995 292 2045 aperta.
328 2005 348 2028 «
372 1988 597 2030 Annuntia
631 1987 737 2030 mihi
764 2001 898 2048 quem
927 1986 1079 2031 dilexit
1101 1987 1246 2032 anima
1281 2003 1403 2045 mea,
1439 1991 1519 2034 ubi

133 2073 154 2097 »
184 2056 341 2115 pascis,
361 2056 440 2099 ubi
461 2056 594 2100 cubas
614 2058 659 2099 i'n
671 2056 879 2113 meridie,
902 2071 959 2100 ne
977 2056 1092 2102 forte
1108 2057 1212 2101 fiam
1234 2058 1347 2103 sicut
1368 2069 1520 2119 operta

133 2144 154 2168 »
187 2142 315 2186 super
351 2141 498 2185 greges
541 2127 756 2171 sodalium
792 2135 986 2171 tuorum.
1026 2145 1049 2170 »
1079 2130 1177 2172 Huc
1207 2144 1346 2189 usque
1385 2131 1521 2179 verba

130 2211 298 2256 sponsae
319 2198 436 2256 :jam
463 2198 677 2256 incipiunt
696 2198 828 2243 verba
844 2197 991 2257 sponsi
1014 2198 1071 2242 de
1099 2198 1330 2244 manifesto
1355 2218 1364 2244 ε
1394 2202 1520 2247 «Nisi

133 2283 154 2307 »
187 2267 440 2325 cognoveris
469 2267 757 2326 temetipsam.
789 2270 985 2325 Agnosce
1018 2267 1242 2313 evidenter
1268 2270 1514 2316 foeminam.

130 2352 151 2376 »
186 2336 492 2396 Temetipsam,
509 2352 535 2381 o
554 2337 739 2396 pulchra
759 2337 874 2382 inter
893 2337 1096 2383 mulieres
1122 2357 1131 2382 ι
1158 2339 1241 2382 nisi
1266 2342 1519 2398 cognoveris

128 2422 150 2447 »
183 2407 472 2467 temetipsam,
494 2422 520 2452 o
539 2406 724 2467 pulchra
739 2407 855 2452 inter
870 2407 1097 2465 mulieres3
1115 2407 1246 2454 exitu
1263 2409 1309 2453 in
1325 2412 1517 2471 vestigiis

127 2493 149 2520 »
183 2493 382 2538 gregum,
397 2488 442 2525 et
457 2494 584 2540 pasce
600 2479 757 2526 hoedos
770 2488 869 2526 tuos
888 2479 934 2524 in
947 2478 1238 2525 tabernaculis
1261 2490 1512 2541 pastorum:

179 2569 188 2587 ¹
210 2563 306 2598 cant.
325 2573 350 2607 ι,
365 2564 400 2597 6.
1225 2618 1251 2660 3
