1898 3178
408 243 460 281 38
847 252 881 280 s.
916 247 1147 280 Aucus-rim
1179 249 1359 280 nnscon

406 317 596 362 Ecclesia
614 325 779 377 quaerat
798 314 1049 360 Ecclesiam.
1079 335 1099 359 «
1118 317 1343 361 Annuntia
1357 316 1464 361 mihi
1492 331 1622 376 quem
1639 315 1787 362 dilexit

409 407 429 429 »
457 388 596 432 anima
609 403 718 431 mea.
742 405 762 427 >›
790 389 898 438 Quae
913 385 1109 445 loquitur
1121 388 1138 430 P
1149 386 1355 431 Ecclesia.
1372 386 1489 440 Quid
1502 386 1585 431 sihi
1598 386 1694 431 vult
1707 402 1788 432 an-

403 458 627 503 nuntiari?
650 458 734 502 Ubi
755 457 894 516 pascis
911 491 922 512 ,
944 457 1024 500 ubi
1044 457 1200 509 cubas,
1223 457 1265 501 id
1287 465 1375 515 est,
1399 457 1478 501 ubi
1499 457 1555 501 sit
1576 457 1784 502 Ecclesia.

401 528 594 573 Ecclesia
615 527 810 587 loquitur
827 562 839 582 ,
870 536 914 571 et
938 528 1178 585 interrogat
1199 527 1276 570 ubi
1304 527 1358 571 sit
1379 526 1570 571 Ecclesia
1596 546 1605 571 ε
1631 536 1675 572 et
1696 543 1788 573 res-

401 598 568 658 pondet
587 597 682 653 ille,
707 607 757 642 ut
782 606 962 657 putant,
982 600 1034 641 In
1049 596 1243 641 meridie.
1268 596 1311 641 Si
1333 596 1379 640 in
1395 600 1486 641 solo
1506 596 1689 641 meridie
1705 607 1785 654 est,

399 679 451 714 ut
471 670 647 723 dicunt,
671 669 717 712 in
745 667 914 725 Africa,
947 668 1171 728 quomodo
1204 668 1298 726 ipsa
1317 667 1555 725 interrogat
1592 667 1670 711 ubi
1698 668 1790 727 ipsa

397 739 481 784 sit?
502 741 571 783 An
591 753 694 783 vero
717 739 861 798 portio
881 738 1087 783 Ecclesiae
1104 737 1404 782 transmarinae
1422 737 1534 781 bene
1549 738 1809 796 interrogat‘

396 809 452 854 de
468 809 664 864 meridie,
681 824 736 853 ne
754 809 826 853 hic
843 810 987 853 erret?
1010 807 1263 868 Alloquitur
1282 808 1633 867 unumquodque
1648 823 1789 852 mem-

395 881 578 924 brorum
600 879 803 924 Ecclesiae
828 894 918 923 suae
934 878 1148 932 Christus,
1170 887 1378 936 tanquam
1394 893 1516 922 suam
1531 877 1785 933 Ecclesiam,

391 961 435 996 et
455 952 578 995 dicit:
606 951 694 997 Nisi
717 951 972 1010 cognoveris
995 949 1287 1008 temetipsam,
1304 964 1330 993 o
1346 948 1529 1008 pulchra
1550 949 1664 992 inter
1686 963 1788 992 mu-

393 1021 519 1065 lieres
533 1054 544 1076 ‚
569 1021 650 1064 exi.
678 1021 806 1065 Exire
820 1055 831 1075 ,
851 1019 1160 1064 haereticorum
1178 1028 1254 1062 est.
1281 1021 1369 1062 Aut
1385 1033 1596 1076 cognosce
1619 1026 1661 1061 te
1678 1053 1690 1073 ,
1714 1026 1791 1062 aut

394 1091 460 1134 exi
487 1108 496 1134 :
521 1089 624 1148 quia
645 1091 679 1133 si
700 1098 744 1133 te
768 1105 859 1134 non
886 1089 1162 1147 cognoveris,
1193 1088 1358 1131 exitura
1381 1103 1439 1131 es.
1467 1088 1649 1132 Exitura
1670 1089 1789 1146 quo?

393 1162 447 1202 In
465 1159 655 1214 vestigiis
677 1173 883 1214 gregum:
901 1157 1127 1213 sequendo
1149 1157 1286 1198 malos
1303 1172 1465 1214 greges.
1486 1160 1550 1201 Ne
1567 1157 1683 1200 forte
1704 1173 1790 1215 pu-

396 1238 462 1273 tes
483 1227 587 1286 quia
607 1241 708 1271 oves
738 1225 954 1284 sequeris,
979 1225 1015 1268 si
1035 1225 1122 1268 exis
1150 1243 1160 1269 ;
1189 1224 1290 1268 audi
1328 1227 1435 1284 quid
1471 1226 1684 1284 sequitur,
1710 1227 1790 1270 Exi

392 1308 442 1343 tu
455 1299 502 1342 in
514 1297 704 1354 vestigiis
719 1310 899 1354 gregum
910 1329 921 1350 ,
947 1304 990 1339 et
1002 1309 1129 1353 pasce
1142 1295 1298 1339 hoedos
1316 1305 1413 1339 tuos
1426 1316 1437 1352 3
1457 1298 1548 1356 jam
1563 1312 1653 1340 non
1667 1312 1785 1342 oves.

389 1368 548 1420 Nostis,
575 1366 743 1421 fratres,
778 1365 856 1409 ubi
881 1374 1010 1408 erunt
1032 1363 1172 1409 hoedi.
1204 1366 1268 1408 Ad
1301 1366 1517 1410 sinistram
1545 1376 1676 1411 erunt
1693 1382 1789 1411 om-

388 1454 464 1483 nes
478 1438 555 1498 qui
572 1438 770 1481 exierunt
781 1437 836 1480 ab
850 1434 1261 1480 Ecclesia.Manenti
1275 1439 1403 1480 Petro
1420 1435 1581 1479 dicitur
1603 1456 1642 1481 2«
1657 1440 1789 1482 Pasce

396 1526 419 1550 »
455 1523 554 1553 oves
575 1509 714 1551 meas1
743 1525 753 1552 ε
779 1524 800 1547 »
826 1505 1003 1550 exeunti
1024 1505 1247 1557 haeretico,
1275 1508 1406 1548 Pasce
1421 1504 1576 1548 hoedos
1592 1514 1705 1551 tuos.

448 1579 702 1622 XXXVIII.
723 1579 817 1631 Est,
839 1576 1064 1635 inquiunt,
1088 1583 1132 1618 et
1151 1573 1269 1618 aliud
1294 1574 1788 1621 testimonium.Nihilo-

391 1649 536 1693 minus
568 1657 721 1692 contra
741 1656 785 1691 te
808 1646 900 1699 dic,
927 1645 1166 1689 audiamus.
1202 1645 1298 1689 Erit
1330 1645 1389 1689 sic
1419 1654 1569 1689 contra
1597 1655 1641 1690 te
1673 1662 1788 1706 quo-

389 1719 522 1762 modo
545 1718 630 1760 hoc
655 1716 777 1775 quod
794 1715 978 1774 putabas
1015 1730 1094 1773 pro
1125 1723 1182 1757 te.
1217 1715 1259 1758 Si
1292 1714 1519 1758 meridiem
1552 1715 1783 1774 inquiunt,

390 1785 687 1845 interpretaris
712 1788 971 1844 AEgyptum.
991 1783 1141 1828 Multis
1163 1783 1341 1843 quidem
1365 1784 1506 1829 modis
1527 1785 1788 1845 interpreta-

390 1872 490 1901 mur
513 1854 754 1910 meridiem,
773 1863 816 1899 et
840 1856 1081 1913 AEgyptum
1099 1868 1328 1913 possumus
1352 1854 1406 1897 ad
1428 1852 1575 1898 locum
1596 1854 1752 1899 mundi
1771 1891 1782 1909 ‚

392 1936 435 1972 et
455 1927 593 1985 ipsam
616 1924 808 1970 Africam
830 1925 889 1968 sic
911 1922 1168 1981 intelligere.
1192 1923 1307 1966 Audi
1327 1923 1433 1982 quid
1453 1923 1692 1982 intelligam
1709 1922 1786 1985 per

394 1997 648 2042 meridiem:
668 1995 867 2054 intelligo
882 1994 1099 2038 fervorem
1117 1992 1391 2052 spiritalium,
1413 1994 1670 2052 flagrantem
1685 1996 1786 2055 igne
1846 2027 1847 2054 3
1878 1997 1879 2010 ¹

393 2068 634 2122 charitatis,
660 2065 965 2126 splendentem
982 2064 1149 2108 lumine
1170 2064 1379 2108 veritatis.
1404 2066 1513 2108 Nam
1543 2064 1707 2112 dicitur
1739 2067 1786 2112 in
1844 2099 1845 2122 1
1876 2083 1877 2091 ¹

392 2139 586 2198 quodam
618 2137 820 2182 Psalmo:
850 2155 871 2178 «
890 2139 1119 2180 Dexteram
1141 2143 1264 2178 tuam
1294 2144 1443 2179 notam
1474 2133 1541 2180 sac
1568 2136 1705 2193 mihi,
1741 2147 1785 2182 et

395 2227 416 2251 »
452 2208 646 2252 eruditos
667 2207 798 2252 corde
820 2206 866 2250 in
896 2205 1146 2265 sapientia2.
1175 2222 1195 2245 »
1214 2207 1443 2248 Dexteram
1457 2240 1468 2260 ,
1487 2221 1576 2250 non
1596 2200 1781 2254 hoedos:

393 2288 438 2323 et
449 2278 640 2323 eruditos
656 2277 787 2323 corde
801 2277 847 2320 in
859 2275 1085 2335 sapientia,
1100 2274 1179 2333 ipsi
1191 2284 1293 2318 sunt
1312 2274 1525 2319 meridies.
1544 2276 1670 2320 Unde
1682 2276 1784 2322 dici·
1839 2270 1842 2274 ⁵

392 2359 465 2394 tur
488 2366 512 2393 a
532 2349 764 2408 Propheta,
787 2350 876 2392 «Et
894 2346 1087 2390 tenebrae
1108 2354 1196 2389 tuae
1213 2346 1323 2389 sicut
1346 2345 1544 2390 meridies
1567 2348 1737 2391 erunt³.
1757 2365 1778 2389 »
1836 2342 1838 2346 ’

389 2418 541 2465 Multis
574 2435 676 2477 ergo
712 2417 852 2463 modis
885 2431 1110 2476 possumus
1142 2414 1384 2473 intelligere
1418 2416 1643 2460 meridiem
1671 2435 1681 2461 ε
1705 2418 1781 2461 sed
1834 2410 1835 2413 ¹
1867 2432 1869 2466 j

1866 2500 1867 2537 l

390 2504 566 2548 prorsus
588 2488 779 2533 Africam
799 2486 1017 2544 intelligo,
1043 2485 1221 2530 omnino
1244 2486 1435 2530 Africam
1453 2484 1667 2545 intelligo.
1688 2489 1776 2532 Ac-

440 2575 557 2606 ¹Joan.
576 2584 644 2615 xxi,
665 2583 716 2614 ¹7·
737 2589 778 2595 —
798 2580 811 2596 ²
830 2572 910 2606 Psal.
929 2582 1055 2613 mxxix,
1075 2579 1125 2604 12.
1143 2587 1183 2594 -
1207 2568 1220 2593 3
1239 2571 1311 2603 Isai'.
1331 2581 1422 2611 tvm,
1446 2582 1499 2603 10.
