1898 3178
370 202 453 242 106
799 213 832 239 s.
868 209 1100 239 meum-rm
1132 210 1314 239 nrrscorr

366 278 482 334 enim
493 276 633 321 sinon
648 284 897 320 nasceretur
913 274 967 319 de
984 274 1119 320 Maria
1130 274 1297 332 virgine
1311 309 1322 330 ‚
1343 274 1450 333 quid
1462 283 1572 319 esset
1583 275 1744 319 minus?

365 347 478 393 Dicit
500 345 675 406 aliquis:
703 348 845 390 Homo
863 359 952 389 esse
973 344 1139 390 voluit:
1163 355 1273 390 esset
1300 345 1456 400 homo,
1491 360 1580 390 non
1608 354 1753 390 tamen

366 417 421 462 de
448 415 629 462 foemina
651 424 925 461 nasceretur:
963 430 1052 460 non
1083 415 1199 460 enim
1227 425 1270 460 et
1301 416 1492 475 primum
1529 416 1754 460 hominem

365 503 498 549 quem
514 486 632 541 feeit,
650 501 700 530 ex
719 484 899 530 foemina
915 484 1031 530 fecit.
1056 486 1126 531 Ad
1140 487 1225 531 hoe
1246 487 1346 531 vide
1365 486 1471 546 quid
1492 486 1756 545 respondea-

364 568 452 603 tur.
479 561 544 602 Tu
566 557 694 602 dicis:
722 556 791 602 Ad
821 556 1091 602 nascendum
1112 567 1162 602 ut
1184 557 1292 617 quid
1314 556 1493 616 elegerit
1509 556 1750 601 foeminam.

365 626 672 687 Respondetur
695 627 771 671 tibi
796 646 805 671 ε
832 630 926 672 Imo
947 627 1002 671 ad
1019 627 1288 672 nascendum
1308 642 1386 671 eur
1410 626 1584 685 fugeret
1610 626 1756 671 foemi-

364 699 491 741 nam?
525 700 635 741 Puta
663 711 733 740 me
754 711 845 741 non
865 712 990 756 posse
1012 696 1240 742 ostendere
1262 697 1365 756 quia
1393 696 1592 754 elegerit,
1623 707 1673 741 ut
1701 697 1755 741 de

363 767 545 811 foemina
566 776 815 812 nasceretur
835 786 844 812 ε
862 776 910 812 tu
928 767 1108 813 ostende
1122 767 1228 827 quid
1251 767 1403 826 fugere
1415 768 1461 811 in
1483 766 1663 811 foemina
1678 767 1755 811 de-

363 838 476 882 buit.
500 836 585 883 Sed
596 837 833 898 aliquando
844 839 934 898 jam
951 839 1068 883 dieta
1089 848 1191 882 sunt
1206 873 1217 894 ‚
1242 839 1345 899 quia
1359 839 1514 898 utique
1535 838 1568 881 si
1585 838 1756 896 fugeret

363 907 558 952 foeminae
579 917 776 964 uterum,
804 909 924 954 velut
940 909 1201 967 significaret
1222 924 1266 953 se
1295 924 1346 952 ex
1363 907 1435 952 illa
1471 909 1755 953 contaminari

364 978 568 1037 potuisse.
590 981 764 1032 Quanto
782 988 929 1023 autem
943 988 1035 1023 erat
1052 995 1129 1038 per
1147 979 1435 1024 substantiam
1453 993 1576 1022 suam
1599 980 1757 1023 imma-

363 1048 617 1104 culabilior,
655 1058 779 1093 tanto
811 1065 900 1093 non
927 1050 1082 1094 debuit
1110 1049 1345 1094 formidare
1375 1059 1551 1093 uterum
1584 1051 1752 1106 carnis,

361 1119 484 1178 quasi
503 1128 647 1177 posset
667 1119 770 1162 inde
792 1120 1000 1163 maculari
1018 1138 1028 1163 ;
1050 1120 1127 1162 sed
1154 1128 1282 1163 natus
1295 1118 1350 1162 de
1371 1118 1555 1163 foemina
1569 1153 1581 1174 ‚
1606 1128 1754 1163 osten-

361 1187 464 1231 dere
483 1187 609 1232 nobis
624 1187 779 1232 debuit
799 1189 949 1247 magni-
963 1188 1130 1248 aliquid
1150 1189 1424 1233 sacramenti.
1449 1191 1558 1234 Nam
1580 1204 1750 1245 revera,

361 1257 539 1314 fratres,
577 1268 621 1303 et
652 1274 730 1303 nos
751 1258 941 1303 fatemur
957 1294 969 1314 ‚
994 1260 1113 1319 quod
1137 1261 1171 1303 si
1192 1259 1324 1303 vellet
1346 1260 1555 1303 Dominus
1583 1260 1641 1304 sic
1663 1261 1755 1304 fieri

361 1329 494 1373 homo
509 1363 520 1383 ,
545 1338 596 1372 ut
617 1344 705 1375 non
738 1344 791 1372 ex
815 1328 997 1373 foemina
1029 1338 1302 1384 nasceretur,
1328 1337 1420 1373 erat
1441 1329 1594 1388 utique
1626 1329 1754 1375 facile

359 1400 586 1458 Majestati.
611 1400 844 1452 Quomodo
862 1400 978 1443 enim
1000 1400 1142 1459 potuit
1159 1415 1209 1443 ex
1231 1400 1413 1444 foemina
1433 1400 1525 1443 sine
1549 1400 1667 1444 viro:
1695 1401 1754 1445 sie

361 1478 504 1527 posset
517 1483 597 1512 nee
609 1484 686 1528 per
702 1468 929 1513 foeminam
951 1470 1082 1513 nasci.
1112 1469 1196 1514 Sed
1215 1471 1299 1514 hoc
1321 1470 1448 1514 nobis
1466 1469 1678 1525 ostendit,
1704 1481 1754 1515 ut

360 1537 523 1583 scilieet
544 1539 590 1581 in
611 1538 734 1583 nullo
756 1554 859 1582 sexu
892 1538 947 1582 de
969 1554 1013 1582 se
1035 1539 1284 1598 desperaret
1309 1540 1502 1583 humana
1535 1549 1748 1585 creatura.

364 1610 496 1652 Sexus
514 1608 629 1651 enim
660 1609 880 1651 humanus
903 1608 1087 1652 marium
1115 1618 1178 1652 est
1199 1618 1243 1652 et
1260 1608 1555 1653 foeminarum.
1583 1610 1625 1654 Si
1648 1625 1753 1669 ergo

361 1677 427 1721 vir
448 1678 633 1721 existens
648 1712 659 1733 ,
685 1677 803 1738 quod
820 1679 973 1737 utique
995 1693 1085 1722 esse
1107 1679 1286 1723 deberet
1302 1714 1312 1734 ‚
1333 1694 1423 1723 non
1440 1689 1687 1724 nasceretur
1704 1696 1754 1725 ex

360 1746 543 1791 foemina
562 1765 572 1791 ·.
586 1747 866 1806 desperarent
874 1746 928 1791 de
941 1763 986 1791 se.
999 1746 1207 1803 foeminae,
1222 1763 1433 1792 memores
1448 1749 1575 1807 primi
1590 1752 1755 1809 peceati

361 1816 444 1869 sui,
464 1816 565 1875 quia
588 1831 665 1874 per
684 1816 913 1860 foeminam
926 1815 1135 1876 deceptus
1157 1826 1219 1861 est
1234 1818 1398 1876 primus
1413 1818 1570 1876 hom03
1595 1828 1639 1863 et
1655 1834 1754 1864 om-

361 1885 468 1929 nino
490 1885 658 1930 nullam
671 1902 715 1930 se
736 1902 859 1946 spem
875 1887 1039 1931 habere
1058 1887 1104 1930 in
1118 1887 1291 1931 Christo
1308 1887 1636 1932 arbitrarentur.
1663 1892 1752 1933 Ve-

360 1956 426 1999 nit
446 1970 550 2014 ergo
569 1957 635 2001 vir
654 1973 803 2002 sexum
815 1957 1063 2016 praeeligere
1083 1956 1266 2012 virilem,
1291 1967 1335 2001 et
1355 1967 1484 2002 natus
1505 1974 1556 2002 ex
1570 1958 1751 2005 foemina

361 2040 509 2069 sexum
527 2026 738 2070 consolari
754 2026 1032 2081 foemineum,
1049 2035 1257 2085 tanquam
1273 2026 1499 2086 alloquens
1513 2037 1557 2072 et
1572 2028 1722 2074 dicens
1738 2048 1750 2076 ι

364 2098 422 2139 Ut
443 2097 646 2140 noveritis
661 2096 783 2156 quod
801 2112 892 2141 non
912 2097 990 2140 Dei
1009 2106 1205 2141 creatura
1219 2098 1333 2142 mala
1348 2107 1434 2153 est,
1458 2099 1533 2142 sed
1550 2099 1751 2159 voluptas

362 2181 493 2225 prava
507 2167 714 2225 pervertit
735 2182 848 2221 eam,
868 2167 912 2211 in
929 2167 1142 2226 principio
1159 2183 1260 2212 cum
1278 2166 1363 2213 feei
1379 2169 1619 2225 hominem,
1638 2185 1752 2215 mas-

363 2235 512 2280 culum
524 2245 568 2280 et
576 2235 804 2281 foeminam
820 2235 919 2280 feei.
937 2239 1034 2281 Non
1047 2247 1288 2281 ereaturam
1302 2239 1479 2294 damno,
1499 2254 1632 2298 quam
1645 2240 1745 2285 feci.

363 2307 477 2349 Ecce
492 2316 618 2351 natus
635 2322 731 2351 sum
750 2308 830 2362 vir,
852 2322 950 2351 ecce
971 2316 1098 2351 natus
1115 2323 1166 2351 ex
1184 2307 1381 2353 foemina.
1399 2311 1496 2354 Non
1513 2324 1616 2368 ergo
1635 2326 1752 2356 crea·-

364 2381 509 2417 turam
529 2375 706 2432 damno,
726 2391 859 2437 quam
871 2375 953 2421 feci
969 2397 980 2434 3
996 2377 1071 2421 sed
1092 2387 1282 2437 peccata,
1298 2394 1398 2439 quae
1409 2393 1499 2423 non
1511 2378 1610 2424 feci.
1627 2383 1750 2425 Uter-

365 2457 452 2502 que
474 2458 596 2488 sexus
615 2446 761 2491 videat
796 2448 1007 2492 honorem
1028 2462 1157 2492 suum
1174 2482 1185 2504 ‚
1211 2458 1254 2493 et
1281 2458 1467 2508 uterque
1489 2451 1750 2496 confiteatur

362 2512 634 2571 iniquitatem
656 2530 805 2573 suam,
824 2527 867 2563 et
886 2526 1071 2578 uterque
1093 2528 1233 2577 speret
1255 2519 1453 2564 salutem.
1481 2519 1748 2580 Decipiendo
