1898 3178
398 208 536 236 senno
568 207 650 243 LII,
685 204 740 231 DE
773 204 919 232 vmms
950 200 1114 229 ΜΑΤΤΗ.
1151 202 1216 228 111.
1418 190 1499 229 153

126 283 199 320 net
216 309 227 331 ,
248 274 324 318 sed
345 273 401 317 ad
422 285 575 316 unum.
603 269 701 313 Tria
722 268 922 313 fecerunt
943 282 1103 313 nomen
1140 266 1361 310 memoriae
1388 285 1396 311 :
1426 266 1502 312 sed

124 346 207 390 hoc
224 360 313 389 non
331 342 517 402 pertinet
538 340 618 384 nisi
655 338 711 383 ad
731 339 865 383 solam
888 339 1161 383 memoriam.
1187 337 1286 382 Tria
1306 337 1505 382 fecerunt

124 429 284 460 nomen
300 411 545 457 intellectus
571 429 580 454 :
606 408 681 454 sed
702 425 792 453 non
808 409 996 468 pertinet
1014 409 1095 453 nisi
1125 407 1181 453 ad
1207 407 1348 453 solum
1372 408 1504 452 intel-

123 487 298 530 lectum.
316 483 412 526 Tria
429 480 628 526 fecerunt
648 495 810 524 nomen
826 479 1061 523 voluntatis
1087 499 1096 524 :
1118 477 1194 524 sed
1209 494 1300 524 non
1315 479 1506 538 pertinet

123 555 203 599 nisi
236 553 291 598 ad
336 551 471 598 solam
514 551 801 596 voluntatem.
847 552 913 593 Ita
956 549 1140 594 Trinitas
1181 548 1286 594 fecit
1331 564 1504 594 carnem

122 626 283 672 Christi
304 644 313 670 :
338 624 414 668 sed
435 639 525 668 non
546 623 736 683 pertinet
756 622 838 666 nisi
859 621 914 665 ad
935 620 1076 665 solum
1099 621 1334 666 Christum.
1363 622 1506 665 Trini-

123 706 186 741 tas
207 696 310 740 fecit
326 694 381 739 de
403 693 518 739 coelo
538 693 788 738 columbam
809 711 817 737 :
842 691 920 736 sed
940 707 1031 737 non
1049 693 1238 753 pertinet
1254 693 1334 737 nisi
1359 693 1413 737 ad
1435 708 1506 737 so-

121 766 214 810 lum
233 766 440 825 Spiritum
455 773 669 809 sanctum.
698 763 883 808 Trinitas
899 763 1003 808 fecit
1019 763 1074 807 de
1095 762 1210 808 coelo
1230 779 1381 808 vocem
1402 783 1411 808 z
1432 763 1507 808 sed

122 853 211 882 non
232 837 420 896 pertinet
441 852 526 880 vox
541 836 623 880 nisi
646 835 702 880 ad
721 835 863 880 solum
885 839 1073 880 Patrem.

178 909 322 951 XXII.
348 909 485 952 Nemo
500 922 602 965 ergo
618 905 734 950 dicat
750 907 879 962 mihi,
896 921 1026 952 nemo
1049 905 1342 951 calumniosus
1359 921 1429 949 me
1445 906 1509 949 in-

121 980 296 1023 firmum
323 993 479 1037 urgere
501 986 685 1023 conetur
710 997 720 1023 :
745 977 862 1032 Quid
885 993 988 1037 ergo
1016 978 1062 1022 in
1092 978 1158 1022 his
1180 978 1318 1022 tribus
1342 993 1442 1038 quae
1466 978 1510 1020 in

122 1058 267 1093 mente
291 1057 436 1093 nostra
458 1048 528 1093 vel
544 1048 590 1092 in
613 1048 756 1092 anima
778 1063 865 1092 esse
882 1047 1130 1103 ostendisti,
1151 1047 1259 1108 quid
1283 1064 1334 1092 ex
1355 1048 1420 1091 his
1440 1048 1510 1091 tri-

122 1119 204 1163 bus
227 1119 415 1178 pertinet
437 1118 491 1162 ad
523 1122 696 1163 Patrem
712 1153 722 1173 ,
747 1118 792 1163 id
813 1128 902 1174 est,
942 1119 1065 1179 quasi
1097 1118 1152 1162 ad
1182 1117 1509 1163 similitudinem

123 1190 282 1244 Patris,
321 1189 428 1248 quid
462 1190 620 1233 horum
650 1189 705 1234 ad
743 1189 865 1245 Filii,
897 1188 1006 1249 quid
1038 1190 1196 1234 horum
1234 1189 1289 1233 ad
1330 1188 1512 1248 Spiritus

125 1261 286 1304 sancti?
312 1262 410 1305 Non
432 1275 607 1319 possum
637 1260 804 1315 dicere,
842 1276 932 1304 non
955 1276 1130 1319 possum
1152 1260 1384 1320 explicare.
1417 1260 1511 1304 Ali-

123 1329 229 1391 quid
252 1330 543 1388 cogitantibus
566 1328 886 1390 relinquamus,
913 1330 1079 1391 aliquid
1101 1341 1143 1375 et
1160 1331 1330 1375 silentio
1355 1331 1512 1389 largia-

122 1418 235 1446 mur.
254 1401 365 1446 Redi
381 1401 436 1445 ad
448 1410 490 1445 te
502 1437 512 1456 ,
535 1411 577 1445 et
595 1402 650 1446 ab
669 1402 787 1446 omni
805 1403 988 1462 strepitu
1005 1403 1110 1447 tolle
1123 1412 1180 1447 te.
1203 1405 1321 1447 Intra
1338 1411 1380 1446 te
1395 1401 1509 1455 vide,

121 1474 156 1517 si
177 1473 310 1518 habes
334 1472 422 1517 illic
445 1472 624 1534 aliquod
646 1474 925 1518 secretarium
947 1473 1083 1519 dulce
1103 1474 1379 1520 conscientiae
1404 1483 1510 1526 tuae,

122 1546 199 1589 ubi
220 1560 311 1589 non
332 1553 597 1605 perstrepas,
629 1545 708 1588 ubi
737 1560 827 1590 non
850 1546 1017 1604 litiges,
1044 1555 1120 1591 aut
1140 1546 1236 1588 lites
1258 1559 1404 1604 pares,
1437 1543 1513 1586 ubi

123 1632 212 1661 non
228 1615 512 1660 dissensiones
529 1625 571 1660 et
589 1615 876 1675 pervicaciam
894 1614 1128 1658 mediteris.
1144 1617 1249 1659 Esto
1262 1623 1513 1657 mansuetus

123 1687 180 1732 ad
201 1687 470 1732 audiendum
492 1687 678 1731 verbum
693 1721 704 1741 ,
730 1696 780 1730 ut
803 1685 1032 1744 intelligas.
1059 1690 1190 1731 Forte
1216 1686 1412 1730 dicturus
1431 1701 1474 1729 es
1500 1705 1509 1729 ε

128 1777 148 1800 «
181 1757 366 1802 Auditui
386 1772 485 1802 meo
507 1756 630 1801 dabis
653 1756 967 1801 exultationem
994 1766 1034 1800 et
1068 1756 1287 1812 laetitiam,
1314 1765 1356 1800 et
1387 1754 1512 1799 exul-

125 1846 146 1869 »
183 1827 342 1873 tabunt
363 1842 455 1871 ossa
471 1862 481 1881 ,
503 1827 578 1871 sed
588 1826 838 1882 humiliata,
859 1842 948 1871 non
966 1826 1115 1871 elata1.
1134 1845 1154 1868 »

181 1900 350 1941 XXIII.
379 1897 549 1942 Sufficit
571 1912 674 1956 ergo
694 1898 797 1957 quia
822 1896 1093 1942 ostendimus
1114 1897 1195 1941 tria
1217 1897 1420 1957 quaedam
1444 1913 1513 1941 se-

123 1967 372 2028 parabiliter
411 1967 727 2023 demonstrari,
760 1967 1102 2026 inseparabiliter
1133 1969 1317 2027 operari.
1354 1968 1395 2012 Si
1428 1968 1513 2012 hoc

124 2040 168 2082 in
191 2048 232 2083 te
258 2038 482 2093 invenisti,
508 2038 541 2082 si
561 2039 645 2083 hoc
667 2039 714 2082 in
735 2038 934 2094 homine,
959 2038 991 2082 si
1019 2039 1104 2083 hoc
1131 2039 1178 2082 in
1198 2039 1389 2097 quadam
1411 2053 1512 2098 per·

123 2123 230 2152 sona
249 2110 296 2153 in
326 2118 439 2154 terra
468 2109 738 2164 ambulante,
773 2125 930 2169 corpus
958 2109 1134 2170 fragile,
1165 2110 1285 2170 quod
1310 2120 1514 2169 aggravat

126 2177 337 2230 animam,
362 2188 563 2235 portante
590 2199 599 2224 :
625 2178 753 2224 crede
775 2183 947 2224 Patrem
970 2190 1014 2225 et
1034 2179 1195 2225 Filium
1227 2189 1268 2224 et
1305 2181 1512 2239 Spiritum

125 2256 323 2292 sanctum
352 2261 428 2305 per
450 2248 618 2305 singula
639 2252 843 2308 quaedam
863 2251 1070 2308 visibilia,
1095 2268 1173 2313 per
1195 2252 1355 2312 species
1380 2268 1513 2312 quas-

124 2317 227 2362 dam
238 2326 469 2376 assumptae
485 2327 694 2362 creaturae
702 2334 825 2378 posse
843 2322 1195 2381 etssseparabiliter
1208 2321 1508 2378 demonstrari,

125 2397 168 2432 et
203 2387 547 2447 inseparabiliter
575 2390 758 2448 operari.
793 2390 962 2435 Sufficit
989 2392 1087 2436 hoc.
1119 2395 1217 2437 Non
1239 2392 1359 2447 dieo,
1385 2396 1512 2437 Pater

124 2459 333 2504 memoria
353 2468 436 2513 est,
464 2459 598 2504 Filius
616 2461 864 2507 intellectus
888 2471 972 2516 est,
996 2463 1178 2521 Spiritus
1195 2463 1396 2509 voluntas
1419 2474 1507 2509 est:

176 2551 185 2565 1
206 2543 336 2586 Psal.1.‚
359 2555 412 2576 ιο.
