1898 3178
380 237 461 275 584
791 242 823 270 s.
862 242 1090 271 AUGUSTINI
1124 243 1303 270 Eriscon

377 315 453 373 ipsi
469 321 678 372 ceperunt
707 330 715 354 :
741 310 938 353 vicerunt
961 308 1015 352 de
1038 307 1162 352 idolis
1187 316 1510 367 praesumentes.
1531 315 1574 350 et
1595 306 1759 365 perdita

377 384 491 428 idola
503 382 645 427 adhuc
657 390 914 440 quaerentes,
927 389 969 423 et
983 378 1161 438 perditis
1174 379 1316 423 adhuc
1333 378 1569 421 sacrificare
1580 378 1761 436 cupien-

381 464 442 498 tes
458 457 484 497 ¹.
506 453 589 498 Sed
607 452 666 494 ibi
694 459 814 494 erant
843 459 884 494 et
904 449 1054 504 nostri,
1075 457 1118 493 et
1140 449 1286 493 afflicti
1304 458 1405 493 sunt
1425 468 1433 492 :
1451 447 1525 491 sed
1550 457 1761 492 noverant

378 525 543 569 dicere:
561 541 580 564 «
595 521 759 565 Benedi
771 536 865 565 cam
881 521 1114 564 Dominum
1130 520 1174 563 in
1190 520 1308 563 omni
1325 519 1588 578 tempore2.»
1601 518 1762 562 Afflicti

377 605 479 641 sunt
501 595 544 637 in
562 607 694 651 regno
711 601 883 636 terreno
902 610 909 635 :
927 590 1001 634 sed
1024 606 1204 649 regnum
1223 589 1437 634 coelorum
1454 604 1543 633 non
1556 588 1761 649 perdide-

379 674 495 709 runt:
508 665 594 708 imo
609 664 663 707 ad
675 662 785 707 illud
797 660 1108 721 capessendum
1120 659 1420 704 exercitatione
1429 659 1763 704 tribulationum

377 736 573 780 meliores
588 734 733 778 effecti
751 742 867 778 sunt.
887 735 943 777 Et
960 732 993 777 si
1008 732 1054 775 in
1076 730 1427 776 tribulationibus
1449 746 1539 775 non
1563 731 1762 791 blasphe-

376 814 618 859 maverunt,
636 813 844 862 tanquam
866 803 1033 861 integra
1061 817 1159 845 vasa
1181 801 1235 845 de
1258 799 1434 845 fornace
1466 802 1663 845 exierunt
1682 835 1692 855 ,
1718 809 1761 845 et

374 876 597 921 Dominica
613 875 916 919 benedictione
929 873 1082 932 repleti
1100 881 1215 917 sunt.
1236 873 1311 916 Isti
1326 881 1472 916 autem
1490 871 1762 931 blasphema-

376 958 502 1001 tores,
521 956 691 990 terrena
711 954 920 989 sectantes
936 979 946 998 ,
972 953 1142 987 terrena
1163 942 1454 987 desiderantes
1470 977 1481 997 ,
1512 942 1558 985 in
1580 942 1762 986 terrenis

374 1033 495 1077 spem
516 1026 742 1077 ponentes,
755 1031 855 1060 cum
870 1016 948 1059 ista
963 1015 1098 1058 velint
1117 1014 1258 1059 nolint
1276 1012 1561 1073 perdiderint,
1578 1014 1684 1073 quid
1702 1022 1763 1057 te-

351 1093 353 1099 ’
377 1090 576 1132 nebunt?
597 1087 675 1131 ubi
697 1086 1015 1130 remanebunt?
1040 1086 1162 1129 Foris
1186 1084 1310 1139 nihil,
1339 1085 1454 1128 intus
1472 1082 1581 1127 nihil
1600 1084 1763 1128 :inanis

375 1176 469 1203 arca
488 1194 497 1213 ,
537 1158 707 1202 inanior
743 1157 1020 1202 conscientia.
1034 1157 1132 1213 *Ubi
1171 1156 1372 1216 requies?
1407 1155 1484 1198 ubi
1521 1154 1667 1198 salus?
1689 1154 1762 1198 ubi

375 1231 503 1288 spes?
526 1229 713 1272 Veniant
736 1243 860 1287 ergo,
885 1226 1084 1271 desinant
1107 1227 1432 1286 blasphemare,
1458 1224 1625 1269 discant
1658 1223 1764 1268 ado-

376 1315 468 1344 rare
497 1320 505 1344 :
533 1300 689 1358 scorpii
711 1308 953 1358 pungentes
971 1315 994 1342 a
1017 1297 1177 1357 gallina
1200 1296 1508 1350 comedantur,
1540 1296 1586 1339 in
1607 1310 1763 1354 corpus

379 1371 624 1431 trajicientis
653 1379 991 1428 convertantur,
1017 1370 1061 1413 in
1090 1379 1202 1413 terra
1232 1376 1535 1422 exerceantur,
1569 1367 1614 1410 in
1651 1365 1764 1411 coelo

377 1450 656 1486 coronentur.

384 1622 452 1638 lxm!
457 1621 593 1637 ἱὶνὶἱᾱῆΐῑὶ
599 1621 662 1636 ΧὶΛΊ
668 1621 735 1635 Ru!
741 1620 806 1635 ’ἱνὶἱ
811 1619 949 1635 mm!
954 1617 1091 1634 ἏΜἎΛΊ
1097 1616 1516 1633 ἯἋΊΜΊΚἏΊΜΜΔἏΑἸΊΜΑ
1521 1616 1586 1632 m
1591 1615 1727 1633 mum
1732 1616 1762 1632 Ἃ

856 1746 1086 1793 SERMO
1135 1745 1245 1791 CVI
1264 1743 1296 1789 3.

385 1925 441 1964 Dc
464 1921 603 1965 verbis
625 1919 847 1976 Evangelii
866 1922 971 1962 Luc.
990 1936 1034 1961 xi
1053 1936 1061 1962 :
1078 1916 1226 1962 lecne
1247 1931 1345 1972 vos,
1362 1914 1621 1972 Plzarisoei,
1639 1915 1769 1976 quod

638 1990 773 2051 siffis
797 1998 865 2032 est
883 1986 1160 2047 paropsidis
1183 1986 1356 2031 lavatis
1370 2022 1381 2042 ,
1403 1996 1490 2031 ete.

447 2152 477 2192 Ι.
505 2152 704 2192 Αυοιετιε
736 2156 933 2190 sanctum
964 2144 1269 2203 Evangelium,
1305 2144 1527 2205 quomodo
1556 2145 1764 2189 Dominus

385 2224 530 2273 Jews,
553 2220 595 2262 in
620 2234 670 2262 eo
694 2218 812 2278 quod
844 2217 1065 2261 Pharisaeis
1098 2215 1298 2270 dicebat,
1324 2231 1422 2260 suos
1456 2216 1607 2275 utique
1627 2217 1764 2260 Disci-

386 2291 508 2345 pulos
532 2289 865 2341 commonebat,
891 2303 944 2330 ne
966 2288 1010 2330 in
1035 2287 1225 2345 corporis
1259 2286 1541 2330 mundatione
1563 2296 1765 2345 putarent

386 2376 473 2402 esse
489 2360 715 2419 justitiam.
738 2359 866 2402 Omni
903 2358 1018 2401 enim
1039 2356 1107 2400 die
1131 2357 1353 2410 Pharisaei,
1379 2365 1610 2415 antequam
1635 2371 1766 2415 pran-

385 2432 552 2485 derent,
578 2430 815 2474 abluebant
836 2445 880 2473 se
903 2444 1015 2489 aqua
1036 2447 1044 2472 ι
1070 2429 1191 2487 quasi
1209 2426 1462 2488 quotidiana
1483 2427 1642 2471 lavatio
1660 2442 1762 2486 pos-

436 2529 448 2544 ¹
468 2530 512 2558 De
537 2527 629 2559 civit.
658 2527 724 2559 Dei.
744 2526 799 2558 lib.
821 2537 867 2567 iu,
887 2536 956 2567 cap.
977 2525 1029 2557 23.
1051 2540 1092 2546 —
1113 2531 1124 2546 ²
1146 2524 1223 2556 psal.
1246 2535 1355 2564 xxxin,
1376 2535 1407 2555 2.
1437 2540 1478 2546 -Ἰ
1498 2522 1512 2546 3
1540 2524 1620 2554 Alias
1649 2524 1702 2565 30,
1721 2524 1762 2556 de

384 2583 489 2614 verbis
509 2584 641 2614 Domini.

1841 1989 1845 2011 ἰ

1841 2014 1845 2035 l

1842 2247 1847 2372 l

1843 2376 1846 2396 1

1882 2308 1898 2351 .—‘-3
1882 2165 1898 2263 Q-e-‘tg
1884 2097 1892 2118 :2

1883 2378 1895 2404 '1'

1882 2519 1898 2547 Ξ
