1898 3178
893 169 912 185 0

378 220 516 248 SERMO
547 219 665 259 xcw,
700 220 754 246 DE
786 218 932 247 vmmrs
966 217 1095 247 MAnc.
1131 221 1226 247 vm.
1408 209 1485 247 521

116 297 266 347 potero
298 286 518 331 absolvere
540 295 582 329 et
603 286 813 344 explicare
845 285 963 345 quod
991 285 1108 330 dixi?
1139 286 1327 345 Adjuvct
1360 289 1487 329 Deus.

115 357 231 411 Quid
261 358 374 400 enim
418 356 535 399 dixi?
567 355 673 415 quid
709 356 944 400 laudastis?
977 359 1090 401 Ecce
1119 356 1301 417 quaestio
1323 366 1412 410 est,
1451 366 1493 400 ct

117 438 262 472 tamen
293 429 381 487 jam
426 426 644 469 laudastis.
671 426 901 479 Quomodo
940 427 1080 471 malus
1114 437 1177 471 θεῖ
1206 428 1425 485 mundus3
1461 428 1493 471 si

116 500 258 544 bonus
289 508 351 542 est
370 513 393 541 a
423 513 510 557 quo
536 496 675 541 factus
708 507 771 542 est
805 497 1023 542 mundus?
1060 502 1213 543 Nonne
1250 502 1362 542 Deus
1392 498 1494 542 fecit

117 570 282 623 omnia,
307 577 349 612 et
385 583 483 612 ecce
508 569 622 612 bona
642 567 991 612 valde1‘?Nonne
1018 583 1096 627 per
1123 568 1287 626 singula
1312 577 1495 612 testatur

119 639 360 698 Scriptura,
385 637 507 698 quod.
536 638 651 682 bona
682 637 831 681 fecerit
853 641 993 692 Deus,
1018 638 1203 682 dicendo
1227 657 1235 681 :
1266 657 1284 679 «
1310 641 1367 682 Et
1386 637 1495 681 vidit

119 728 139 751 »
158 713 272 754 Deus
283 709 385 769 quia
400 709 565 753 bonum
585 710 727 753 est1P»
756 711 812 752 Et
831 710 1028 753 universa
1045 710 1090 752 in
1107 709 1193 752 fine
1209 709 1267 752 ita
1285 709 1495 753 conclusit

116 779 488 840 quemadmodum
510 779 614 823 fecit
635 782 748 823 Deus
771 780 938 834 omnia,
963 789 1006 823 et
1028 795 1126 824 ecce
1155 780 1271 824 bona
1291 779 1432 824 valde.

175 852 228 893 V.
252 849 484 902 Quomodo
499 864 600 907 ergo
618 848 757 893 malus
768 858 832 893 est
849 849 1054 904 mundus,
1074 859 1116 894 et
1128 850 1268 894 bonus
1287 859 1349 894 est
1367 866 1388 893 a
1407 864 1496 909 quo

117 919 256 964 sactus
289 928 352 963 est
382 919 600 964 mundus?
629 919 877 980 quomodo?
909 939 929 962 «
955 921 1167 973 Quoniam
1198 921 1388 964 mundus
1420 935 1496 979 per

120 1008 141 1031 »
167 1005 267 1033 eum
284 988 423 1033 factus
441 998 526 1044 est,
551 999 594 1033 et
616 989 806 1034 mundus
823 1005 925 1034 eum
942 1006 1030 1034 non
1053 991 1294 1048 eognovit2.
1320 1009 1339 1030 »
1367 993 1497 1035 Mun-

117 1059 198 1103 dus
222 1074 299 1118 per
321 1074 419 1102 eum
443 1058 580 1102 factus
609 1068 698 1114 est,
729 1059 891 1104 coelum
925 1070 968 1104 et
992 1069 1127 1114 terra,
1164 1069 1207 1104 et
1232 1060 1375 1103 omnia
1398 1076 1497 1119 quae

117 1129 164 1173 in
192 1130 251 1173 eis
281 1138 381 1172 sunt
402 1148 410 1174 :
440 1149 460 1171 κ
484 1128 676 1173 Mundus
699 1130 814 1173 enim
837 1145 935 1173 eum
960 1145 1048 1173 non
1077 1130 1307 1188 cognovit,
1338 1151 1357 1172 »
1380 1145 1497 1173 ama-

118 1207 231 1242 tores
248 1199 431 1255 mundi,
457 1208 668 1243 amatores
692 1199 870 1252 mundi,
896 1209 938 1242 et
956 1208 1275 1259 contemptores
1298 1199 1398 1243 Dei:
1420 1200 1498 1244 iste

119 1269 311 1313 mundus
340 1284 440 1311 eum
467 1284 556 1312 non
573 1270 788 1326 cognovit.
826 1270 893 1313 Sic
911 1284 1011 1327 ergo
1028 1269 1167 1314 malus
1189 1279 1252 1314 est
1278 1270 1467 1313 mundus
1484 1305 1494 1324 ,

121 1339 222 1398 quia
243 1338 344 1382 mali
361 1347 462 1381 sunt
479 1340 553 1398 qui
571 1342 661 1383 Deo
683 1338 923 1398 praeferunt
944 1340 1173 1384 mundum.
1199 1343 1256 1383 Et
1277 1340 1415 1384 bonus
1438 1348 1500 1383 est

119 1409 196 1469 qui
210 1408 313 1454 fecit
329 1409 561 1463 mundum,
582 1410 762 1465 coelum,
781 1419 823 1454 et
840 1419 1015 1464 terram,
1031 1420 1074 1454 et
1089 1426 1223 1464 mare,
1241 1411 1408 1470 etipsos
1424 1411 1498 1470 qui

120 1490 266 1525 amant
298 1479 530 1524 mundum.
574 1480 723 1525 Solum
756 1482 870 1524 enim
893 1480 1012 1541 quod
1042 1490 1187 1524 amant
1220 1480 1435 1525 mundum
1458 1491 1500 1525 et

119 1567 209 1596 non
240 1559 385 1594 amant
408 1553 545 1593 Deum
562 1586 573 1605 ,
603 1551 649 1594 in
676 1551 760 1595 illis
792 1567 881 1596 non
904 1552 994 1610 ipse
1025 1549 1142 1595 fecit.
1181 1554 1300 1610 Ipsos
1324 1560 1466 1595 autem
1486 1587 1497 1605 ,

120 1621 242 1681 quod
263 1622 317 1666 ad
340 1630 539 1665 naturam
568 1620 776 1679 pertinet,
809 1622 900 1678 ipse
932 1620 1036 1664 fecit
1058 1640 1066 1664 ε
1092 1620 1213 1680 quod
1239 1620 1293 1664 ad
1326 1621 1500 1680 culpam

119 1692 332 1751 pertinet,
358 1706 447 1735 non
477 1691 569 1749 ipse
590 1690 707 1735 fecit.
740 1692 834 1734 Hoc
857 1699 919 1734 est
948 1689 1068 1750 quod
1096 1689 1228 1749 paulo
1261 1699 1361 1734 ante
1382 1690 1497 1735 dixi:

120 1761 272 1806 Deleat
292 1762 425 1805 homo
447 1760 568 1820 quod
583 1758 685 1804 fecit
703 1795 714 1815 ,
739 1770 783 1805 θῖ
803 1760 995 1819 placebit
1016 1761 1054 1804 ei
1077 1761 1150 1819 qui
1174 1775 1275 1804 eum
1291 1759 1408 1805 fecit.

180 1833 258 1874 VI.
274 1833 383 1875 Nam
397 1839 459 1874 est
471 1839 514 1874 et
531 1829 722 1874 mundus
735 1830 877 1875 bonus
894 1830 937 1873 in
950 1830 1050 1888 ipsis
1063 1830 1314 1874 hominibus
1330 1851 1340 1887 3
1357 1830 1431 1875 sed
1451 1845 1501 1874 ex

121 1901 237 1946 malo
268 1901 424 1946 factus.
461 1904 619 1945 Totum
653 1901 768 1944 enim
801 1901 1043 1955 munduin,
1076 1901 1110 1944 si
1140 1901 1337 1945 homines
1368 1917 1501 1960 ponas

121 1972 339 2016 mundum
354 2007 365 2027 ,
392 1980 570 2031 excepto
592 1971 711 2031 quod
734 1970 918 2015 dicimus
938 1969 1155 2014 mundum
1169 1970 1331 2014 coelum
1354 1981 1396 2015 et
1419 1981 1500 2015 ter-

123 2057 212 2086 ram
227 2076 238 2098 ,
259 2050 302 2085 et
314 2042 457 2086 omnia
475 2057 573 2100 quae
590 2042 635 2084 in
655 2041 713 2084 eis
727 2049 854 2098 sunt3
873 2041 906 2084 si
920 2041 1118 2085 homines
1138 2039 1254 2084 dicas
1266 2041 1497 2096 mundum,

124 2121 266 2157 totum
283 2111 498 2155 mundum
518 2111 681 2155 malum
705 2111 807 2156 fecit
823 2146 833 2166 ,
864 2112 940 2171 qui
960 2112 1100 2170 primo
1122 2112 1329 2170 peccavit.
1351 2112 1501 2155 Omnis

123 2198 260 2227 massa
286 2182 332 2226 in
356 2180 497 2226 radice
520 2182 670 2226 vitiata
698 2190 775 2226 est.
800 2185 970 2226 Bonum
987 2182 1211 2225 hominem
1237 2182 1339 2225 fecit
1358 2185 1497 2226 Deus:

124 2253 184 2297 sic
211 2253 344 2296 habet
383 2251 602 2310 Scriptura
626 2267 634 2292 :
665 2270 686 2294 «
711 2253 826 2296 Fecit
850 2254 964 2295 Deus
990 2252 1211 2296 hominem
1239 2260 1428 2306 rectum,
1460 2260 1502 2295 et

127 2341 148 2363 η
176 2323 256 2382 ipsi
296 2321 492 2366 homines
533 2320 850 2366 adinvenerunt
883 2322 1163 2380 cogitationes
1196 2321 1393 2383 multasss.
1421 2325 1501 2366 »Α

125 2391 274 2436 multis
294 2406 419 2436 curre
443 2391 499 2435 ad
521 2406 658 2434 unum
671 2426 681 2445 ,
697 2391 884 2451 dispersa
903 2391 1055 2449 collige
1072 2392 1116 2435 in
1132 2406 1294 2435 unum:
1311 2391 1498 2445 conflue,

125 2462 319 2506 munitus
336 2470 427 2506 esto
438 2495 449 2516 ,
466 2475 593 2505 mane
615 2461 738 2520 apud
753 2476 890 2505 unum
909 2480 918 2505 :
939 2460 1028 2505 noli
1043 2461 1103 2505 ire
1120 2461 1164 2505 in
1181 2459 1334 2505 multa.
1354 2461 1419 2505 Ibi
1438 2469 1500 2505 est

184 2550 192 2565 ¹
213 2544 294 2577 Gen.
316 2556 337 2576 l.
360 2561 398 2567 —
420 2550 432 2567 ²
454 2546 545 2575 Joan.
563 2554 585 2585 1,
609 2555 659 2576 ιο.
679 2558 720 2567 n—
741 2542 754 2567 3
772 2543 870 2576 Eccli.
890 2553 943 2584 vn,
961 2544 1013 2577 30.
