1898 3178
448 205 530 243 436
868 216 902 241 5.
937 214 1167 242 aucus'nffl
1200 215 1380 241 muscom

442 283 598 325 iterum
621 295 749 323 nemo
767 294 963 337 perverse
985 279 1039 322 sit
1061 294 1250 323 securus.
1266 282 1352 323 Ista
1375 280 1488 322 enim
1507 279 1594 323 duo
1616 279 1823 323 occidunt
1882 276 1887 328 1¹

443 353 626 407 animas,
653 360 727 395 aut
744 350 1007 409 desperatio,
1029 359 1104 395 aut
1125 366 1324 410 perversa
1347 366 1456 410 spes.
1481 353 1541 394 De
1565 349 1630 393 his
1652 350 1822 395 duobus
1858 364 1862 404 1
1882 343 1887 398 l

441 421 563 466 malis
581 436 720 480 pauca
737 419 898 464 audite.
926 422 1035 465 Nam
1057 421 1169 465 sicut
1188 420 1344 464 liberat
1364 421 1479 465 bona
1496 435 1591 479 spes
1608 454 1619 475 ,
1642 428 1685 463 et
1707 430 1822 464 recta
1883 421 1887 481 ᾗ

438 508 562 552 spes3
595 492 652 535 ita
676 490 837 550 decipit
867 506 1064 551 perversa
1087 507 1197 551 spes.
1233 492 1356 536 Prius
1379 491 1590 547 attendite
1609 490 1822 552 quemad-
1858 482 1860 523 l
1882 487 1886 548 Ι

439 563 621 609 modum
640 562 827 622 decipiat
848 562 1106 623 desperatio.
1130 566 1242 609 Sunt
1262 563 1474 618 homines,
1501 564 1692 623 quicum
1711 563 1824 621 cogi·
1856 560 1860 666 ἑ
1896 556 1898 558 ’

438 644 530 679 tare
551 634 765 694 coeperint
786 633 899 678 mala
920 650 1020 694 quae
1041 633 1257 689 fecerunt,
1277 649 1366 678 non
1380 634 1464 678 sibi
1482 643 1638 693 putant
1661 635 1824 692 ignosci

437 720 592 764 posse,
631 714 674 749 et
711 703 817 748 dum
850 720 939 750 non
963 714 1120 764 putant
1140 720 1264 764 posse
1287 704 1367 748 sibi
1388 704 1572 762 ignosci,
1600 703 1706 748 dant
1728 705 1822 748 ani·
1855 672 1860 769 l
1896 752 1898 756 ,

437 791 554 824 mam
569 777 660 836 jam
681 776 848 837 perire,
874 776 1173 836 desperatione
1195 784 1379 835 pereunt
1396 811 1407 831 ,
1433 775 1625 820 dicentes
1643 776 1688 820 in
1709 777 1825 834 cogi·
1855 774 1858 820 ξ
1892 768 1898 794 ³

438 847 678 893 ’rationibus
696 848 803 892 suis:
819 850 844 892 J
847 863 916 892 am
928 848 1050 892 nulla
1061 847 1188 891 nobis
1202 862 1297 907 spes
1311 856 1396 905 est,
1414 862 1555 906 neque
1570 847 1685 890 enim
1705 855 1825 891 tanta

435 918 509 963 illa
530 934 630 979 quae
652 919 946 964 commisimus
976 918 1128 964 donari
1157 919 1283 963 nobis
1316 927 1392 962 aut
1421 918 1584 977 ignosci
1612 927 1822 977 possunt,
1891 911 1898 968 ’J

436 1005 569 1051 quare
589 1006 689 1048 ergo
711 1006 801 1035 non
822 989 1106 1035 satisfacimus
1119 990 1433 1049 cupiditatibus
1450 989 1631 1034 nostris?
1644 988 1826 1048 Implea·
1890 982 1893 1005 ²

435 1076 532 1105 mus
553 1061 707 1106 saltem
729 1062 952 1120 praesentis
974 1062 1179 1120 temporis
1201 1061 1473 1120 voluptatem
1493 1096 1503 1116 ,
1530 1060 1631 1120 quia
1658 1058 1826 1103 nullam

436 1131 648 1174 habemus
671 1131 716 1174 in
739 1129 890 1175 futuro
913 1130 1173 1175 mercedem.
1202 1131 1428 1176 Faciamus
1450 1130 1667 1191 quidquid
1686 1129 1796 1174 libet
1811 1163 1824 1184 ‚

431 1201 509 1245 etsi
530 1216 620 1244 non
641 1200 743 1245 licet
762 1222 772 1258 3
803 1209 852 1244 ut
882 1201 1121 1245 habeamus
1144 1201 1403 1245 suavitatem
1422 1201 1492 1245 vel
1510 1199 1822 1260 temporalem,

434 1271 538 1330 quia
554 1270 777 1330 percipere
800 1286 890 1315 non
912 1286 1129 1314 meremur
1142 1280 1365 1315 aeternam.
1382 1270 1498 1314 Talia
1519 1270 1712 1315 dicentes
1734 1268 1826 1314 des-

434 1342 628 1400 perando
663 1350 876 1399 pereunt,
913 1341 1001 1385 sive
1039 1350 1274 1400 antequam
1303 1341 1481 1385 omnino
1513 1339 1714 1394 credant,
1739 1341 1832 1386 sivev

426 1413 516 1470 jam
535 1411 769 1456 Christiani
787 1420 830 1454 et
853 1411 899 1454 in
921 1409 1067 1469 aliqua
1090 1419 1266 1469 peccata
1283 1420 1325 1454 et
1338 1409 1497 1455 scelera
1511 1410 1623 1454 male
1638 1409 1826 1455 vivendo

436 1481 638 1540 prolapsi.
659 1478 860 1524 Procedit
881 1479 937 1523 ad
957 1495 1033 1524 eos
1045 1480 1256 1525 Dominus
1271 1480 1426 1535 vineae,
1444 1490 1487 1524 et
1508 1489 1718 1540 tanquam
1736 1479 1827 1525 des·

434 1560 635 1610 perantes
657 1560 700 1594 et
728 1550 903 1595 vocanti
933 1559 1106 1608 tergum
1129 1549 1283 1594 dantes
1300 1584 1311 1604 ,
1341 1549 1484 1608 pulsat
1505 1559 1548 1594 et
1569 1550 1727 1595 clamat
1750 1567 1827 1611 per
1878 1555 1882 1573 ²

437 1623 699 1681 prophetam
729 1620 1002 1664 Ezechielem
1025 1639 1033 1665 ;
1065 1639 1086 1662 «
1112 1623 1160 1664 In
1195 1636 1474 1682 quacumque
1501 1622 1570 1666 die
1595 1637 1826 1668 conversus

439 1711 460 1735 »
496 1693 628 1736 fuerit
649 1692 782 1737 homo
803 1708 826 1736 a
852 1691 920 1735 via
942 1706 1019 1735 sua
1041 1692 1225 1751 pessima
1246 1727 1256 1747 ,
1283 1707 1432 1737 omnes
1465 1693 1714 1754 iniquitates
1736 1695 1842 1754 ejus-

438 1781 459 1805 »
495 1762 722 1807 obliviscar
736 1764 796 1804 1.»
812 1763 903 1805 Hac
921 1776 1027 1806 voce
1047 1761 1195 1806 audita
1217 1770 1261 1806 et
1278 1763 1458 1818 credita,
1484 1779 1508 1807 a
1526 1763 1826 1823 desperatione
1874 1767 1889 1800 :⁷-

437 1842 709 1886 recreantur,
749 1841 792 1875 et
813 1832 869 1876 ab
901 1831 976 1876 illa
1008 1831 1213 1877 altissima
1256 1843 1299 1878 et
1332 1833 1553 1893 profunda
1587 1836 1821 1894 voragine,

438 1920 526 1965 qua
547 1902 760 1948 submersi
775 1901 952 1946 fuerant
969 1937 980 1957 ,
1003 1912 1246 1962 emergunt.

498 1977 577 2019 XI.
604 1973 688 2019 Sed
709 1974 773 2018 his
796 1973 1041 2018 timendum
1063 1983 1151 2029 est,
1177 1989 1232 2018 ne
1258 1974 1304 2018 in
1327 1975 1453 2020 aliam
1475 1976 1722 2034 voraginem
1754 1977 1839 2022 in*

441 2056 634 2102 currant,
660 2055 703 2090 et
725 2060 922 2105 perverse
942 2044 1158 2104 sperando
1179 2046 1436 2103 moriantur,
1461 2048 1536 2108 qui
1555 2046 1824 2107 desperando

442 2118 552 2163 mori
569 2132 657 2162 non
675 2126 928 2176 potuerunt.
944 2117 1119 2160 Mutant
1140 2115 1254 2160 enim
1277 2118 1556 2175 cogitationes
1576 2116 1706 2177 longe
1727 2119 1825 2179 qui-

443 2190 543 2234 dem
565 2188 776 2244 diversas,
800 2187 875 2232 sed
897 2202 986 2231 non
1006 2186 1149 2230 minus
1179 2189 1437 2245 perniciosas
1458 2208 1466 2233 :
1488 2198 1532 2233 et
1548 2205 1694 2234 rursus
1713 2191 1822 2234 inci·
1871 2183 1884 2213 ³²·

446 2261 572 2320 piunt
603 2259 745 2303 dicere
770 2259 815 2302 in
836 2257 1042 2302 cordibus
1075 2258 1190 2301 suis:
1230 2259 1272 2302 Si
1306 2275 1583 2320 quacumque
1614 2259 1683 2304 die
1714 2276 1820 2305 con·
1870 2251 1898 2283 ’Ψ

444 2347 592 2376 versus
620 2330 743 2374 fuero
773 2346 796 2373 a
823 2329 891 2373 via
917 2344 1011 2372 mea
1038 2329 1248 2387 pessima,
1280 2332 1394 2374 Deus
1420 2331 1678 2387 misericors,
1712 2332 1841 2376 sicut*¹

445 2404 652 2446 veraciter
663 2417 739 2461 per
758 2401 1018 2459 Prophetam
1038 2400 1249 2457 promisit,
1268 2416 1417 2444 omnes
1438 2401 1687 2461 iniquitates
1706 2416 1818 2446 meas
1835 2381 1859 2436 l,

445 2472 734 2521 obliviscitur,
766 2486 898 2530 quare
921 2468 1050 2513 hodie
1073 2480 1323 2526 convertor,
1349 2480 1391 2515 et
1421 2487 1510 2516 non
1534 2475 1657 2515 cras?
1677 2475 1817 2525 Quare
1834 2437 1891 2548 'w

1832 2590 1837 2708 f

1831 2741 1835 2769 ε

490 2560 498 2577 ¹
520 2555 632 2587 Laeli.
651 2566 740 2595 xvuz,
762 2565 814 2586 ιι.
