1898 3178
258 208 398 237 sunno
430 210 530 247 LVI,
567 208 611 235 m
645 207 808 234 MATTH.
845 209 910 245 vi,
946 207 1000 234 DE
1032 204 1154 234 onAzr.
1190 207 1297 233 DOM.
1378 197 1454 234 181

81 276 174 320 lum
202 284 325 330 sunt,
353 273 543 318 carnales
570 281 684 316 terra
706 282 822 316 sunt.
847 291 867 314 «
892 272 989 316 Fiat
1015 287 1116 330 ergo
1139 270 1340 316 voluntas
1368 282 1458 328 tua,

0 347 22 401 ἕξ
54 397 58 399 ,
85 366 103 387 »
138 346 307 390 sicutin
321 345 504 399 coelo,et
517 343 562 386 in
584 351 696 386 terra
716 361 749 387 ι»
770 350 820 386 ut
837 342 1058 402 quomodo
1074 341 1156 386 tibi
1177 342 1463 402 servitmtspi-

79 416 246 471 ritales,
263 416 323 459 sic
345 414 427 458 tihi
447 414 604 457 mutati
620 413 666 456 in
684 412 837 457 melius
854 413 1042 457 serviant
1059 423 1102 458 et
1113 413 1318 458 carnales.
1336 414 1463 458 «Fiat

83 505 104 530 »
139 487 340 533 voluntas
354 495 425 530 tua
439 520 448 541 ‚
462 486 572 530 sicut
587 485 631 529 in
648 484 778 539 coelo,
797 485 897 528 etin
919 493 1045 529 terra.
1058 487 1165 531 »Est
1180 494 1224 530 et
1242 485 1349 530 alius
1363 500 1463 529 sen-

0 577 23 604 »ι
79 572 151 602 sus
171 558 268 617 pius
286 556 427 601 valde.
453 556 609 601 Moniti
626 555 743 599 enim
756 570 903 599 sumus
926 570 1048 599 orare
1065 571 1145 615 pro
1167 556 1352 601 inimicis
1364 571 1465 602 nos·

80 628 169 672 tris.
195 626 386 672 Ecclesia
402 661 413 682 ‚
438 626 600 671 coelum
624 634 710 684 est3
744 625 907 668 inimici
935 626 1162 682 Ecclesiae,
1203 636 1314 671 terra
1344 637 1461 672 sunt.

21 716 23 733 2
79 698 192 752 Quid
215 707 278 742 est
300 712 402 756 ergo
423 716 432 741 ε
463 716 483 739 «
507 697 606 741 Fiat
628 695 830 742 voluntas
857 705 959 750 tua,
993 696 1105 741 sicut
1140 698 1186 740 in
1211 698 1324 742 coelo
1348 707 1390 743 et
1420 699 1465 742 in

83 787 102 809 »
137 769 282 811 terra?
307 785 327 808 »
354 767 546 812 Credant
567 766 730 811 inimici
756 767 913 822 nostri,
939 766 1162 826 quomodo
1184 776 1228 811 et
1244 783 1321 813 nos
1344 769 1388 812 in
1423 778 1465 812 te

79 838 298 883 credimus
323 857 332 883 z
355 838 462 882 fiant
499 838 654 894 amici,
693 838 847 883 finiant
883 838 1146 882 inimicitias.
1173 841 1302 883 Terra
1338 849 1462 894 sunt,

5 926 21 950 ··.
78 909 175 954 ideo
193 910 320 954 nobis
337 909 620 953 adversantur
647 928 655 953 ι
675 909 839 953 coelum
860 909 984 964 fiant,
1010 918 1053 953 et
1071 910 1301 954 nobiscum
1319 920 1462 955 erunt.

137 982 214 1023 IX.
255 998 276 1021 «
291 982 454 1023 Panem
471 988 671 1024 nostrum
699 978 1009 1039 quotidianum
1032 978 1088 1024 da
1109 980 1232 1025 nobis
1253 981 1385 1025 hodie
1402 982 1463 1025 ¹.»

78 1051 134 1093 Et
171 1049 242 1093 hic
276 1050 365 1108 jam
398 1048 678 1093 manifestum
716 1058 779 1093 est
795 1083 806 1104 ,
847 1049 968 1109 quod
1000 1065 1077 1107 pro
1112 1050 1238 1096 nobis
1272 1066 1463 1097 oramus.

77 1120 264 1173 Quando
287 1119 392 1164 dicis
406 1139 415 1164 :
430 1139 451 1162 «
469 1120 771 1165 Sanctificetur
787 1135 949 1164 nomen
970 1129 1141 1175 tuum‚»
1159 1121 1466 1180 exponendum

76 1199 140 1233 est
158 1190 238 1233 tibi
255 1191 355 1249 quia
370 1205 447 1248 pro
466 1199 508 1234 te
521 1206 632 1244 oras,
649 1205 738 1234 non
756 1205 834 1249 pro
848 1193 953 1234 Deo.
972 1190 1159 1244 Quando
1177 1190 1281 1236 dicis
1302 1211 1310 1237 ε
1337 1192 1466 1237 «Fiat

79 1277 101 1301 »
134 1259 335 1304 voluntas
356 1268 431 1302 tua
449 1278 458 1303 :
484 1277 505 1300 »
539 1269 582 1304 et
600 1260 685 1304 hoc
714 1260 1022 1318 exponendum
1039 1260 1120 1304 tibi
1142 1270 1206 1304 est
1224 1295 1234 1315 ,
1260 1276 1315 1305 ne
1337 1272 1464 1321 putes

76 1330 197 1389 quod
215 1333 303 1373 Deo
322 1330 434 1373 hene
457 1338 601 1389 optas,
619 1339 670 1374 ut
686 1331 762 1374 fiat
775 1330 977 1374 voluntas
995 1330 1144 1389 ipsius,
1166 1340 1207 1375 et
1216 1347 1305 1376 non
1320 1334 1464 1391 potius

76 1416 156 1460 pro
173 1410 215 1444 te
230 1415 339 1445 oras.
361 1400 544 1453 Quando
566 1401 672 1446 dicis
691 1401 896 1445 :«Veniat
918 1415 1101 1458 regnum
1118 1410 1295 1460 tuum3»
1322 1412 1365 1447 et
1380 1404 1464 1448 hoc

75 1471 382 1531 exponendum
400 1481 485 1526 est,
506 1487 561 1516 ne
582 1481 707 1531 putes
729 1472 833 1531 quia
847 1473 937 1515 Deo
953 1471 1067 1515 bene
1080 1481 1281 1531 optas‚ut
1293 1484 1459 1533 regnet.

76 1543 144 1586 Ab
166 1543 248 1587 isto
271 1551 416 1586 autem
433 1543 530 1587 loco
551 1551 594 1586 et
611 1541 815 1601 deinceps
836 1556 976 1601 usque
1000 1542 1046 1585 in
1067 1542 1200 1586 finem
1217 1545 1432 1590 Orationis
1448 1582 1459 1601 ‚

75 1622 254 1672 apparet
288 1612 388 1672 quia
428 1627 508 1671 pro
540 1612 666 1656 nobis
688 1626 892 1670 rogamus
914 1614 1071 1656 Deum.
1113 1613 1300 1666 Quando
1325 1615 1430 1660 dicis
1453 1636 1462 1661 :

78 1701 98 1724 «
134 1686 297 1726 Panem
332 1691 530 1726 nostrum
560 1681 869 1742 quotidianum
891 1681 946 1724 da
968 1682 1095 1726 nobis
1116 1683 1264 1738 hodie,
1283 1702 1304 1724 >›
1325 1687 1461 1744 profi-

74 1753 176 1796 teris
188 1762 231 1795 te
248 1751 499 1795 mendicum
522 1753 616 1794 Dei.
636 1751 721 1795 Sed
732 1750 822 1794 noli
837 1751 1092 1795 erubescere
1112 1770 1122 1796 :
1139 1754 1463 1812 quantumlibet

74 1822 172 1882 quis
179 1822 232 1865 sit
244 1820 362 1865 dives
375 1821 420 1863 in
434 1830 564 1875 terra,
580 1819 806 1864 mendicus
821 1821 899 1864 Dei
918 1830 996 1865 est.
1015 1823 1108 1866 Stat
1120 1824 1347 1869 mendicus
1361 1836 1461 1871 ante

75 1891 257 1936 domum
279 1890 424 1935 divitis
450 1909 459 1935 :
485 1890 561 1934 sed
581 1891 728 1949 etipse
744 1890 864 1935 dives
887 1899 972 1935 stat
993 1900 1093 1936 ante
1115 1891 1296 1937 domum
1313 1898 1462 1955 magni

75 1962 234 2007 divitis.
273 1962 443 2006 Petitur
466 1961 521 2005 ab
553 1960 650 2017 illo,
681 1970 725 2005 et
751 1962 876 2021 petit.
926 1962 969 2006 Si
1002 1977 1092 2007 non
1130 1973 1298 2022 egeret,
1338 1982 1462 2012 aures

75 2034 153 2078 Dei
180 2033 375 2078 oratione
407 2048 496 2078 non
533 2032 741 2092 pulsaret.
779 2034 836 2077 Et
870 2032 977 2092 quid
1006 2043 1104 2092 eget
1130 2034 1277 2080 dives?
1309 2037 1461 2083 Audeo

75 2104 218 2148 dicere
235 2139 246 2158 ‚
281 2104 373 2162 ipso
404 2118 516 2163 pane
549 2102 804 2163 quotidiano
843 2112 942 2162 eget
968 2103 1101 2148 dives.
1154 2107 1299 2159 Quare
1344 2108 1458 2153 enim

77 2175 306 2220 abundant
343 2174 407 2219 illi
432 2175 604 2220 omnia?
639 2173 759 2219 unde
775 2209 786 2230 ,
812 2174 893 2218 nisi
915 2175 1018 2235 quia
1039 2178 1153 2221 Deus
1178 2176 1328 2222 dedit?
1345 2180 1462 2232 Quid

78 2247 257 2291 habebit
289 2247 321 2290 si
353 2249 467 2291 Deus
497 2246 725 2291 subtrahat
756 2261 936 2291 manum
971 2249 1119 2292 suam?
1149 2250 1303 2294 Nonne
1334 2251 1462 2296 multi

78 2317 351 2362 dormierunt
378 2316 531 2361 divites
553 2351 564 2372 ,
599 2326 643 2360 et
677 2327 957 2362 surrexerunt
977 2321 1228 2377 pauperes?
1258 2322 1313 2363 Et
1343 2322 1462 2380 quod

77 2387 141 2431 illi
193 2402 280 2431 non
336 2386 482 2441 deest,
531 2386 839 2431 misericordiae
885 2388 961 2431 Dei
997 2397 1082 2443 est,
1124 2403 1212 2433 non
1252 2391 1459 2447 potentiae

77 2458 221 2514 ipsius.

125 2547 135 2564 ¹
158 2541 278 2573 Matth.
301 2552 345 2580 vr,
373 2553 422 2572 11.
