1898 3178
441 228 521 268 114
876 239 910 268 s.
946 239 1176 271 Auonsnm
1199 243 1380 272 Enscom

490 306 592 349 XII.
617 306 732 359 Quid
754 318 854 363 ergo
867 304 930 349 illi
945 305 1123 351 dicunt?
1140 309 1252 352 Ecce
1269 308 1504 352 Matthaeus
1526 318 1728 354 numerat
1743 323 1819 367 ge-

429 376 672 421 nerationes
687 411 698 432 ,
718 385 761 420 et
777 374 884 420 dicit
905 376 960 420 ab
978 377 1201 422 Abraham
1223 393 1364 439 usque
1376 378 1432 423 ad
1450 377 1587 423 David
1604 394 1695 424 esse
1707 395 1818 440 qua-

429 445 694 503 tuordecim,
719 455 762 490 et
785 461 810 491 a
828 446 968 493 David
989 463 1128 509 usque
1151 447 1208 493 ad
1228 449 1652 508 transmigrationem
1674 450 1820 508 Baby·
1878 447 1879 453 ’

426 514 537 561 lonis
561 515 891 577 quatuordecim
905 553 916 575 ‚
956 527 1000 564 et
1018 534 1043 563 a
1060 519 1442 578 transmigratione
1463 519 1510 564 in
1529 519 1818 578 Babyloniam
1876 526 1878 578 ἶ

427 604 565 650 usque
586 588 643 633 acl
663 586 885 636 Christum
907 588 1258 649 quatuordecim.
1283 592 1378 634 Duc
1396 589 1441 634 in
1459 605 1503 634 se
1520 598 1587 634 ter
1604 599 1816 650 quatuor—

424 659 589 716 decim,
613 660 728 704 fiunt
748 659 1039 720 quadraginta
1059 658 1168 706 duo.
1194 662 1438 707 Numerant
1470 669 1615 705 autem
1632 695 1644 716 ‚
1676 670 1720 704 et
1745 661 1817 706 in-
1873 660 1875 707 Ϊ

426 731 610 777 veniunt
639 731 929 792 quadraginta
950 742 994 777 et
1016 747 1149 778 unam
1180 732 1508 792 generationem
1524 766 1535 787 ,
1569 741 1614 776 et
1638 741 1818 778 movent
1872 785 1873 790 ¹

422 801 709 859 calumniam,
734 812 778 848 ct
797 802 1028 849 irridentes
1058 802 1287 848 insultant.
1316 802 1432 856 Quid
1454 803 1536 847 sibi
1565 817 1667 862 ergo
1696 803 1814 859 vult,
1868 801 1872 820 ³

425 888 527 918 cum
558 872 728 919 dicatur
751 874 798 918 in
816 874 1056 934 Evangelio
1078 883 1143 919 ter
1164 889 1255 919 esse
1276 873 1609 934 quatuordecim
1627 909 1638 929 ,
1669 882 1816 918 tamen
1870 871 1871 882 ²

423 960 573 990 omnes
593 954 834 990 numeratae
854 945 1140 991 inveniuntur
1161 961 1252 991 non
1271 945 1562 1006 quadraginta
1590 944 1712 1000 duae‚
1738 945 1815 989 sed
1868 990 1869 996 ,

420 1017 710 1077 quadraginta
738 1026 782 1062 et
812 1019 927 1062 una?
956 1018 1057 1063 Sine
1086 1017 1224 1062 dubio
1255 1031 1467 1075 magnum
1495 1024 1816 1060 sacramentum

421 1096 499 1131 est.
524 1090 582 1131 Et
603 1088 842 1147 gaudemus
859 1088 1014 1146 gratias
1036 1097 1210 1146 agentes
1232 1087 1419 1131 Domino
1433 1121 1444 1142 ‚
1470 1087 1573 1146 quia
1590 1094 1634 1130 et
1651 1101 1728 1146 per
1740 1101 1815 1131 oc-

422 1157 638 1202 casionem
655 1157 1018 1202 calumniantium
1039 1157 1285 1203 invenimus
1307 1156 1473 1217 aliquid
1495 1155 1616 1216 quod
1647 1165 1814 1216 quanto
1866 1155 1867 1170 ³

419 1228 554 1286 magis
576 1227 806 1287 tegebatur
828 1228 1117 1289 quaerendum
1132 1263 1143 1283 ,
1164 1236 1289 1272 tanto
1310 1228 1448 1285 magis
1462 1227 1815 1272 delectetinven-
1864 1222 1865 1243 ³

421 1307 534 1342 tum.
572 1298 694 1344 Sicut
719 1298 836 1342 enim
864 1297 1093 1357 praelocuti
1125 1312 1295 1352 sumus,
1321 1296 1490 1340 edimus
1512 1297 1812 1356 spectaculum
1862 1293 1864 1349 ζ

418 1369 649 1414 mentium.
675 1369 744 1414 Ab
765 1368 989 1414 Abraham
1010 1369 1144 1428 igitur
1165 1384 1306 1429 usque
1329 1367 1384 1412 ad
1406 1367 1568 1423 David,
1594 1377 1811 1428 quatuor·
1894 1401 1898 1406 -

421 1439 562 1484 decim
575 1449 691 1485 sunt.
714 1439 824 1484 Inde
837 1441 990 1500 incipit
1005 1455 1212 1484 numerus
1230 1456 1254 1485 a
1269 1439 1523 1485 Salomone:
1542 1438 1680 1484 David
1696 1439 1811 1485 enim

419 1511 570 1568 genuit
593 1509 885 1555 Salomonem.
922 1510 1082 1570 Incipit
1104 1519 1251 1554 autem
1272 1524 1480 1554 numerus
1502 1525 1526 1553 a
1551 1508 1780 1554 Salomone
1795 1545 1808 1565 ‚
1858 1543 1871 1552 .

421 1588 465 1624 ct
485 1581 683 1639 pervenit
704 1579 758 1624 ad
777 1580 1032 1624 Jechoniam
1044 1614 1055 1635 ‚
1073 1580 1150 1640 qui
1163 1595 1263 1624 cum
1280 1581 1443 1625 viveret
1457 1580 1572 1624 facta
1588 1589 1653 1624 cst
1669 1589 1810 1625 trans-
1890 1597 1894 1602 ’

419 1650 620 1708 migratio
642 1651 689 1695 in
716 1650 1030 1709 Babyloniam3
1054 1660 1098 1695 et
1129 1659 1233 1695 sunt
1253 1651 1347 1695 aliae
1368 1651 1702 1712 quatuordecim
1733 1667 1810 1711 ge-
1894 1705 1898 1712 ρ

418 1722 664 1767 nerationes
679 1757 690 1777 ,
715 1730 1002 1767 annumerato
1024 1721 1256 1768 Salomone
1277 1737 1301 1766 a
1319 1723 1459 1782 capite
1482 1722 1658 1767 alterius
1678 1722 1812 1767 inter-
1854 1720 1857 1767 ἶ
1893 1721 1898 1732 “

418 1792 520 1838 valli
536 1827 548 1849 ‚
568 1803 856 1838 annumerato
868 1794 998 1839 etiam
1014 1796 1039 1838 J
1043 1794 1247 1850 echonia‚
1267 1793 1324 1838 ad
1337 1809 1469 1853 quem
1487 1793 1708 1839 clauditur
1720 1794 1812 1854 ipse

421 1878 652 1919 numerus,
676 1873 727 1908 ut
747 1864 1012 1924 impleantur
1028 1864 1377 1925 quatuordecim.
1406 1865 1598 1909 Tertium
1622 1880 1724 1910 vero
1745 1865 1812 1910 in-
1851 1911 1854 1924 f
1893 1867 1898 1874 “

421 1934 653 1979 tervallum
672 1934 728 1979 ab
750 1935 845 1994 ipso
864 1934 1075 1980 Jechonia
1096 1935 1263 1994 incipit.
1852 1933 1857 1978 f
1886 1988 1890 1992 ,

480 2006 608 2050 XIII.
643 2005 850 2050 Intendat
873 2005 1084 2050 Sanctitas
1105 2006 1257 2050 Vestra
1279 2019 1371 2048 rem
1393 2005 1620 2063 mysticam
1642 2014 1686 2050 et
1707 2005 1810 2051 dul·
1850 1999 1853 2039 f
1883 2010 1898 2017 “’

422 2089 517 2119 cem
538 2093 548 2120 ε
573 2074 713 2120 fateor
733 2074 857 2120 vobis
879 2083 1102 2134 gustatum
1118 2074 1259 2120 cordis
1278 2075 1364 2119 mei
1385 2094 1394 2119 :
1421 2074 1539 2128 unde
1555 2075 1686 2120 credo
1708 2076 1811 2135 quia
1848 2099 1850 2110 =
1884 2074 1889 2087 ‘

422 2160 523 2190 cum
559 2145 783 2205 protulero
799 2181 810 2202 ,
850 2155 894 2191 et
925 2146 1196 2205 gustaveritis
1211 2180 1222 2202 ,
1262 2146 1453 2204 idipsum
1486 2145 1808 2190 renuntiabitis.

423 2217 644 2262 Intendite
665 2232 782 2276 ergo.
818 2219 856 2262 Α
876 2216 1085 2261 Jechonia
1114 2216 1208 2277 ipso
1227 2215 1464 2275 incipiente
1486 2231 1671 2261 numero
1692 2214 1809 2261 tertii

424 2288 656 2345 intervalli,
673 2303 812 2348 usque
845 2287 902 2333 ad
921 2288 1159 2333 Dominum
1172 2289 1198 2331 J
1201 2302 1322 2331 esum
1341 2287 1562 2332 Christum
1579 2287 1693 2332 fiunt
1708 2302 1812 2347 qua·
1876 2289 1889 2332 ,⁴

427 2359 664 2406 tuordecim
682 2379 691 2406 :
716 2361 820 2421 quia
841 2359 1070 2404 Jechonias
1090 2358 1164 2403 ille
1185 2368 1229 2403 et
1251 2357 1391 2403 finalis
1420 2358 1651 2418 superioris
1672 2359 1823 2403 inter-⁴·
1883 2351 1896 2366 ”

423 2428 547 2485 valli,
580 2441 623 2475 et
650 2430 826 2476 initialis
852 2431 1071 2491 sequentis
1094 2428 1309 2475 intervalli
1330 2429 1395 2474 bis
1416 2438 1688 2473 numeratur.
1724 2427 1808 2474 Sed
1859 2465 1862 2470 .

424 2498 577 2545 dixerit
593 2501 765 2561 aliquis:
786 2505 929 2556 Quare
951 2504 976 2546 J
979 2502 1180 2547 echonias
1197 2501 1261 2545 bis
1282 2503 1564 2545 numeratur?
1581 2499 1696 2547 Nihil
1714 2515 1807 2559 ges-

430 2580 521 2616 tum
540 2581 603 2618 est
619 2582 743 2618 antea
765 2574 811 2619 in
822 2573 986 2634 populo
1002 2572 1156 2631 Israel,
1182 2571 1300 2632 quod
1314 2587 1403 2619 non
1420 2581 1531 2618 esset
1548 2571 1803 2630 mysterium
1834 2591 1838 2603 r
