1898 3178
389 194 473 234 446
827 204 860 230 s.
896 200 1127 229 Anous'rlm
1159 201 1339 229 muscum

390 290 410 313 n
440 285 587 315 sumus
614 270 659 313 in
686 281 888 326 corpore,
912 266 1239 326 peregrinamur
1263 282 1285 311 a
1309 267 1512 312 Domino.
1535 286 1556 310 »
1585 271 1764 315 Statim-

384 357 470 402 que
497 339 712 386 subnectit
742 352 876 397 quare
911 337 1055 382 adhuc
1086 338 1428 396 peregrinamur,
1456 340 1652 398 quamvis
1673 341 1764 400 jam

384 410 693 457 crediderimus
714 427 723 454 :
754 426 774 450 «
794 411 876 452 Per
896 406 1052 463 fidem,
1076 407 1240 468 inquit,
1265 408 1556 466 ambulamus,
1577 425 1667 455 non
1687 426 1764 471 per

386 500 407 524 »
431 481 632 541 speciem.
660 497 681 520 »

441 554 494 596 V.
523 554 629 596 Tota
656 550 790 610 igitur
811 563 941 608 opera
965 557 1137 604 nostra,
1173 546 1352 602 fratreS‚
1382 549 1428 592 in
1460 550 1540 594 hac
1561 550 1649 595 vita
1668 560 1759 607 est,

380 637 531 667 sanare
545 620 721 667 oculum
743 620 906 675 cordis,
930 618 1049 664 unde
1061 617 1261 664 videatur
1274 621 1403 663 Deus.
1424 621 1493 664 Ad
1511 621 1595 665 hoc
1616 637 1762 667 sacro—

380 701 525 737 sancta
553 691 757 750 mysteria
783 690 1088 747 celebrantur,
1108 689 1164 733 ad
1184 689 1268 733 hoc
1295 703 1437 734 sermo
1458 691 1533 734 Dei
1554 691 1764 750 praedica-

381 774 478 822 tur,
502 763 556 808 ad
573 764 657 809 hoc
679 762 998 808 exhortationes
1019 760 1226 805 Ecclesiae
1243 759 1427 804 morales
1443 795 1454 816 ,
1483 760 1528 805 id
1548 771 1612 807 est
1625 797 1637 817 ,
1659 778 1762 822 per-

378 836 564 880 tinentes
581 834 635 880 ad
663 832 942 893 corrigendos
969 847 1133 886 mores,
1172 831 1227 875 ad
1248 830 1541 877 emendandas
1570 834 1762 879 carnales

378 905 770 966 concupiscentias,
795 903 850 948 ad
871 902 1214 948 renuntiandum
1236 917 1326 947 non
1347 917 1453 947 voce
1470 912 1639 948 tantum
1652 939 1664 960 ,
1685 904 1763 949 sed

378 985 544 1021 mutata
564 976 674 1031 vita,
705 975 807 1019 huic
834 973 1016 1031 saeculo,
1041 972 1096 1017 ad
1117 973 1202 1017 1100
1222 982 1358 1032 agunt
1389 974 1605 1034 quidquid
1626 985 1763 1034 agunt

378 1046 537 1092 divinae
560 1054 806 1106 sanctaeque
830 1045 1043 1100 Llitterae,
1068 1053 1119 1088 ut
1139 1053 1350 1104 purgetur
1370 1042 1481 1090 illud
1503 1045 1685 1090 interius
1705 1046 1762 1090 ab

377 1134 426 1162 ea
445 1133 490 1162 re
511 1133 611 1178 quae
632 1132 710 1161 nos
728 1115 911 1175 impedit
933 1116 989 1159 ab
1012 1123 1189 1174 aspectu
1211 1115 1306 1159 Dei.
1333 1115 1454 1160 Sicut
1469 1116 1585 1160 enim
1608 1115 1762 1161 oculus

375 1189 514 1233 lactus
536 1188 592 1232 ad
607 1188 720 1231 hanc
742 1186 885 1237 lucem
910 1185 1194 1245 temporalem
1216 1185 1451 1231 videndam
1467 1220 1478 1242 ,
1500 1196 1544 1233 et
1564 1188 1761 1248 quamvis

375 1260 596 1305 coelestem
611 1293 621 1313 ,
644 1267 792 1302 tamen
818 1271 1071 1317 corpoream
1094 1261 1225 1316 atque
1248 1259 1524 1316 conspicuam
1538 1293 1549 1313 ,
1582 1275 1673 1304 non
1692 1275 1763 1303 so-

375 1330 467 1375 lum
484 1328 758 1383 hominibus,
784 1327 860 1372 sed
882 1327 1011 1371 etiam
1033 1326 1244 1370 vilissimis
1267 1327 1559 1372 animantibus
1576 1328 1655 1386 (ad
1677 1330 1760 1374 hoc

376 1403 491 1446 enim
508 1401 650 1445 factus
675 1408 758 1455 est,
786 1408 836 1442 ut
851 1400 964 1442 hanc
987 1398 1131 1442 lucem
1149 1398 1349 1456 videat),
1374 1408 1520 1443 tamen
1536 1400 1570 1443 si
1593 1400 1761 1460 aliquid

374 1474 584 1532 injectum
599 1470 746 1525 fuerit,
768 1468 838 1514 vel
854 1469 1028 1513 irruerit
1043 1503 1055 1524 ,
1076 1468 1194 1512 unde
1209 1470 1428 1524 turbetur,
1449 1470 1688 1515 secluditur
1703 1472 1758 1516 ab

374 1543 593 1600 11301110ος
609 1551 651 1586 et
666 1541 862 1601 quamvis
877 1555 976 1584 eum
992 1555 1068 1583 sua
1086 1540 1314 1598 praesentia
1331 1540 1671 1597 circumfundat,
1686 1541 1760 1586 ille

374 1623 519 1658 tamen
542 1627 586 1656 se
608 1611 778 1665 avertit,
803 1619 934 1670 atque
951 1609 1104 1653 absens
1124 1619 1186 1653 est
1206 1624 1215 1651 t
1236 1625 1325 1654 non
1346 1610 1488 1654 solum
1509 1621 1654 1657 autem
1676 1613 1760 1657 ab·-

373 1699 466 1728 sens
484 1683 534 1726 fit
555 1680 883 1741 perturbatione
904 1695 981 1724 sua
1001 1695 1024 1723 a
1044 1679 1142 1724 luce
1164 1681 1391 1739 praesenti3
1415 1681 1492 1725 sed
1510 1682 1638 1726 etiam
1656 1698 1756 1742 poe-

373 1754 479 1799 nalis
511 1753 573 1798 illi
602 1761 666 1796 est
692 1751 788 1805 lux,
825 1750 880 1795 ad
909 1766 1041 1811 quam
1069 1750 1301 1795 videndam
1334 1750 1474 1796 factus
1506 1762 1583 1797 est.
1613 1754 1680 1799 Sic
1712 1764 1756 1800 et

372 1824 523 1871 oculus
545 1822 685 1868 cordis
708 1822 984 1881 perturbatus
1004 1830 1135 1881 atque
1151 1822 1365 1866 sauciatus
1381 1823 1535 1868 avertit
1555 1839 1599 1867 se
1615 1839 1639 1868 a
1655 1824 1754 1870 luce

367 1896 564 1957 justitiae,
582 1909 662 1938 nec
684 1893 815 1937 audet
836 1907 928 1936 eam
948 1892 1257 1951 contemplari,
1283 1907 1363 1937 nec
1383 1893 1514 1938 valet.

428 1970 505 2011 VI.
532 1964 644 2020 Quid
674 1964 823 2008 turbat
850 1963 1027 2008 oculum
1060 1962 1230 2007 cordis?
1261 1963 1511 2022 Cupiditas,
1543 1966 1715 2011 avaritia
1735 2001 1747 2022 ‚

369 2037 574 2097 iniquitas
589 2072 600 2092 ,
626 2034 976 2093 concupiscentia
993 2032 1229 2089 saecularis,
1267 2034 1441 2089 turbat,
1465 2035 1652 2089 claudit,
1678 2052 1750 2080 ex-

370 2117 502 2153 caecat
536 2105 713 2152 oculum
745 2103 902 2149 cordis.
930 2106 986 2147 Et
1014 2113 1159 2147 tamen
1181 2104 1404 2163 quomodo
1425 2107 1637 2164 quaeritur
1657 2122 1751 2151 me-

371 2179 515 2235 dicus,
551 2193 652 2223 cum
686 2175 837 2221 oculus
870 2175 1009 2219 carnis
1039 2174 1239 2218 turbatus
1275 2184 1339 2219 est
1354 2209 1365 2230 ,
1405 2176 1627 2235 quomodo
1658 2192 1750 2221 non

369 2250 570 2295 differtur
599 2258 649 2293 ut
683 2247 901 2307 aperiatur
923 2255 1052 2305 atque
1085 2254 1312 2305 purgetur,
1346 2255 1397 2290 ut
1428 2256 1604 2291 sanetur
1630 2248 1750 2292 unde

370 2322 444 2366 lux
465 2323 545 2367 ista
560 2320 786 2366 videatur?
807 2318 1010 2372 curritur,
1027 2332 1156 2361 nemo
1172 2317 1414 2377 requiescit,
1435 2333 1564 2363 nemo
1582 2319 1745 2375 differt,

369 2394 401 2437 si
422 2393 492 2438 vel
513 2391 670 2452 stipula
700 2391 744 2434 in
766 2387 942 2434 oculum
965 2386 1104 2432 cadat.
1140 2387 1281 2432 Solem
1304 2398 1419 2432 certe
1437 2423 1448 2444 ,
1480 2404 1611 2449 quem
1635 2391 1746 2435 sanis

368 2462 500 2508 oculis
519 2462 666 2506 videre
686 2460 889 2506 volumus
904 2494 915 2515 ‚
939 2461 1053 2503 Deus
1074 2456 1190 2502 fecit.
1211 2458 1352 2504 Multo
1374 2468 1438 2504 est
1459 2459 1611 2521 utique
1631 2460 1746 2507 luci-

418 2553 426 2570 ¹
451 2555 470 2578 2
492 2549 613 2587 C0r.v,
636 2546 668 2577 6.
