<?xml version="1.0" encoding="UTF-8"?>
<!DOCTYPE html PUBLIC "-//W3C//DTD XHTML 1.0 Transitional//EN"
    "http://www.w3.org/TR/xhtml1/DTD/xhtml1-transitional.dtd">
<html xmlns="http://www.w3.org/1999/xhtml" xml:lang="en" lang="en">
 <head>
  <title>
</title>
<meta http-equiv="Content-Type" content="text/html;charset=utf-8" />
  <meta name='ocr-system' content='tesseract 3.04.00' />
  <meta name='ocr-capabilities' content='ocr_page ocr_carea ocr_par ocr_line ocrx_word'/>
</head>
<body>
  <div class='ocr_page' id='page_1' title='image "./operaomniaaccura18auguuoft_0525.png"; bbox 0 0 1898 3178; ppageno 0'>
   <div class='ocr_carea' id='block_1_1' title="bbox 7 447 68 2417">
    <p class='ocr_par' dir='ltr' id='par_1_1' title="bbox 7 447 68 2417">
     <span class='ocr_line' id='line_1_1' title="bbox 7 447 32 658; baseline 0 -143"><span class='ocrx_word' id='word_1_1' title='bbox 7 447 32 658; x_wconf 95' lang='lat' dir='ltr'>   </span> 
     </span>
     <span class='ocr_line' id='line_1_2' title="bbox 11 658 34 728; baseline 0 2450"><span class='ocrx_word' id='word_1_2' title='bbox 11 658 34 728; x_wconf 95' lang='lat' dir='ltr'> </span> 
     </span>
     <span class='ocr_line' id='line_1_3' title="bbox 13 728 35 795; baseline 0 2383"><span class='ocrx_word' id='word_1_3' title='bbox 13 728 35 795; x_wconf 95' lang='lat' dir='ltr'> </span> 
     </span>
     <span class='ocr_line' id='line_1_4' title="bbox 14 795 37 866; baseline 0 2312"><span class='ocrx_word' id='word_1_4' title='bbox 14 795 37 866; x_wconf 95' lang='lat' dir='ltr'> </span> 
     </span>
     <span class='ocr_line' id='line_1_5' title="bbox 15 866 39 939; baseline 0 2239"><span class='ocrx_word' id='word_1_5' title='bbox 15 866 39 939; x_wconf 95' lang='lat' dir='ltr'> </span> 
     </span>
     <span class='ocr_line' id='line_1_6' title="bbox 16 939 40 1010; baseline 0 2168"><span class='ocrx_word' id='word_1_6' title='bbox 16 939 40 1010; x_wconf 95' lang='lat' dir='ltr'> </span> 
     </span>
     <span class='ocr_line' id='line_1_7' title="bbox 17 1010 42 1138; baseline 0 0"><span class='ocrx_word' id='word_1_7' title='bbox 17 1010 42 1138; x_wconf 95' lang='lat' dir='ltr'>  </span> 
     </span>
     <span class='ocr_line' id='line_1_8' title="bbox 19 1138 44 1222; baseline 0 1956"><span class='ocrx_word' id='word_1_8' title='bbox 19 1138 44 1222; x_wconf 95' lang='lat' dir='ltr'> </span> 
     </span>
     <span class='ocr_line' id='line_1_9' title="bbox 21 1222 45 1286; baseline 0 1892"><span class='ocrx_word' id='word_1_9' title='bbox 21 1222 45 1286; x_wconf 95' lang='lat' dir='ltr'> </span> 
     </span>
     <span class='ocr_line' id='line_1_10' title="bbox 22 1286 46 1358; baseline 0 1820"><span class='ocrx_word' id='word_1_10' title='bbox 22 1286 46 1358; x_wconf 95' lang='lat' dir='ltr'> </span> 
     </span>
     <span class='ocr_line' id='line_1_11' title="bbox 23 1358 48 1427; baseline 0 1751"><span class='ocrx_word' id='word_1_11' title='bbox 23 1358 48 1427; x_wconf 95' lang='lat' dir='ltr'> </span> 
     </span>
     <span class='ocr_line' id='line_1_12' title="bbox 24 1427 49 1496; baseline 0 1682"><span class='ocrx_word' id='word_1_12' title='bbox 24 1427 49 1496; x_wconf 95' lang='lat' dir='ltr'> </span> 
     </span>
     <span class='ocr_line' id='line_1_13' title="bbox 25 1496 51 1569; baseline 0 1609"><span class='ocrx_word' id='word_1_13' title='bbox 25 1496 51 1569; x_wconf 95' lang='lat' dir='ltr'> </span> 
     </span>
     <span class='ocr_line' id='line_1_14' title="bbox 26 1569 52 1636; baseline 0 1542"><span class='ocrx_word' id='word_1_14' title='bbox 26 1569 52 1636; x_wconf 95' lang='lat' dir='ltr'> </span> 
     </span>
     <span class='ocr_line' id='line_1_15' title="bbox 26 1636 53 1705; baseline 0 1473"><span class='ocrx_word' id='word_1_15' title='bbox 26 1636 53 1705; x_wconf 95' lang='lat' dir='ltr'> </span> 
     </span>
     <span class='ocr_line' id='line_1_16' title="bbox 28 1705 56 1775; baseline 0 1403"><span class='ocrx_word' id='word_1_16' title='bbox 28 1705 56 1775; x_wconf 95' lang='lat' dir='ltr'> </span> 
     </span>
     <span class='ocr_line' id='line_1_17' title="bbox 29 1775 57 1850; baseline 0 1328"><span class='ocrx_word' id='word_1_17' title='bbox 29 1775 57 1850; x_wconf 95' lang='lat' dir='ltr'> </span> 
     </span>
     <span class='ocr_line' id='line_1_18' title="bbox 30 1850 59 1922; baseline 0 1256"><span class='ocrx_word' id='word_1_18' title='bbox 30 1850 59 1922; x_wconf 95' lang='lat' dir='ltr'> </span> 
     </span>
     <span class='ocr_line' id='line_1_19' title="bbox 31 1922 60 1992; baseline 0 1186"><span class='ocrx_word' id='word_1_19' title='bbox 31 1922 60 1992; x_wconf 95' lang='lat' dir='ltr'> </span> 
     </span>
     <span class='ocr_line' id='line_1_20' title="bbox 32 1992 62 2059; baseline 0 1119"><span class='ocrx_word' id='word_1_20' title='bbox 32 1992 62 2059; x_wconf 95' lang='lat' dir='ltr'> </span> 
     </span>
     <span class='ocr_line' id='line_1_21' title="bbox 32 2059 64 2133; baseline 0 1045"><span class='ocrx_word' id='word_1_21' title='bbox 32 2059 64 2133; x_wconf 95' lang='lat' dir='ltr'> </span> 
     </span>
     <span class='ocr_line' id='line_1_22' title="bbox 33 2133 66 2266; baseline 0 0"><span class='ocrx_word' id='word_1_22' title='bbox 33 2133 66 2266; x_wconf 95' lang='lat' dir='ltr'>  </span> 
     </span>
     <span class='ocr_line' id='line_1_23' title="bbox 35 2266 68 2417; baseline 0.909 -20"><span class='ocrx_word' id='word_1_23' title='bbox 35 2266 68 2417; x_wconf 95' lang='lat' dir='ltr'>   </span> 
     </span>
    </p>
   </div>
   <div class='ocr_carea' id='block_1_2' title="bbox 331 284 1431 328">
    <p class='ocr_par' dir='ltr' id='par_1_2' title="bbox 331 284 1431 328">
     <span class='ocr_line' id='line_1_24' title="bbox 331 284 1431 328; baseline 0.002 -9"><span class='ocrx_word' id='word_1_24' title='bbox 331 291 468 319; x_wconf 78' lang='lat' dir='ltr'>SERMO</span> <span class='ocrx_word' id='word_1_25' title='bbox 501 291 605 328; x_wconf 85' lang='lat' dir='ltr'>xcv,</span> <span class='ocrx_word' id='word_1_26' title='bbox 640 292 693 317; x_wconf 87' lang='lat' dir='ltr'>DE</span> <span class='ocrx_word' id='word_1_27' title='bbox 728 291 871 320; x_wconf 71' lang='lat' dir='ltr'>vEnsls</span> <span class='ocrx_word' id='word_1_28' title='bbox 902 290 1030 320; x_wconf 67' lang='lat' dir='ltr'>MArtc.</span> <span class='ocrx_word' id='word_1_29' title='bbox 1066 294 1159 320; x_wconf 79' lang='lat' dir='ltr'>vm.</span> <span class='ocrx_word' id='word_1_30' title='bbox 1350 284 1431 321; x_wconf 83' lang='lat'>513</span> 
     </span>
    </p>
   </div>
   <div class='ocr_carea' id='block_1_3' title="bbox 0 356 1469 2592">
    <p class='ocr_par' dir='ltr' id='par_1_3' title="bbox 62 356 1436 417">
     <span class='ocr_line' id='line_1_25' title="bbox 62 356 1436 417; baseline 0.001 -17"><span class='ocrx_word' id='word_1_31' title='bbox 62 356 340 415; x_wconf 79' lang='lat' dir='ltr'>nuptialem1.</span> <span class='ocrx_word' id='word_1_32' title='bbox 358 357 426 400; x_wconf 81' lang='lat' dir='ltr'>Ad</span> <span class='ocrx_word' id='word_1_33' title='bbox 445 356 618 414; x_wconf 86' lang='lat' dir='ltr'>nuptias</span> <span class='ocrx_word' id='word_1_34' title='bbox 635 356 751 399; x_wconf 85' lang='lat' dir='ltr'>enim</span> <span class='ocrx_word' id='word_1_35' title='bbox 770 357 1024 401; x_wconf 79' lang='lat' dir='ltr'>invitaverat</span> <span class='ocrx_word' id='word_1_36' title='bbox 1044 372 1225 417; x_wconf 88' lang='lat' dir='ltr'>sponsus</span> <span class='ocrx_word' id='word_1_37' title='bbox 1246 356 1320 401; x_wconf 88' lang='lat' dir='ltr'>ille</span> <span class='ocrx_word' id='word_1_38' title='bbox 1340 373 1436 416; x_wconf 67' lang='lat' dir='ltr'>spe·</span> 
     </span>
    </p>

    <p class='ocr_par' dir='ltr' id='par_1_4' title="bbox 64 424 1439 485">
     <span class='ocr_line' id='line_1_26' title="bbox 64 424 1439 485; baseline 0.001 -16"><span class='ocrx_word' id='word_1_39' title='bbox 64 426 203 470; x_wconf 90' lang='lat' dir='ltr'>ciosus</span> <span class='ocrx_word' id='word_1_40' title='bbox 216 426 357 470; x_wconf 87' lang='lat' dir='ltr'>forma</span> <span class='ocrx_word' id='word_1_41' title='bbox 373 440 463 484; x_wconf 87' lang='lat' dir='ltr'>prae</span> <span class='ocrx_word' id='word_1_42' title='bbox 487 424 584 468; x_wconf 90' lang='lat' dir='ltr'>filiis</span> <span class='ocrx_word' id='word_1_43' title='bbox 607 425 848 470; x_wconf 92' lang='lat' dir='ltr'>hominum.</span> <span class='ocrx_word' id='word_1_44' title='bbox 877 429 1066 485; x_wconf 88' lang='lat' dir='ltr'>Sponsus</span> <span class='ocrx_word' id='word_1_45' title='bbox 1086 427 1159 471; x_wconf 93' lang='lat' dir='ltr'>ille</span> <span class='ocrx_word' id='word_1_46' title='bbox 1180 426 1325 471; x_wconf 83' lang='lat' dir='ltr'>foedus</span> <span class='ocrx_word' id='word_1_47' title='bbox 1347 426 1439 472; x_wconf 86' lang='lat' dir='ltr'>fac-</span> 
     </span>
    </p>

    <p class='ocr_par' dir='ltr' id='par_1_5' title="bbox 63 495 1437 556">
     <span class='ocr_line' id='line_1_27' title="bbox 63 495 1437 556; baseline 0.001 -17"><span class='ocrx_word' id='word_1_48' title='bbox 63 505 132 540; x_wconf 86' lang='lat' dir='ltr'>tus</span> <span class='ocrx_word' id='word_1_49' title='bbox 153 505 331 555; x_wconf 88' lang='lat' dir='ltr'>propter</span> <span class='ocrx_word' id='word_1_50' title='bbox 362 510 563 554; x_wconf 87' lang='lat' dir='ltr'>sponsam</span> <span class='ocrx_word' id='word_1_51' title='bbox 586 495 772 551; x_wconf 81' lang='lat' dir='ltr'>foedam,</span> <span class='ocrx_word' id='word_1_52' title='bbox 810 507 860 541; x_wconf 88' lang='lat' dir='ltr'>ut</span> <span class='ocrx_word' id='word_1_53' title='bbox 897 512 991 541; x_wconf 87' lang='lat' dir='ltr'>eam</span> <span class='ocrx_word' id='word_1_54' title='bbox 1012 498 1174 542; x_wconf 85' lang='lat' dir='ltr'>faceret</span> <span class='ocrx_word' id='word_1_55' title='bbox 1195 497 1437 556; x_wconf 84' lang='lat' dir='ltr'>pulchram.</span> 
     </span>
    </p>

    <p class='ocr_par' dir='ltr' id='par_1_6' title="bbox 65 564 1439 627">
     <span class='ocr_line' id='line_1_28' title="bbox 65 564 1439 627; baseline 0.002 -18"><span class='ocrx_word' id='word_1_56' title='bbox 65 564 190 610; x_wconf 86' lang='lat' dir='ltr'>Unde</span> <span class='ocrx_word' id='word_1_57' title='bbox 205 564 351 609; x_wconf 84' lang='lat' dir='ltr'>foedus</span> <span class='ocrx_word' id='word_1_58' title='bbox 369 564 509 609; x_wconf 87' lang='lat' dir='ltr'>factus</span> <span class='ocrx_word' id='word_1_59' title='bbox 527 574 590 609; x_wconf 90' lang='lat' dir='ltr'>est</span> <span class='ocrx_word' id='word_1_60' title='bbox 603 564 815 624; x_wconf 81' lang='lat' dir='ltr'>pulcher?</span> <span class='ocrx_word' id='word_1_61' title='bbox 835 566 877 611; x_wconf 90' lang='lat' dir='ltr'>Si</span> <span class='ocrx_word' id='word_1_62' title='bbox 893 582 979 611; x_wconf 89' lang='lat' dir='ltr'>non</span> <span class='ocrx_word' id='word_1_63' title='bbox 996 568 1152 626; x_wconf 88' lang='lat' dir='ltr'>probo,</span> <span class='ocrx_word' id='word_1_64' title='bbox 1172 567 1439 627; x_wconf 86' lang='lat' dir='ltr'>blasphemo.</span> 
     </span>
    </p>

    <p class='ocr_par' dir='ltr' id='par_1_7' title="bbox 66 635 1443 697">
     <span class='ocr_line' id='line_1_29' title="bbox 66 635 1443 697; baseline 0.001 -17"><span class='ocrx_word' id='word_1_65' title='bbox 66 638 148 680; x_wconf 90' lang='lat' dir='ltr'>Dat</span> <span class='ocrx_word' id='word_1_66' title='bbox 161 635 268 679; x_wconf 88' lang='lat' dir='ltr'>mihi</span> <span class='ocrx_word' id='word_1_67' title='bbox 280 635 616 694; x_wconf 85' lang='lat' dir='ltr'>pulchritudinis</span> <span class='ocrx_word' id='word_1_68' title='bbox 627 637 715 695; x_wconf 84' lang='lat' dir='ltr'>ejus</span> <span class='ocrx_word' id='word_1_69' title='bbox 732 637 1027 681; x_wconf 85' lang='lat' dir='ltr'>testimonium</span> <span class='ocrx_word' id='word_1_70' title='bbox 1041 639 1257 697; x_wconf 84' lang='lat' dir='ltr'>Propheta</span> <span class='ocrx_word' id='word_1_71' title='bbox 1271 637 1416 683; x_wconf 91' lang='lat' dir='ltr'>dicens</span> <span class='ocrx_word' id='word_1_72' title='bbox 1434 657 1443 682; x_wconf 90' lang='lat'><strong>:</strong></span> 
     </span>
    </p>

    <p class='ocr_par' dir='ltr' id='par_1_8' title="bbox 0 705 1469 2592">
     <span class='ocr_line' id='line_1_30' title="bbox 71 705 1449 765; baseline 0.004 -18"><span class='ocrx_word' id='word_1_73' title='bbox 71 724 91 748; x_wconf 85' lang='lat'>«</span> <span class='ocrx_word' id='word_1_74' title='bbox 126 705 351 765; x_wconf 89' lang='lat' dir='ltr'>Speciosus</span> <span class='ocrx_word' id='word_1_75' title='bbox 380 707 521 751; x_wconf 88' lang='lat' dir='ltr'>forma</span> <span class='ocrx_word' id='word_1_76' title='bbox 542 721 632 765; x_wconf 83' lang='lat' dir='ltr'>prae</span> <span class='ocrx_word' id='word_1_77' title='bbox 653 706 750 750; x_wconf 85' lang='lat' dir='ltr'>filiis</span> <span class='ocrx_word' id='word_1_78' title='bbox 780 707 1008 751; x_wconf 87' lang='lat' dir='ltr'>hominum</span> <span class='ocrx_word' id='word_1_79' title='bbox 1020 712 1052 751; x_wconf 72' lang='lat'>².</span> <span class='ocrx_word' id='word_1_80' title='bbox 1082 726 1101 748; x_wconf 90' lang='lat'>»</span> <span class='ocrx_word' id='word_1_81' title='bbox 1129 711 1210 752; x_wconf 88' lang='lat' dir='ltr'>Dat</span> <span class='ocrx_word' id='word_1_82' title='bbox 1232 709 1338 752; x_wconf 90' lang='lat' dir='ltr'>mihi</span> <span class='ocrx_word' id='word_1_83' title='bbox 1372 708 1449 752; x_wconf 88' lang='lat' dir='ltr'>de-</span> 
     </span>
     <span class='ocr_line' id='line_1_31' title="bbox 66 775 1449 836; baseline 0.001 -16"><span class='ocrx_word' id='word_1_84' title='bbox 66 775 297 821; x_wconf 87' lang='lat' dir='ltr'>formitatis</span> <span class='ocrx_word' id='word_1_85' title='bbox 319 777 409 836; x_wconf 86' lang='lat' dir='ltr'>ejus</span> <span class='ocrx_word' id='word_1_86' title='bbox 426 777 721 821; x_wconf 87' lang='lat' dir='ltr'>testimonium</span> <span class='ocrx_word' id='word_1_87' title='bbox 744 777 852 821; x_wconf 88' lang='lat' dir='ltr'>alius</span> <span class='ocrx_word' id='word_1_88' title='bbox 876 779 1094 836; x_wconf 85' lang='lat' dir='ltr'>Propheta</span> <span class='ocrx_word' id='word_1_89' title='bbox 1118 777 1266 823; x_wconf 89' lang='lat' dir='ltr'>dicens</span> <span class='ocrx_word' id='word_1_90' title='bbox 1287 795 1295 819; x_wconf 93' lang='lat'>:</span> <span class='ocrx_word' id='word_1_91' title='bbox 1327 798 1346 820; x_wconf 87' lang='lat'>«</span> <span class='ocrx_word' id='word_1_92' title='bbox 1371 779 1449 822; x_wconf 90' lang='lat' dir='ltr'>Vi-</span> 
     </span>
     <span class='ocr_line' id='line_1_32' title="bbox 69 845 1450 908; baseline 0.003 -19"><span class='ocrx_word' id='word_1_93' title='bbox 69 865 89 888; x_wconf 89' lang='lat'>»</span> <span class='ocrx_word' id='word_1_94' title='bbox 124 845 267 890; x_wconf 89' lang='lat' dir='ltr'>dimus</span> <span class='ocrx_word' id='word_1_95' title='bbox 288 862 411 901; x_wconf 89' lang='lat' dir='ltr'>eum,</span> <span class='ocrx_word' id='word_1_96' title='bbox 445 856 487 891; x_wconf 90' lang='lat' dir='ltr'>et</span> <span class='ocrx_word' id='word_1_97' title='bbox 508 862 597 891; x_wconf 93' lang='lat' dir='ltr'>non</span> <span class='ocrx_word' id='word_1_98' title='bbox 618 848 810 892; x_wconf 85' lang='lat' dir='ltr'>habebat</span> <span class='ocrx_word' id='word_1_99' title='bbox 830 848 1018 907; x_wconf 90' lang='lat' dir='ltr'>speciem</span> <span class='ocrx_word' id='word_1_100' title='bbox 1040 864 1182 908; x_wconf 87' lang='lat' dir='ltr'>neque</span> <span class='ocrx_word' id='word_1_101' title='bbox 1216 849 1416 894; x_wconf 85' lang='lat' dir='ltr'>decorem</span> <span class='ocrx_word' id='word_1_102' title='bbox 1439 869 1450 905; x_wconf 79' lang='lat'>3</span> 
     </span>
     <span class='ocr_line' id='line_1_33' title="bbox 71 916 1453 979; baseline 0.003 -20"><span class='ocrx_word' id='word_1_103' title='bbox 71 935 91 958; x_wconf 92' lang='lat'>»</span> <span class='ocrx_word' id='word_1_104' title='bbox 125 916 201 961; x_wconf 90' lang='lat' dir='ltr'>sed</span> <span class='ocrx_word' id='word_1_105' title='bbox 229 916 376 961; x_wconf 89' lang='lat' dir='ltr'>vultus</span> <span class='ocrx_word' id='word_1_106' title='bbox 410 918 502 977; x_wconf 74' lang='lat' dir='ltr'>ejus</span> <span class='ocrx_word' id='word_1_107' title='bbox 530 918 748 977; x_wconf 88' lang='lat' dir='ltr'>abjectus,</span> <span class='ocrx_word' id='word_1_108' title='bbox 785 917 992 963; x_wconf 87' lang='lat' dir='ltr'>deformis</span> <span class='ocrx_word' id='word_1_109' title='bbox 1025 920 1179 978; x_wconf 87' lang='lat' dir='ltr'>positio</span> <span class='ocrx_word' id='word_1_110' title='bbox 1207 921 1344 979; x_wconf 74' lang='lat' dir='ltr'>ejus3.</span> <span class='ocrx_word' id='word_1_111' title='bbox 1370 937 1389 960; x_wconf 91' lang='lat'>»</span> <span class='ocrx_word' id='word_1_112' title='bbox 1416 920 1453 963; x_wconf 91' lang='grc' dir='ltr'>Ο</span> 
     </span>
     <span class='ocr_line' id='line_1_34' title="bbox 71 987 1456 1048; baseline 0.001 -18"><span class='ocrx_word' id='word_1_113' title='bbox 71 987 310 1046; x_wconf 82' lang='lat' dir='ltr'>Propheta,</span> <span class='ocrx_word' id='word_1_114' title='bbox 347 987 424 1046; x_wconf 89' lang='lat' dir='ltr'>qui</span> <span class='ocrx_word' id='word_1_115' title='bbox 460 987 602 1031; x_wconf 78' lang='lat' dir='ltr'>dixisti</span> <span class='ocrx_word' id='word_1_116' title='bbox 625 1004 636 1030; x_wconf 90' lang='lat'><em>:</em></span> <span class='ocrx_word' id='word_1_117' title='bbox 665 1006 685 1028; x_wconf 90' lang='lat'>«</span> <span class='ocrx_word' id='word_1_118' title='bbox 713 988 939 1047; x_wconf 91' lang='lat' dir='ltr'>Speciosus</span> <span class='ocrx_word' id='word_1_119' title='bbox 977 987 1116 1033; x_wconf 90' lang='lat' dir='ltr'>forma</span> <span class='ocrx_word' id='word_1_120' title='bbox 1139 1004 1227 1048; x_wconf 77' lang='lat' dir='ltr'>prae</span> <span class='ocrx_word' id='word_1_121' title='bbox 1256 988 1353 1032; x_wconf 87' lang='lat' dir='ltr'>filiis</span> <span class='ocrx_word' id='word_1_122' title='bbox 1377 989 1456 1035; x_wconf 89' lang='lat' dir='ltr'>ho-</span> 
     </span>
     <span class='ocr_line' id='line_1_35' title="bbox 71 1056 1457 1117; baseline 0.003 -20"><span class='ocrx_word' id='word_1_123' title='bbox 71 1073 92 1097; x_wconf 89' lang='lat'>»</span> <span class='ocrx_word' id='word_1_124' title='bbox 127 1056 326 1111; x_wconf 80' lang='lat' dir='ltr'>minum,</span> <span class='ocrx_word' id='word_1_125' title='bbox 370 1057 685 1101; x_wconf 84' lang='lat' dir='ltr'>contradicitur</span> <span class='ocrx_word' id='word_1_126' title='bbox 720 1057 801 1101; x_wconf 87' lang='lat' dir='ltr'>tibi</span> <span class='ocrx_word' id='word_1_127' title='bbox 829 1077 838 1102; x_wconf 74' lang='grc' dir='ltr'>ς</span> <span class='ocrx_word' id='word_1_128' title='bbox 872 1057 980 1102; x_wconf 88' lang='lat' dir='ltr'>alius</span> <span class='ocrx_word' id='word_1_129' title='bbox 1011 1059 1229 1117; x_wconf 88' lang='lat' dir='ltr'>Propheta</span> <span class='ocrx_word' id='word_1_130' title='bbox 1260 1057 1457 1117; x_wconf 89' lang='lat' dir='ltr'>procedit</span> 
     </span>
     <span class='ocr_line' id='line_1_36' title="bbox 69 1126 1459 1190; baseline 0 -19"><span class='ocrx_word' id='word_1_131' title='bbox 69 1135 220 1171; x_wconf 89' lang='lat' dir='ltr'>contra</span> <span class='ocrx_word' id='word_1_132' title='bbox 254 1135 318 1181; x_wconf 91' lang='lat' dir='ltr'>te,</span> <span class='ocrx_word' id='word_1_133' title='bbox 346 1135 389 1170; x_wconf 82' lang='lat' dir='ltr'>et</span> <span class='ocrx_word' id='word_1_134' title='bbox 423 1126 558 1190; x_wconf 79' lang='lat' dir='ltr'>dicit,</span> <span class='ocrx_word' id='word_1_135' title='bbox 598 1127 827 1172; x_wconf 83' lang='lat' dir='ltr'>Mentiris:</span> <span class='ocrx_word' id='word_1_136' title='bbox 865 1129 1064 1172; x_wconf 90' lang='lat' dir='ltr'>Vidimus</span> <span class='ocrx_word' id='word_1_137' title='bbox 1093 1143 1209 1171; x_wconf 91' lang='lat' dir='ltr'>eum.</span> <span class='ocrx_word' id='word_1_138' title='bbox 1248 1127 1365 1180; x_wconf 87' lang='lat' dir='ltr'>Quid</span> <span class='ocrx_word' id='word_1_139' title='bbox 1395 1136 1459 1171; x_wconf 91' lang='lat' dir='ltr'>est</span> 
     </span>
     <span class='ocr_line' id='line_1_37' title="bbox 69 1195 1459 1256; baseline 0 -16"><span class='ocrx_word' id='word_1_140' title='bbox 69 1196 190 1256; x_wconf 90' lang='lat' dir='ltr'>quod</span> <span class='ocrx_word' id='word_1_141' title='bbox 211 1195 317 1241; x_wconf 89' lang='lat' dir='ltr'>dicis</span> <span class='ocrx_word' id='word_1_142' title='bbox 340 1215 348 1241; x_wconf 89' lang='lat'><strong>:</strong></span> <span class='ocrx_word' id='word_1_143' title='bbox 371 1215 391 1238; x_wconf 89' lang='lat'>«</span> <span class='ocrx_word' id='word_1_144' title='bbox 419 1197 644 1256; x_wconf 87' lang='lat' dir='ltr'>Speciosus</span> <span class='ocrx_word' id='word_1_145' title='bbox 667 1197 804 1241; x_wconf 82' lang='lat' dir='ltr'>forma</span> <span class='ocrx_word' id='word_1_146' title='bbox 823 1213 911 1256; x_wconf 83' lang='lat' dir='ltr'>prae</span> <span class='ocrx_word' id='word_1_147' title='bbox 935 1197 1031 1241; x_wconf 86' lang='lat' dir='ltr'>filiis</span> <span class='ocrx_word' id='word_1_148' title='bbox 1054 1198 1315 1242; x_wconf 78' lang='lat' dir='ltr'>hominurn?</span> <span class='ocrx_word' id='word_1_149' title='bbox 1337 1197 1459 1240; x_wconf 90' lang='lat' dir='ltr'>Vidi-</span> 
     </span>
     <span class='ocr_line' id='line_1_38' title="bbox 73 1268 1458 1328; baseline 0.001 -17"><span class='ocrx_word' id='word_1_150' title='bbox 73 1285 94 1308; x_wconf 90' lang='lat'>»</span> <span class='ocrx_word' id='word_1_151' title='bbox 120 1283 216 1311; x_wconf 89' lang='lat' dir='ltr'>mus</span> <span class='ocrx_word' id='word_1_152' title='bbox 234 1283 334 1311; x_wconf 88' lang='lat' dir='ltr'>eum</span> <span class='ocrx_word' id='word_1_153' title='bbox 352 1282 439 1311; x_wconf 90' lang='lat' dir='ltr'>non</span> <span class='ocrx_word' id='word_1_154' title='bbox 453 1268 690 1312; x_wconf 87' lang='lat' dir='ltr'>habentem</span> <span class='ocrx_word' id='word_1_155' title='bbox 705 1269 906 1327; x_wconf 86' lang='lat' dir='ltr'>speciem,</span> <span class='ocrx_word' id='word_1_156' title='bbox 925 1284 1067 1328; x_wconf 86' lang='lat' dir='ltr'>neque</span> <span class='ocrx_word' id='word_1_157' title='bbox 1085 1269 1302 1312; x_wconf 90' lang='lat' dir='ltr'>decorem.</span> <span class='ocrx_word' id='word_1_158' title='bbox 1317 1271 1458 1325; x_wconf 81' lang='lat' dir='ltr'>»Ergo</span> 
     </span>
     <span class='ocr_line' id='line_1_39' title="bbox 70 1336 1459 1397; baseline 0 -16"><span class='ocrx_word' id='word_1_159' title='bbox 70 1338 140 1381; x_wconf 87' lang='lat' dir='ltr'>isti</span> <span class='ocrx_word' id='word_1_160' title='bbox 163 1338 392 1396; x_wconf 89' lang='lat' dir='ltr'>Prophetae</span> <span class='ocrx_word' id='word_1_161' title='bbox 415 1336 504 1381; x_wconf 92' lang='lat' dir='ltr'>duo</span> <span class='ocrx_word' id='word_1_162' title='bbox 527 1338 573 1380; x_wconf 92' lang='lat' dir='ltr'>in</span> <span class='ocrx_word' id='word_1_163' title='bbox 588 1338 747 1395; x_wconf 86' lang='lat' dir='ltr'>angulo</span> <span class='ocrx_word' id='word_1_164' title='bbox 764 1339 879 1397; x_wconf 88' lang='lat' dir='ltr'>pacis</span> <span class='ocrx_word' id='word_1_165' title='bbox 906 1338 1185 1383; x_wconf 75' lang='lat' dir='ltr'>discordant?</span> <span class='ocrx_word' id='word_1_166' title='bbox 1204 1342 1265 1382; x_wconf 92' lang='lat' dir='ltr'>De</span> <span class='ocrx_word' id='word_1_167' title='bbox 1287 1338 1459 1383; x_wconf 85' lang='lat' dir='ltr'>Christo</span> 
     </span>
     <span class='ocr_line' id='line_1_40' title="bbox 73 1406 1459 1466; baseline -0.001 -14"><span class='ocrx_word' id='word_1_168' title='bbox 73 1407 202 1452; x_wconf 87' lang='lat' dir='ltr'>ambo</span> <span class='ocrx_word' id='word_1_169' title='bbox 237 1406 465 1462; x_wconf 88' lang='lat' dir='ltr'>dixerunt,</span> <span class='ocrx_word' id='word_1_170' title='bbox 503 1406 557 1450; x_wconf 92' lang='lat' dir='ltr'>de</span> <span class='ocrx_word' id='word_1_171' title='bbox 594 1406 737 1466; x_wconf 90' lang='lat' dir='ltr'>lapide</span> <span class='ocrx_word' id='word_1_172' title='bbox 766 1407 961 1465; x_wconf 82' lang='lat' dir='ltr'>angulari</span> <span class='ocrx_word' id='word_1_173' title='bbox 991 1408 1120 1452; x_wconf 87' lang='lat' dir='ltr'>ambo</span> <span class='ocrx_word' id='word_1_174' title='bbox 1159 1406 1377 1451; x_wconf 79' lang='lat' dir='ltr'>dixerunt.</span> <span class='ocrx_word' id='word_1_175' title='bbox 1407 1411 1459 1450; x_wconf 90' lang='lat' dir='ltr'>In</span> 
     </span>
     <span class='ocr_line' id='line_1_41' title="bbox 73 1476 1459 1538; baseline -0.001 -15"><span class='ocrx_word' id='word_1_176' title='bbox 73 1478 234 1538; x_wconf 82' lang='lat' dir='ltr'>angulo</span> <span class='ocrx_word' id='word_1_177' title='bbox 256 1476 525 1522; x_wconf 86' lang='lat' dir='ltr'>concordant</span> <span class='ocrx_word' id='word_1_178' title='bbox 545 1478 743 1536; x_wconf 84' lang='lat' dir='ltr'>parietes.</span> <span class='ocrx_word' id='word_1_179' title='bbox 771 1478 814 1522; x_wconf 91' lang='lat' dir='ltr'>Si</span> <span class='ocrx_word' id='word_1_180' title='bbox 835 1493 926 1522; x_wconf 91' lang='lat' dir='ltr'>non</span> <span class='ocrx_word' id='word_1_181' title='bbox 943 1477 1342 1532; x_wconf 87' lang='lat' dir='ltr'>concordaverunt,</span> <span class='ocrx_word' id='word_1_182' title='bbox 1369 1493 1459 1522; x_wconf 91' lang='lat' dir='ltr'>non</span> 
     </span>
     <span class='ocr_line' id='line_1_42' title="bbox 73 1548 1460 1607; baseline -0.002 -13"><span class='ocrx_word' id='word_1_183' title='bbox 73 1559 136 1594; x_wconf 86' lang='lat' dir='ltr'>est</span> <span class='ocrx_word' id='word_1_184' title='bbox 171 1549 403 1593; x_wconf 86' lang='lat' dir='ltr'>aedificium</span> <span class='ocrx_word' id='word_1_185' title='bbox 417 1583 427 1603; x_wconf 83' lang='lat'>,</span> <span class='ocrx_word' id='word_1_186' title='bbox 464 1548 539 1591; x_wconf 88' lang='lat' dir='ltr'>sed</span> <span class='ocrx_word' id='word_1_187' title='bbox 575 1549 714 1592; x_wconf 86' lang='lat' dir='ltr'>ruina.</span> <span class='ocrx_word' id='word_1_188' title='bbox 753 1548 1034 1593; x_wconf 87' lang='lat' dir='ltr'>Concordant</span> <span class='ocrx_word' id='word_1_189' title='bbox 1076 1549 1305 1607; x_wconf 80' lang='lat' dir='ltr'>Prophetae</span> <span class='ocrx_word' id='word_1_190' title='bbox 1320 1583 1330 1603; x_wconf 90' lang='lat'>,</span> <span class='ocrx_word' id='word_1_191' title='bbox 1370 1563 1460 1592; x_wconf 91' lang='lat' dir='ltr'>non</span> 
     </span>
     <span class='ocr_line' id='line_1_43' title="bbox 74 1617 1459 1676; baseline -0.001 -12"><span class='ocrx_word' id='word_1_192' title='bbox 74 1634 146 1664; x_wconf 91' lang='lat' dir='ltr'>eos</span> <span class='ocrx_word' id='word_1_193' title='bbox 168 1619 437 1663; x_wconf 84' lang='lat' dir='ltr'>dimittamus</span> <span class='ocrx_word' id='word_1_194' title='bbox 464 1617 509 1660; x_wconf 88' lang='lat' dir='ltr'>in</span> <span class='ocrx_word' id='word_1_195' title='bbox 531 1618 633 1660; x_wconf 87' lang='lat' dir='ltr'>rixa.</span> <span class='ocrx_word' id='word_1_196' title='bbox 661 1620 756 1661; x_wconf 90' lang='lat' dir='ltr'>Imo</span> <span class='ocrx_word' id='word_1_197' title='bbox 777 1633 855 1661; x_wconf 88' lang='lat' dir='ltr'>nos</span> <span class='ocrx_word' id='word_1_198' title='bbox 877 1633 1028 1661; x_wconf 89' lang='lat' dir='ltr'>eorum</span> <span class='ocrx_word' id='word_1_199' title='bbox 1047 1633 1198 1675; x_wconf 89' lang='lat' dir='ltr'>pacem</span> <span class='ocrx_word' id='word_1_200' title='bbox 1220 1633 1459 1676; x_wconf 82' lang='lat' dir='ltr'>cognosca-</span> 
     </span>
     <span class='ocr_line' id='line_1_44' title="bbox 73 1687 1460 1746; baseline -0.005 -10"><span class='ocrx_word' id='word_1_201' title='bbox 73 1705 171 1736; x_wconf 88' lang='lat' dir='ltr'>mus</span> <span class='ocrx_word' id='word_1_202' title='bbox 197 1704 329 1734; x_wconf 85' lang='lat' dir='ltr'>:nam</span> <span class='ocrx_word' id='word_1_203' title='bbox 364 1687 428 1732; x_wconf 91' lang='lat' dir='ltr'>illi</span> <span class='ocrx_word' id='word_1_204' title='bbox 448 1687 617 1746; x_wconf 77' lang='lat' dir='ltr'>litigare</span> <span class='ocrx_word' id='word_1_205' title='bbox 639 1702 729 1731; x_wconf 91' lang='lat' dir='ltr'>non</span> <span class='ocrx_word' id='word_1_206' title='bbox 757 1695 934 1731; x_wconf 88' lang='lat' dir='ltr'>norunt.</span> <span class='ocrx_word' id='word_1_207' title='bbox 956 1688 993 1730; x_wconf 92' lang='lat' dir='ltr'>O</span> <span class='ocrx_word' id='word_1_208' title='bbox 1016 1688 1254 1745; x_wconf 85' lang='lat' dir='ltr'>Propheta,</span> <span class='ocrx_word' id='word_1_209' title='bbox 1289 1687 1366 1745; x_wconf 90' lang='lat' dir='ltr'>qui</span> <span class='ocrx_word' id='word_1_210' title='bbox 1392 1687 1460 1730; x_wconf 88' lang='lat' dir='ltr'>di-</span> 
     </span>
     <span class='ocr_line' id='line_1_45' title="bbox 73 1756 1459 1819; baseline -0.005 -14"><span class='ocrx_word' id='word_1_211' title='bbox 73 1761 197 1805; x_wconf 82' lang='lat' dir='ltr'>xisti:</span> <span class='ocrx_word' id='word_1_212' title='bbox 220 1779 240 1802; x_wconf 88' lang='lat'>«</span> <span class='ocrx_word' id='word_1_213' title='bbox 257 1759 482 1819; x_wconf 90' lang='lat' dir='ltr'>Speciosus</span> <span class='ocrx_word' id='word_1_214' title='bbox 505 1757 644 1803; x_wconf 85' lang='lat' dir='ltr'>forma</span> <span class='ocrx_word' id='word_1_215' title='bbox 665 1773 755 1816; x_wconf 87' lang='lat' dir='ltr'>prae</span> <span class='ocrx_word' id='word_1_216' title='bbox 778 1757 874 1801; x_wconf 89' lang='lat' dir='ltr'>filiis</span> <span class='ocrx_word' id='word_1_217' title='bbox 893 1757 1138 1811; x_wconf 92' lang='lat' dir='ltr'>hominum,</span> <span class='ocrx_word' id='word_1_218' title='bbox 1162 1756 1272 1799; x_wconf 89' lang='lat' dir='ltr'>»ubi</span> <span class='ocrx_word' id='word_1_219' title='bbox 1290 1756 1459 1800; x_wconf 81' lang='lat' dir='ltr'>vidisti?</span> 
     </span>
     <span class='ocr_line' id='line_1_46' title="bbox 75 1825 1458 1890; baseline -0.004 -14"><span class='ocrx_word' id='word_1_220' title='bbox 75 1831 324 1890; x_wconf 86' lang='lat' dir='ltr'>Responde,</span> <span class='ocrx_word' id='word_1_221' title='bbox 346 1827 574 1889; x_wconf 83' lang='lat' dir='ltr'>responde,</span> <span class='ocrx_word' id='word_1_222' title='bbox 594 1827 670 1872; x_wconf 89' lang='lat' dir='ltr'>ubi</span> <span class='ocrx_word' id='word_1_223' title='bbox 684 1827 889 1872; x_wconf 80' lang='lat' dir='ltr'>vidisti?«</span> <span class='ocrx_word' id='word_1_224' title='bbox 903 1829 1015 1872; x_wconf 90' lang='lat' dir='ltr'>Cum</span> <span class='ocrx_word' id='word_1_225' title='bbox 1031 1827 1079 1870; x_wconf 87' lang='lat' dir='ltr'>in</span> <span class='ocrx_word' id='word_1_226' title='bbox 1099 1825 1240 1870; x_wconf 86' lang='lat' dir='ltr'>forma</span> <span class='ocrx_word' id='word_1_227' title='bbox 1254 1827 1331 1871; x_wconf 90' lang='lat' dir='ltr'>Dei</span> <span class='ocrx_word' id='word_1_228' title='bbox 1348 1836 1458 1871; x_wconf 87' lang='lat' dir='ltr'>esset</span> 
     </span>
     <span class='ocr_line' id='line_1_47' title="bbox 77 1895 1458 1960; baseline -0.001 -18"><span class='ocrx_word' id='word_1_229' title='bbox 77 1919 100 1943; x_wconf 91' lang='lat'>»</span> <span class='ocrx_word' id='word_1_230' title='bbox 134 1916 224 1946; x_wconf 90' lang='lat' dir='ltr'>non</span> <span class='ocrx_word' id='word_1_231' title='bbox 257 1899 453 1960; x_wconf 90' lang='lat' dir='ltr'>rapinam</span> <span class='ocrx_word' id='word_1_232' title='bbox 494 1898 726 1942; x_wconf 86' lang='lat' dir='ltr'>arbitratus</span> <span class='ocrx_word' id='word_1_233' title='bbox 761 1906 825 1942; x_wconf 91' lang='lat' dir='ltr'>est</span> <span class='ocrx_word' id='word_1_234' title='bbox 854 1912 943 1941; x_wconf 88' lang='lat' dir='ltr'>esse</span> <span class='ocrx_word' id='word_1_235' title='bbox 979 1895 1157 1956; x_wconf 76' lang='lat' dir='ltr'>aequalis</span> <span class='ocrx_word' id='word_1_236' title='bbox 1181 1898 1317 1940; x_wconf 71' lang='lat' dir='ltr'>Deo4.</span> <span class='ocrx_word' id='word_1_237' title='bbox 1346 1914 1366 1937; x_wconf 93' lang='lat'>»</span> <span class='ocrx_word' id='word_1_238' title='bbox 1390 1896 1458 1940; x_wconf 86' lang='lat' dir='ltr'>Ibi</span> 
     </span>
     <span class='ocr_line' id='line_1_48' title="bbox 76 1965 1457 2028; baseline -0.004 -13"><span class='ocrx_word' id='word_1_239' title='bbox 76 1970 180 2015; x_wconf 87' lang='lat' dir='ltr'>vidi.</span> <span class='ocrx_word' id='word_1_240' title='bbox 207 1974 276 2016; x_wconf 90' lang='lat' dir='ltr'>An</span> <span class='ocrx_word' id='word_1_241' title='bbox 301 1979 351 2014; x_wconf 91' lang='lat' dir='ltr'>tu</span> <span class='ocrx_word' id='word_1_242' title='bbox 372 1969 546 2013; x_wconf 89' lang='lat' dir='ltr'>dubitas</span> <span class='ocrx_word' id='word_1_243' title='bbox 577 1983 677 2012; x_wconf 89' lang='lat' dir='ltr'>eum</span> <span class='ocrx_word' id='word_1_244' title='bbox 698 1968 775 2028; x_wconf 90' lang='lat' dir='ltr'>qui</span> <span class='ocrx_word' id='word_1_245' title='bbox 798 1965 975 2026; x_wconf 84' lang='lat' dir='ltr'>aequalis</span> <span class='ocrx_word' id='word_1_246' title='bbox 1009 1974 1073 2009; x_wconf 92' lang='lat' dir='ltr'>est</span> <span class='ocrx_word' id='word_1_247' title='bbox 1093 1968 1183 2009; x_wconf 89' lang='lat' dir='ltr'>Deo</span> <span class='ocrx_word' id='word_1_248' title='bbox 1215 1965 1457 2024; x_wconf 90' lang='lat' dir='ltr'>speciosum</span> 
     </span>
     <span class='ocr_line' id='line_1_49' title="bbox 77 2035 1459 2101; baseline -0.004 -15"><span class='ocrx_word' id='word_1_249' title='bbox 77 2057 166 2086; x_wconf 90' lang='lat' dir='ltr'>esse</span> <span class='ocrx_word' id='word_1_250' title='bbox 186 2056 278 2101; x_wconf 84' lang='lat' dir='ltr'>prae</span> <span class='ocrx_word' id='word_1_251' title='bbox 315 2040 412 2084; x_wconf 88' lang='lat' dir='ltr'>filiis</span> <span class='ocrx_word' id='word_1_252' title='bbox 444 2039 706 2084; x_wconf 81' lang='lat' dir='ltr'>hominum?</span> <span class='ocrx_word' id='word_1_253' title='bbox 741 2037 1018 2097; x_wconf 85' lang='lat' dir='ltr'>Respondisti</span> <span class='ocrx_word' id='word_1_254' title='bbox 1050 2056 1058 2080; x_wconf 90' lang='lat'>:</span> <span class='ocrx_word' id='word_1_255' title='bbox 1098 2035 1355 2095; x_wconf 90' lang='lat' dir='ltr'>respondeat</span> <span class='ocrx_word' id='word_1_256' title='bbox 1387 2035 1459 2080; x_wconf 89' lang='lat' dir='ltr'>ille</span> 
     </span>
     <span class='ocr_line' id='line_1_50' title="bbox 78 2107 1458 2174; baseline -0.004 -17"><span class='ocrx_word' id='word_1_257' title='bbox 78 2113 154 2174; x_wconf 90' lang='lat' dir='ltr'>qui</span> <span class='ocrx_word' id='word_1_258' title='bbox 170 2111 278 2155; x_wconf 84' lang='lat' dir='ltr'>dixit</span> <span class='ocrx_word' id='word_1_259' title='bbox 295 2129 304 2155; x_wconf 89' lang='lat'>:</span> <span class='ocrx_word' id='word_1_260' title='bbox 324 2109 558 2155; x_wconf 88' lang='lat' dir='ltr'>«Vidimus</span> <span class='ocrx_word' id='word_1_261' title='bbox 571 2125 688 2165; x_wconf 90' lang='lat' dir='ltr'>eum,</span> <span class='ocrx_word' id='word_1_262' title='bbox 705 2118 748 2153; x_wconf 89' lang='lat' dir='ltr'>et</span> <span class='ocrx_word' id='word_1_263' title='bbox 769 2124 860 2154; x_wconf 89' lang='lat' dir='ltr'>non</span> <span class='ocrx_word' id='word_1_264' title='bbox 877 2108 1067 2152; x_wconf 90' lang='lat' dir='ltr'>habebat</span> <span class='ocrx_word' id='word_1_265' title='bbox 1086 2107 1290 2166; x_wconf 86' lang='lat' dir='ltr'>speciem,</span> <span class='ocrx_word' id='word_1_266' title='bbox 1314 2121 1458 2167; x_wconf 89' lang='lat' dir='ltr'>neque</span> 
     </span>
     <span class='ocr_line' id='line_1_51' title="bbox 81 2176 1460 2236; baseline -0.003 -11"><span class='ocrx_word' id='word_1_267' title='bbox 81 2200 104 2225; x_wconf 88' lang='lat'>»</span> <span class='ocrx_word' id='word_1_268' title='bbox 131 2182 347 2227; x_wconf 87' lang='lat' dir='ltr'>decorem.</span> <span class='ocrx_word' id='word_1_269' title='bbox 371 2198 391 2221; x_wconf 94' lang='lat'>»</span> <span class='ocrx_word' id='word_1_270' title='bbox 408 2179 577 2235; x_wconf 85' lang='lat' dir='ltr'>Dixisti,</span> <span class='ocrx_word' id='word_1_271' title='bbox 594 2179 664 2224; x_wconf 89' lang='lat' dir='ltr'>dic</span> <span class='ocrx_word' id='word_1_272' title='bbox 676 2179 755 2223; x_wconf 90' lang='lat' dir='ltr'>ubi</span> <span class='ocrx_word' id='word_1_273' title='bbox 776 2177 934 2223; x_wconf 86' lang='lat' dir='ltr'>vidisti.</span> <span class='ocrx_word' id='word_1_274' title='bbox 958 2181 995 2222; x_wconf 87' lang='lat' dir='ltr'><strong>A</strong></span> <span class='ocrx_word' id='word_1_275' title='bbox 1017 2176 1157 2222; x_wconf 90' lang='lat' dir='ltr'>verbis</span> <span class='ocrx_word' id='word_1_276' title='bbox 1180 2177 1310 2236; x_wconf 85' lang='lat' dir='ltr'>ipsius</span> <span class='ocrx_word' id='word_1_277' title='bbox 1327 2177 1460 2221; x_wconf 89' lang='lat' dir='ltr'>sumit</span> 
     </span>
     <span class='ocr_line' id='line_1_52' title="bbox 81 2245 1465 2307; baseline -0.004 -10"><span class='ocrx_word' id='word_1_278' title='bbox 81 2251 307 2298; x_wconf 82' lang='lat' dir='ltr'>exordium</span> <span class='ocrx_word' id='word_1_279' title='bbox 329 2269 338 2295; x_wconf 90' lang='lat'>:</span> <span class='ocrx_word' id='word_1_280' title='bbox 364 2249 443 2293; x_wconf 85' lang='lat' dir='ltr'>uhi</span> <span class='ocrx_word' id='word_1_281' title='bbox 458 2246 532 2293; x_wconf 91' lang='lat' dir='ltr'>ille</span> <span class='ocrx_word' id='word_1_282' title='bbox 553 2249 694 2294; x_wconf 88' lang='lat' dir='ltr'>finivit</span> <span class='ocrx_word' id='word_1_283' title='bbox 710 2283 721 2304; x_wconf 94' lang='lat'>,</span> <span class='ocrx_word' id='word_1_284' title='bbox 742 2249 801 2292; x_wconf 92' lang='lat' dir='ltr'>ibi</span> <span class='ocrx_word' id='word_1_285' title='bbox 818 2248 896 2293; x_wconf 88' lang='lat' dir='ltr'>iste</span> <span class='ocrx_word' id='word_1_286' title='bbox 914 2248 1079 2307; x_wconf 87' lang='lat' dir='ltr'>incipit.</span> <span class='ocrx_word' id='word_1_287' title='bbox 1102 2246 1187 2291; x_wconf 90' lang='lat' dir='ltr'>Ubi</span> <span class='ocrx_word' id='word_1_288' title='bbox 1203 2245 1276 2289; x_wconf 90' lang='lat' dir='ltr'>ille</span> <span class='ocrx_word' id='word_1_289' title='bbox 1293 2246 1465 2291; x_wconf 80' lang='lat' dir='ltr'>finivit?</span> 
     </span>
     <span class='ocr_line' id='line_1_53' title="bbox 86 2316 1465 2377; baseline -0.004 -11"><span class='ocrx_word' id='word_1_290' title='bbox 86 2341 107 2366; x_wconf 92' lang='lat'>«</span> <span class='ocrx_word' id='word_1_291' title='bbox 140 2322 226 2376; x_wconf 87' lang='lat' dir='ltr'>Qui</span> <span class='ocrx_word' id='word_1_292' title='bbox 247 2336 349 2366; x_wconf 90' lang='lat' dir='ltr'>cum</span> <span class='ocrx_word' id='word_1_293' title='bbox 384 2320 430 2363; x_wconf 92' lang='lat' dir='ltr'>in</span> <span class='ocrx_word' id='word_1_294' title='bbox 452 2319 591 2363; x_wconf 86' lang='lat' dir='ltr'>forma</span> <span class='ocrx_word' id='word_1_295' title='bbox 615 2319 693 2363; x_wconf 91' lang='lat' dir='ltr'>Dei</span> <span class='ocrx_word' id='word_1_296' title='bbox 724 2327 856 2374; x_wconf 88' lang='lat' dir='ltr'>esset,</span> <span class='ocrx_word' id='word_1_297' title='bbox 895 2333 984 2362; x_wconf 91' lang='lat' dir='ltr'>non</span> <span class='ocrx_word' id='word_1_298' title='bbox 1009 2316 1204 2377; x_wconf 87' lang='lat' dir='ltr'>rapinam</span> <span class='ocrx_word' id='word_1_299' title='bbox 1233 2316 1465 2361; x_wconf 87' lang='lat' dir='ltr'>arbitratus</span> 
     </span>
     <span class='ocr_line' id='line_1_54' title="bbox 17 2386 1465 2464; baseline -0.002 -29"><span class='ocrx_word' id='word_1_300' title='bbox 17 2430 24 2464; x_wconf 47' lang='lat' dir='ltr'>t</span> <span class='ocrx_word' id='word_1_301' title='bbox 86 2411 107 2435; x_wconf 94' lang='lat'>»</span> <span class='ocrx_word' id='word_1_302' title='bbox 142 2402 205 2437; x_wconf 89' lang='lat' dir='ltr'>est</span> <span class='ocrx_word' id='word_1_303' title='bbox 226 2407 316 2436; x_wconf 91' lang='lat' dir='ltr'>esse</span> <span class='ocrx_word' id='word_1_304' title='bbox 338 2390 514 2450; x_wconf 85' lang='lat' dir='ltr'>aequalis</span> <span class='ocrx_word' id='word_1_305' title='bbox 536 2393 641 2434; x_wconf 86' lang='lat' dir='ltr'>Deo.</span> <span class='ocrx_word' id='word_1_306' title='bbox 666 2408 686 2430; x_wconf 91' lang='lat'>»</span> <span class='ocrx_word' id='word_1_307' title='bbox 706 2392 819 2434; x_wconf 85' lang='lat' dir='ltr'>Ecce</span> <span class='ocrx_word' id='word_1_308' title='bbox 836 2389 913 2433; x_wconf 90' lang='lat' dir='ltr'>ubi</span> <span class='ocrx_word' id='word_1_309' title='bbox 933 2389 1043 2433; x_wconf 85' lang='lat' dir='ltr'>vidit</span> <span class='ocrx_word' id='word_1_310' title='bbox 1064 2387 1303 2447; x_wconf 85' lang='lat' dir='ltr'>speciosum</span> <span class='ocrx_word' id='word_1_311' title='bbox 1325 2386 1465 2432; x_wconf 86' lang='lat' dir='ltr'>forma</span> 
     </span>
     <span class='ocr_line' id='line_1_55' title="bbox 0 2438 1466 2535; baseline -0.003 -28"><span class='ocrx_word' id='word_1_312' title='bbox 0 2438 24 2535; x_wconf 40' lang='grc' dir='ltr'>,Ιῗῃ</span> <span class='ocrx_word' id='word_1_313' title='bbox 83 2478 175 2523; x_wconf 84' lang='lat' dir='ltr'>prae</span> <span class='ocrx_word' id='word_1_314' title='bbox 193 2462 290 2506; x_wconf 89' lang='lat' dir='ltr'>filiis</span> <span class='ocrx_word' id='word_1_315' title='bbox 310 2460 564 2517; x_wconf 77' lang='lat' dir='ltr'>hominum3</span> <span class='ocrx_word' id='word_1_316' title='bbox 589 2460 658 2504; x_wconf 92' lang='lat' dir='ltr'>dic</span> <span class='ocrx_word' id='word_1_317' title='bbox 680 2469 750 2515; x_wconf 91' lang='lat' dir='ltr'>tu,</span> <span class='ocrx_word' id='word_1_318' title='bbox 774 2460 852 2503; x_wconf 89' lang='lat' dir='ltr'>ubi</span> <span class='ocrx_word' id='word_1_319' title='bbox 874 2459 1018 2503; x_wconf 87' lang='lat' dir='ltr'>vidisti</span> <span class='ocrx_word' id='word_1_320' title='bbox 1039 2458 1140 2518; x_wconf 89' lang='lat' dir='ltr'>quia</span> <span class='ocrx_word' id='word_1_321' title='bbox 1162 2473 1252 2502; x_wconf 92' lang='lat' dir='ltr'>non</span> <span class='ocrx_word' id='word_1_322' title='bbox 1274 2457 1466 2502; x_wconf 87' lang='lat' dir='ltr'>habebat</span> 
     </span>
     <span class='ocr_line' id='line_1_56' title="bbox 0 2527 1469 2592; baseline -0.003 -15"><span class='ocrx_word' id='word_1_323' title='bbox 0 2534 3 2538; x_wconf 84' lang='lat'>&#39;</span> <span class='ocrx_word' id='word_1_324' title='bbox 88 2532 275 2592; x_wconf 89' lang='lat' dir='ltr'>speciem</span> <span class='ocrx_word' id='word_1_325' title='bbox 292 2546 434 2591; x_wconf 88' lang='lat' dir='ltr'>neque</span> <span class='ocrx_word' id='word_1_326' title='bbox 451 2529 677 2574; x_wconf 83' lang='lat' dir='ltr'>decorem?</span> <span class='ocrx_word' id='word_1_327' title='bbox 695 2548 715 2571; x_wconf 90' lang='lat'>«</span> <span class='ocrx_word' id='word_1_328' title='bbox 736 2529 819 2574; x_wconf 90' lang='lat' dir='ltr'>Sed</span> <span class='ocrx_word' id='word_1_329' title='bbox 833 2529 1110 2588; x_wconf 87' lang='lat' dir='ltr'>semetipsum</span> <span class='ocrx_word' id='word_1_330' title='bbox 1123 2527 1358 2572; x_wconf 84' lang='lat' dir='ltr'>exinanivit</span> <span class='ocrx_word' id='word_1_331' title='bbox 1379 2527 1469 2573; x_wconf 85' lang='lat' dir='ltr'>for-</span> 
     </span>
    </p>
   </div>
   <div class='ocr_carea' id='block_1_4' title="bbox 137 2611 1465 2712">
    <p class='ocr_par' dir='ltr' id='par_1_9' title="bbox 137 2611 1465 2712">
     <span class='ocr_line' id='line_1_57' title="bbox 137 2611 1465 2657; baseline -0.002 -10"><span class='ocrx_word' id='word_1_332' title='bbox 137 2623 146 2640; x_wconf 89' lang='lat'>¹</span> <span class='ocrx_word' id='word_1_333' title='bbox 168 2616 388 2657; x_wconf 79' lang='lat' dir='ltr'>Matth.xx11‚</span> <span class='ocrx_word' id='word_1_334' title='bbox 415 2626 468 2647; x_wconf 89' lang='lat'>11.</span> <span class='ocrx_word' id='word_1_335' title='bbox 487 2631 527 2638; x_wconf 92' lang='lat'>—</span> <span class='ocrx_word' id='word_1_336' title='bbox 551 2621 563 2637; x_wconf 80' lang='lat'>²</span> <span class='ocrx_word' id='word_1_337' title='bbox 582 2613 660 2647; x_wconf 83' lang='lat' dir='ltr'>Psal.</span> <span class='ocrx_word' id='word_1_338' title='bbox 688 2624 771 2655; x_wconf 72' lang='lat' dir='ltr'>niv,</span> <span class='ocrx_word' id='word_1_339' title='bbox 788 2613 818 2646; x_wconf 84' lang='lat'>3.</span> <span class='ocrx_word' id='word_1_340' title='bbox 838 2612 999 2647; x_wconf 77' lang='lat' dir='ltr'>—31sa1.</span> <span class='ocrx_word' id='word_1_341' title='bbox 1022 2624 1085 2655; x_wconf 75' lang='lat' dir='ltr'>Lm,</span> <span class='ocrx_word' id='word_1_342' title='bbox 1101 2622 1132 2645; x_wconf 86' lang='lat'>2.</span> <span class='ocrx_word' id='word_1_343' title='bbox 1147 2629 1187 2636; x_wconf 93' lang='lat'><em>-</em></span> <span class='ocrx_word' id='word_1_344' title='bbox 1209 2611 1224 2642; x_wconf 72' lang='lat'>4</span> <span class='ocrx_word' id='word_1_345' title='bbox 1243 2611 1355 2654; x_wconf 82' lang='lat' dir='ltr'>Philip.</span> <span class='ocrx_word' id='word_1_346' title='bbox 1376 2623 1410 2654; x_wconf 88' lang='lat' dir='ltr'>u,</span> <span class='ocrx_word' id='word_1_347' title='bbox 1430 2612 1465 2645; x_wconf 85' lang='lat'>6.</span> 
     </span>
     <span class='ocr_line' id='line_1_58' title="bbox 302 2671 1307 2712; baseline -0.002 -1"><span class='ocrx_word' id='word_1_348' title='bbox 302 2681 437 2712; x_wconf 81' lang='lat' dir='ltr'>cxxv.</span> <span class='ocrx_word' id='word_1_349' title='bbox 1238 2671 1307 2710; x_wconf 85' lang='lat'>33.</span> 
     </span>
    </p>
   </div>
  </div>
 </body>
</html>
