1898 3178
398 218 536 246 sERMO
567 217 714 254 XLVII,
749 217 802 242 m:
834 217 982 245 ovlssns
1013 217 1059 245 nv
1091 216 1239 244 EzEcH.
1452 204 1507 243 47

124 298 201 328 nos
222 282 298 342 qui
320 282 422 326 fecit
439 295 518 325 nos
531 314 542 336 ,
569 279 681 324 dum
702 289 828 325 vacat
849 281 1023 337 audire,
1043 280 1150 325 dum
1170 279 1272 325 licet
1294 288 1337 324 et
1352 279 1513 339 legere.

183 354 260 397 VI.
290 370 310 394 «
335 354 391 395 Et
420 365 521 406 vos,
560 350 730 410 inquit,
769 364 869 395 oves
891 365 999 394 meae
1016 385 1028 407 ,
1052 351 1147 395 haec
1170 349 1276 395 dicit
1305 350 1516 396 Dominus

126 440 147 464 »
183 425 313 475 Deus,
340 422 452 465 Ecce
484 435 566 479 ego
582 420 734 480 judico
757 419 874 464 inter
904 435 1031 465 ovem
1053 430 1096 465 et
1125 435 1272 476 ovem,
1297 430 1340 465 et
1362 420 1516 465 arietes

128 509 149 533 »
183 500 226 535 et
247 490 430 534 hircos¹.
459 508 479 531 »
513 488 630 543 Quid
669 489 740 534 hic
761 488 930 534 faciunt
962 490 1071 534 hirci
1100 491 1146 535 in
1175 506 1304 550 grege
1332 491 1440 535 Dei?
1464 493 1519 535 In

128 558 287 604 eisdem
306 560 495 619 pascuiS‚
514 560 560 603 in
577 559 739 604 eisdem
754 558 967 616 fontibus,
988 569 1031 605 et
1046 561 1154 605 hirci
1168 571 1315 607 tamen
1330 562 1516 606 sinistrae

123 629 327 674 destinati
346 628 505 674 dextris
525 629 766 674 miscentur
783 664 794 686 ,
820 639 864 674 et
881 630 997 689 prius
1019 629 1262 675 tolerantur
1287 632 1363 692 qui
1386 646 1514 691 sepa-

124 700 360 754 rabuntur,
381 708 424 743 et
440 699 512 744 hic
535 709 759 744 exercetur
781 701 930 744 ovium
955 700 1166 759 patientia
1187 701 1242 745 ad
1265 700 1519 746 similitudi-

124 772 225 813 nem
246 768 464 829 patientiae
497 769 590 813 Dei.
619 770 840 829 Separatio
870 771 987 814 enim
1008 771 1074 826 ¹ab
1097 770 1173 816 illo
1193 771 1297 827 erit,
1329 772 1516 816 aliorum

125 838 181 882 ad.
203 838 443 894 sinistram,
467 838 654 884 aliorum
675 839 731 884 ad
754 840 994 885 dexteram.
1020 843 1146 887 Nunc
1169 850 1316 886 autem
1337 842 1427 902 ipse
1450 850 1520 886 ta-

127 916 218 964 cet,
237 917 287 952 tu
310 908 370 952 vis
385 908 523 968 loqui.
547 909 632 954 Sed
654 902 772 954 unde
791 909 890 955 dico
901 945 916 966 ,
941 920 991 955 tu
1013 911 1075 956 vis
1098 910 1253 972 loqui?
1284 910 1406 956 Unde
1429 911 1520 970 ipse

126 986 255 1022 tacet.
282 981 320 1022 A
346 978 537 1022 vindicta
555 979 733 1038 judicii,
766 995 857 1024 non
878 995 902 1024 a
924 981 1057 1025 verbo
1088 981 1389 1041 correptionis.
1423 984 1520 1040 Ipse

126 1047 326 1093 nondum
347 1058 538 1108 separat,
559 1058 610 1093 tu
630 1051 691 1095 vis
713 1066 926 1110 separare.
954 1054 1051 1111 Ipse
1083 1052 1215 1097 mixta
1239 1052 1418 1106 tolerat,
1443 1052 1520 1112 qui

126 1119 368 1180 seminavit.
397 1120 441 1164 Si
459 1129 560 1164 ante
575 1119 903 1165 ventilationem
925 1121 1195 1166 frumentum
1217 1123 1279 1166 vis
1295 1138 1384 1166 esse
1406 1138 1515 1181 pur-

127 1198 304 1248 gatum,
342 1198 420 1233 tuo
453 1199 586 1233 vento
616 1191 798 1249 pessime
831 1190 1124 1236 ventilaberis.
1162 1192 1353 1236 Licuerit
1384 1193 1517 1238 servis

127 1258 271 1304 dicere
297 1277 306 1304 ε
330 1278 350 1301 «
371 1258 446 1303 Vis
463 1258 575 1302 imus
590 1293 601 1314 ‚
627 1269 669 1304 et
693 1259 936 1318 colligimus
964 1263 1043 1306 ea?
1064 1280 1084 1303 »
1112 1263 1378 1307 Stomachati
1401 1264 1519 1308 enim

125 1338 228 1374 sunt
246 1327 438 1373 videndo
459 1328 643 1385 zizania,
670 1338 712 1374 et
735 1329 974 1375 doluerunt
994 1332 1130 1391 segeti
1153 1332 1283 1377 bonae
1306 1334 1518 1393 permixta

129 1400 289 1444 zizania
304 1420 317 1459 3
333 1408 377 1444 et
390 1397 594 1444 dixerunt
604 1435 616 1457 ,
645 1418 666 1442 «
685 1402 842 1446 Nonne
855 1401 1025 1445 bonum
1042 1417 1189 1446 semen
1201 1403 1477 1448 seminasti2?
1492 1421 1513 1446 >›

136 1488 156 1512 »
181 1470 307 1515 Unde
318 1483 419 1527 ergo
436 1479 734 1528 apparuerunt
751 1471 940 1515 zizania?
959 1490 978 1513 »
1004 1471 1084 1516 Ille
1097 1474 1309 1519 rationem
1323 1473 1518 1519 reddidit

128 1540 248 1584 unde
272 1548 595 1599 apparuerunt,
625 1555 715 1585 non
741 1549 889 1585 tamen
911 1542 1105 1601 permisit
1137 1552 1187 1588 ut
1212 1553 1312 1588 ante
1340 1553 1512 1604 tempus

110 1608 436 1655 ‘evellerentuin
480 1610 689 1662 Quamvis
723 1619 766 1654 et
801 1611 883 1669 ipsi
927 1612 1038 1655 servi
1075 1614 1331 1658 stomachati
1364 1613 1520 1658 adver-

132 1694 203 1724 sus
219 1680 379 1724 zizania
398 1700 409 1737 3
434 1679 660 1724 consilium
685 1688 832 1723 tamen
854 1689 896 1723 et
910 1690 1177 1740 praeceptum
1199 1698 1223 1726 a
1245 1682 1425 1727 domino
1446 1698 1521 1727 ex-

130 1750 394 1809 petiverunt.
419 1749 714 1808 Displicebant
736 1749 810 1793 illa
826 1750 939 1794 inter
967 1760 1157 1810 segetem
1179 1771 1188 1796 ε
1212 1752 1289 1797 sed
1311 1753 1522 1798 videbant

133 1820 266 1875 servi,
297 1820 399 1880 quia
423 1820 458 1863 si
485 1819 555 1863 vel
583 1820 630 1863 in
659 1819 760 1878 ipsis
786 1819 954 1864 zizaniis
986 1820 1220 1867 evellendis
1248 1822 1416 1883 aliquid
1444 1838 1522 1868 sua

134 1902 287 1949 sponte
311 1888 505 1934 facerent
519 1924 529 1944 ,
555 1889 636 1949 ipsi
657 1888 825 1934 zizaniis
855 1900 1259 1936 annumerarentur.
1281 1896 1320 1937 A
1340 1892 1520 1938 domino

135 1969 473 2021 expectaverunt
499 1969 796 2020 praecept-um,
829 1961 1064 2020 jussionem
1099 1962 1208 2020 regis
1241 1963 1308 2007 sui
1336 1965 1522 2024 quaesie-

135 2040 240 2075 runt
263 2049 273 2076 z
302 2049 323 2072 «
346 2030 444 2086 Vis,
469 2030 606 2087 imus,
632 2040 676 2074 et
708 2029 954 2089 colligimus
976 2033 1055 2075 ea?
1080 2050 1100 2073 »
1122 2035 1178 2077 Et
1208 2032 1301 2089 ille,
1328 2036 1440 2080 Non.
1466 2036 1524 2079 Et

135 2100 325 2146 reddidit
353 2099 456 2145 inde
493 2115 667 2145 causam
698 2119 707 2146 ε
740 2119 761 2143 «
785 2103 849 2147 Ne
876 2101 1013 2157 forte,
1039 2117 1141 2146 cum
1161 2102 1292 2148 vultis
1319 2103 1522 2164 colligere

139 2188 162 2213 »
195 2171 372 2227 zizania,
392 2170 616 2215 eradicetis
633 2170 762 2215 simul
776 2180 820 2215 et
838 2171 1048 2217 triticum.
1068 2190 1089 2214 »
1111 2172 1286 2218 Sedavit
1305 2174 1360 2218 ab
1377 2174 1525 2233 indig-

139 2242 340 2297 natione,
376 2256 456 2286 nec
484 2241 662 2302 reliquit
688 2241 735 2285 in
763 2240 937 2286 dolore!
973 2243 1113 2288 Grave
1145 2243 1262 2287 enim
1292 2244 1525 2290 videbatur

141 2313 271 2358 servis
298 2327 386 2357 esse
408 2312 567 2356 zizania
599 2313 714 2357 inter
741 2311 1039 2372 frumentum,
1063 2323 1106 2358 et
1133 2329 1233 2359 vere
1262 2330 1392 2375 grave
1414 2325 1523 2362 erat.

145 2383 230 2427 Sed
251 2382 333 2427 alia
369 2391 433 2427 est
464 2381 655 2427 conditio
678 2383 790 2441 agri,
817 2381 898 2428 alia
921 2384 1041 2443 quies
1073 2384 1231 2429 horrei.
1269 2385 1443 2442 Tolera,
1473 2384 1528 2430 ad

144 2451 228 2497 hoc
250 2452 366 2497 enim
388 2462 515 2498 natus
532 2467 575 2496 es
595 2471 605 2497 :
622 2452 778 2509 tolera,
801 2454 903 2513 quia
922 2453 1037 2499 forte
1060 2453 1265 2503 toleratus
1282 2471 1341 2503 es.
1362 2456 1405 2503 Si
1419 2471 1530 2501 sem·

189 2538 202 2558 ¹
217 2536 336 2570 Ezech.
361 2547 472 2579 xxxiv,
493 2547 545 2580 17.
571 2552 612 2560 —-
633 2542 647 2561 ²
667 2537 780 2572 Matth.
800 2548 872 2580 xm,
893 2537 948 2579 28,
969 2543 1031 2571 etc.
