1898 3178
370 238 509 267 snnMO
541 239 674 278 XLVI,
707 239 763 266 DE
794 236 1042 266 PASTORIBUS
1073 238 1118 265 m
1149 237 1295 265 EzEcH.
1466 225 1520 263 37

146 306 274 350 ridies
306 304 450 350 Africa
483 305 550 348 sit.
589 302 733 348 Africa
768 305 822 348 sit
854 303 1054 348 meridies
1084 322 1094 348 z
1125 303 1196 347 hic
1228 311 1331 347 sunt
1359 301 1525 346 sodales

145 376 262 421 mali.
289 375 481 420 Ecclesia
498 375 780 419 transmarina
798 375 843 418 in
867 375 1012 433 aliquo
1034 389 1210 420 suorum
1234 374 1463 431 navigante
1479 373 1526 416 in

146 447 359 500 Africam,
400 445 583 490 sollicita
606 461 660 490 ne
688 455 822 500 erret,
851 447 1025 490 invocat
1055 461 1261 505 sponsum
1288 460 1443 499 suum,
1484 452 1527 487 et

145 517 248 561 dicit
271 517 307 559 ei
334 535 342 560 ε
369 516 605 561 Abundare
633 515 763 560 audio
786 516 1012 560 haereticos
1034 516 1079 559 in
1101 515 1266 571 Africa,
1304 514 1527 559 abundare

127 586 276 632 -audio
298 587 632 646 rebaptizatores
666 587 711 630 in
734 586 902 644 Africa,
933 600 1021 631 esse
1052 595 1196 631 autem
1223 588 1285 631 ibi
1313 596 1410 631 tuos
1439 600 1529 629 non

146 657 289 701 minus
312 656 441 701 audio
471 676 479 701 :
500 666 544 701 et
563 656 675 700 illud
702 656 854 712 audio,
880 666 923 701 et
948 658 1031 701 hoc
1053 656 1185 701 audio
1214 677 1222 702 :
1247 656 1321 701 sed
1351 657 1428 717 qui
1447 656 1533 700 sint

150 728 213 771 tui
231 763 241 783 ,
267 744 289 772 a
305 737 346 771 te
361 727 462 772 volo
485 728 649 771 audire.
671 747 690 769 «
708 728 932 772 Annuntia
949 728 1058 772 mihi
1076 743 1209 788 quem
1226 727 1374 772 dilexit
1391 727 1534 772 anima

151 817 170 839 »
206 813 323 852 mea,
351 798 426 842 ubi
450 799 609 857 pascis,
634 799 712 843 uhi
733 799 868 843 cubas
889 800 935 843 in
957 798 1172 843 meridie?
1192 818 1211 840 »
1239 802 1291 842 ln
1307 799 1382 843 illo
1404 797 1536 841 meri-

147 867 233 922 die,
249 868 324 911 ubi
338 868 468 912 audio
486 869 592 913 duas
606 878 749 928 partes
767 884 873 924 esse,
894 884 1027 913 unam
1042 870 1214 924 Donati,
1236 869 1416 913 alteram
1438 866 1536 911 uni-

147 952 269 982 verso
293 947 368 981 tuo
403 939 717 997 cohaerentem,
751 948 797 982 tu
827 939 933 982 mihi
955 938 1024 983 dic
1060 954 1149 999 quo
1184 954 1300 994 eam,
1338 954 1393 983 ne
1421 939 1536 983 forte

147 1006 269 1051 velut
291 1017 438 1067 operta
453 1043 463 1063 ,
500 1008 545 1052 id
565 1018 628 1053 est
644 1044 654 1063 ,
691 1013 839 1068 ignota
862 1010 963 1052 fiam
992 1024 1122 1068 super
1143 1024 1292 1068 greges
1322 1008 1537 1054 sodalium

148 1087 324 1120 tuorum
342 1113 351 1131 ,
380 1079 598 1122 incurram
621 1079 666 1122 in
689 1094 836 1137 greges
856 1080 1161 1124 haereticorum
1182 1114 1192 1135 ,
1219 1088 1426 1124 conantes
1456 1094 1538 1137 po-

149 1162 250 1190 nere
271 1147 463 1204 lapidem
486 1163 618 1207 super
638 1149 829 1205 lapidem
852 1150 928 1205 qui
950 1149 1222 1201 destruatur,
1245 1163 1301 1191 ne
1320 1150 1483 1192 irruam
1494 1150 1540 1193 in

152 1216 510 1274 rebaptizatores,
552 1216 762 1259 annuntia
801 1216 921 1259 mihi.
954 1218 1011 1259 Et
1045 1216 1119 1259 ille
1152 1217 1229 1276 qui
1261 1219 1542 1263 commendat

151 1287 358 1330 unitatem
393 1285 598 1344 pastoris,
624 1286 700 1344 qui
728 1286 773 1328 in
794 1285 876 1329 hac
909 1284 1096 1329 lectione
1125 1285 1255 1341 dixit,
1279 1306 1298 1328 ιι
1323 1290 1418 1345 Ego
1439 1303 1541 1347 pas-

155 1374 174 1396 »
210 1371 326 1412 cam,
355 1373 374 1394 n
398 1364 589 1414 pastores
612 1364 755 1399 autem
779 1354 985 1414 reprobat
1003 1389 1013 1409 ,
1034 1354 1110 1414 qui
1124 1354 1253 1399 multi
1274 1371 1364 1399 esse
1385 1356 1540 1401 volue-

153 1435 282 1479 runt,
304 1426 516 1468 unitatem
547 1425 806 1481 amiserunt,
844 1425 1132 1480 severissime,
1158 1440 1249 1469 non
1271 1425 1432 1470 blande
1449 1442 1540 1471 res-

153 1494 370 1554 pondens,
388 1495 463 1537 sed
476 1509 554 1552 pro
572 1493 873 1551 magnitudine
894 1494 1099 1553 periculi:
1121 1514 1141 1537 ‹<
1159 1494 1248 1541 Nisi
1271 1499 1539 1554 cognoveris,

155 1584 175 1606 »
206 1564 364 1624 inquit,
382 1564 669 1622 temetipsam,
683 1579 708 1608 o
724 1563 905 1623 pulchra
918 1565 1032 1619 inter
1044 1564 1290 1610 mulieres.»
1299 1567 1486 1612 Pulchra
1499 1583 1543 1612 es

153 1634 265 1679 inter
286 1633 490 1677 mulieres
517 1653 525 1677 :
551 1634 626 1677 sed
648 1648 831 1692 agnosce
852 1643 911 1677 te.
940 1634 1021 1677 Ubi
1048 1643 1091 1677 te
1109 1638 1346 1692 agnosces?
1375 1640 1426 1680 In
1449 1646 1544 1682 toto

155 1706 261 1750 orbe
282 1714 510 1748 terrarum.
532 1705 574 1749 Si
588 1705 712 1747 'enim
734 1703 917 1763 pulchra
934 1739 945 1759 ,
967 1704 1111 1748 unitas
1134 1713 1198 1748 est
1218 1705 1264 1748 in
1281 1713 1324 1748 te
1347 1724 1355 1749 :
1376 1706 1452 1750 ubi
1477 1708 1545 1751 di-

155 1777 278 1831 visio,
294 1775 468 1819 foeditas
490 1784 569 1829 est,
591 1791 680 1819 non
695 1774 991 1834 pulchritudo.
1011 1775 1100 1820 Nisi
1115 1776 1368 1833 cognoveris
1386 1786 1545 1823 temet-

156 1847 307 1906 ipsam.
322 1849 374 1889 In
396 1861 465 1890 me
483 1844 718 1899 credidisti,
738 1860 919 1903 agnosce
935 1853 992 1888 te.
1014 1847 1066 1888 In
1086 1860 1156 1889 me
1171 1846 1394 1905 quomodo
1411 1848 1547 1892 credi-

157 1917 289 1961 disti?
307 1915 539 1970 Quomodo
559 1925 600 1962 et
616 1915 678 1959 illi
693 1916 798 1960 mali
821 1915 1011 1970 sodales,
1041 1917 1320 1963 consentiunt
1349 1919 1545 1963 Verbum

158 2003 328 2032 carnem
360 1987 541 2041 factum,
572 1997 725 2031 natum
754 2003 805 2031 ex
830 1987 1024 2045 Virgine,
1053 1988 1324 2044 crucifixum,
1350 2004 1544 2034 resurre-

159 2059 281 2113 xisse,
298 2057 536 2101 ascendisse
551 2057 597 2100 in
609 2057 743 2101 coelos
762 2077 770 2100 :
793 2058 837 2100 in
852 2056 984 2101 talem
1009 2073 1078 2101 me
1096 2057 1334 2113 credidisti,
1354 2059 1483 2104 talem
1506 2070 1550 2105 et

161 2128 222 2172 illi
234 2130 631 2185 sonant.C0gnosce
640 2137 682 2171 te
695 2136 737 2172 et
749 2142 818 2171 me
830 2147 841 2184 3
856 2142 924 2171 me
935 2128 980 2171 in
993 2128 1121 2183 coelo,
1133 2138 1176 2173 te
1185 2129 1231 2173 in
1247 2138 1336 2175 toto
1348 2131 1454 2174 orbe
1466 2139 1551 2175 ter-

164 2213 324 2242 rarum.
346 2200 492 2241 Unum
514 2195 755 2257 quemlibet
784 2213 834 2241 ex
861 2197 1053 2242 Ecclesia
1081 2207 1293 2258 tanquam
1313 2200 1552 2245 Ecclesiam

163 2269 358 2314 Christus
382 2267 635 2328 alloquitur.
668 2270 778 2313 Nam
810 2268 1033 2328 quomodo
1063 2269 1254 2314 Ecclesia
1281 2272 1440 2330 quaerit
1467 2274 1554 2316 Ec-

164 2338 369 2382 clesiam?
390 2337 642 2381 Secundum
665 2338 778 2396 ipsos
800 2337 974 2398 loquor.
1005 2358 1025 2381 «
1049 2340 1272 2384 Annuntia
1294 2341 1401 2385 mihi
1419 2357 1553 2401 quem

167 2426 188 2450 »
215 2406 365 2453 dilexit
377 2408 517 2451 anima
532 2422 644 2463 mea,
659 2407 736 2452 ubi
751 2408 902 2468 pascis,
922 2409 1000 2453 ubi
1017 2410 1150 2454 cubas
1163 2411 1181 2453 Ρ
1192 2428 1210 2451 »
1235 2410 1348 2464 Quid
1365 2413 1556 2470 quaerit?

168 2476 419 2521 Ecclesiam.
438 2479 494 2521 Et
508 2476 581 2521 ille
600 2486 809 2537 tanquam
825 2479 1058 2524 ostendens
1072 2479 1310 2525 Ecclesiam
1328 2480 1448 2537 dicit,
1469 2484 1553 2525 «Ἰη

171 2566 190 2588 »
216 2545 394 2591 meridie
413 2566 421 2592 ε
443 2565 463 2589 »
480 2548 590 2592 sicut
607 2546 668 2591 illi
682 2546 851 2593 volunt.
867 2548 1175 2608 Respondeant
1190 2550 1314 2608 mihi,
1330 2550 1553 2611 quomodo
