1898 3178
381 263 520 292 SERMo
551 266 651 302 cm,
685 266 739 291 DE
771 266 917 294 VERBIS
950 266 1043 293 Luc.
1079 267 1122 293 x.
1365 255 1447 294 565

16 362 23 384 ¹.
76 330 246 387 regrini.
275 329 359 375 Sed
382 339 526 374 tamen
548 331 732 390 suscepit
754 331 917 376 famula
937 332 1171 377 Dominum
1190 365 1201 386 ,
1225 346 1336 390 aegra
1356 333 1450 377 Sal-

16 415 18 418 ·
75 409 289 456 vatorem,
332 410 527 446 creatura
565 403 826 446 Creatorem.
870 404 1064 463 Suscepit
1110 413 1254 448 autem
1298 404 1451 462 spiritu

15 502 18 528 ῑ
74 471 307 530 pascenda,
351 473 396 515 in
432 486 561 515 carne
595 474 874 530 pascendum.
911 473 1059 518 Voluit
1095 475 1210 518 enim
1242 475 1451 519 Dominus

17 545 25 601 ζ
72 540 256 586 formam
281 542 390 586 servi
412 542 618 600 accipere,
638 550 680 585 et
698 553 871 602 accepta
893 542 1032 588 forma
1047 545 1156 588 servi
1177 545 1223 588 in
1239 544 1312 588 illa
1333 545 1450 603 pasci

20 614 25 652 ἑ
74 627 97 656 a
112 612 242 656 servis
258 646 269 666 ,
289 611 554 670 dignatione,
573 627 662 656 non
685 613 949 658 conditione.
971 617 1076 660 Nam
1101 624 1142 659 et
1163 616 1242 659 ista
1256 615 1449 675 dignatio

0 701 3 716 1
72 681 182 735 fuit,
207 697 251 725 se
282 681 478 741 praebere
514 683 794 741 pascendum.
828 684 1028 729 Habebat
1060 701 1256 741 carnem,
1289 686 1334 729 in
1365 701 1450 746 qua

74 749 253 796 esuriret
270 752 470 812 quidem,
489 761 532 796 et
545 752 703 810 sitiret,
720 754 795 796 sed
812 755 981 799 nescitis
1004 756 1106 814 quia
1124 755 1170 798 in
1187 770 1331 800 eremo
1352 771 1452 799 esu-

73 823 201 866 rienti
238 822 391 880 Angeli
425 823 725 867 ministrabant
741 825 785 867 1?
821 826 936 882 Ergo
969 825 1089 883 quod
1129 827 1243 884 pasci
1285 825 1448 880 voluit,

1 902 4 904 '
71 893 261 952 pascenti
295 894 509 952 praestitit.
541 894 659 947 Quid
690 903 834 938 autem
870 896 1049 949 mirum,
1081 897 1113 939 si
1148 906 1190 940 et
1220 895 1274 940 de
1302 906 1450 941 sancto

73 964 166 1008 Elia
189 965 387 1023 praestitit
400 965 560 1020 viduae,
581 980 711 1025 quem
730 965 848 1024 prius
868 981 997 1010 corvo
1019 967 1288 1011 ministrante
1304 982 1452 1026 pasce-

72 1034 147 1078 bat
161 1035 202 1076 2?
224 1034 448 1094 Numquid
481 1034 696 1094 pascendo
726 1034 966 1091 defecerat,
999 1036 1177 1096 quando
1199 1036 1254 1080 ad
1275 1036 1451 1081 viduam

0 1137 10 1152 ,
72 1104 302 1148 mittebat?
319 1107 648 1165 (Nequaquam.
663 1107 760 1151 Non
777 1106 993 1165 pascendo
1011 1105 1251 1162 defecerat,
1275 1107 1451 1167 quando

72 1174 126 1219 ad
142 1170 323 1219 ‘viduam
346 1175 546 1220 mittebat
565 1179 605 1232 z)
627 1175 702 1220 sed
726 1176 967 1235 religiosam
990 1177 1168 1221 viduam
1184 1212 1194 1231 ,
1214 1192 1290 1235 per
1320 1178 1451 1222 obse-

71 1246 222 1305 quium
256 1246 497 1290 exhibitum
522 1262 644 1291 servo
665 1262 766 1302 suo,
796 1247 1052 1292 benedicere
1073 1247 1344 1307 disponebat.
1381 1250 1450 1294 Sic

69 1332 172 1375 ergo
196 1326 418 1375 susceptus
445 1326 508 1361 est
540 1319 750 1362 Dominus
768 1353 779 1373 ‚
815 1327 1023 1379 tanquam
1055 1320 1231 1379 hospes,
1256 1321 1331 1379 qui
1356 1339 1377 1363 «
1399 1323 1451 1364 In

72 1406 91 1428 »
117 1403 192 1431 sua
210 1387 383 1446 propria
399 1387 534 1441 venit,
555 1396 598 1431 et
611 1390 677 1433 sui
699 1403 799 1432 eum
816 1404 903 1433 non
924 1399 1182 1448 receperunt
1198 1411 1208 1447 3
1228 1389 1303 1434 scd
1320 1400 1450 1450 quot—

71 1476 91 1499 »
117 1467 226 1518 quot
254 1466 510 1516 receperunt
546 1472 646 1501 eum
664 1492 675 1512 ,
711 1457 832 1502 dedit
861 1459 920 1502 eis
947 1468 1205 1517 potestatem
1238 1460 1347 1504 filios
1373 1461 1449 1505 Dei

70 1548 90 1572 »
116 1529 233 1573 ficri³
252 1564 262 1583 ‚
289 1546 310 1570 ³)
334 1529 545 1587 adoptans
573 1543 715 1573 servos
732 1563 742 1583 ,
767 1538 811 1572 et
832 1527 984 1573 fratres
1012 1530 1196 1585 faciens,
1234 1530 1449 1575 redimens

66 1600 257 1660 captivos
278 1635 288 1653 ‚
315 1608 358 1643 et
387 1599 549 1643 faciens
579 1598 840 1644 cohaeredes.
877 1601 941 1644 Ne
961 1600 1057 1659 quis
1089 1609 1235 1644 tamen
1256 1609 1448 1646 vestrum

6 1693 39 1720 2·
66 1671 246 1715 forsitan
267 1670 382 1714 dicat
404 1688 412 1714 ε
435 1671 472 1713 O
494 1670 610 1714 beat-i
627 1670 702 1729 qui
724 1670 944 1714 Christum
966 1669 1181 1729 suscipere
1197 1671 1243 1714 in
1265 1671 1446 1715 domum

4 1731 10 1777 *-
41 1744 43 1746 ’
65 1741 284 1800 propriam
302 1739 582 1783 meruerunt!
608 1738 706 1784 Noli
724 1738 871 1784 dolere
885 1773 895 1793 ,
919 1739 1008 1783 noli
1029 1754 1322 1795 murmurare,
1343 1742 1446 1800 quia

10 1858 21 1873 -.
66 1811 333 1870 temporibus
352 1819 479 1854 natus
502 1825 545 1854 es
560 1845 570 1865 ,
595 1808 773 1869 quando
784 1811 873 1869 jam
893 1810 1128 1855 Dominum
1148 1826 1237 1855 non
1258 1811 1377 1856 vides
1399 1813 1445 1856 in

36 1903 44 1919 ›
65 1897 194 1927 carne
219 1901 227 1926 :
254 1896 343 1925 non
365 1880 443 1925 tibi
465 1880 643 1925 abstulit
670 1881 795 1924 istam
817 1879 1128 1938 dignationem.
1158 1899 1179 1923 «
1205 1883 1317 1926 Cum
1338 1883 1440 1938 uni,

33 1955 45 1992 J.
67 1969 88 1992 n
113 1951 277 2010 inquit,
295 1965 344 1993 ex
362 1950 548 1994 minimis
570 1949 675 1993 meis
695 1948 876 2004 fecistis,
901 1949 1006 1993 mihi
1027 1949 1227 1994 fecistis&
1256 1968 1276 1991 »

124 2024 206 2065 ΙΙΙ.
233 2022 336 2064 Haec
357 2021 412 2063 de
434 2020 619 2064 Domino
651 2018 868 2078 pascendo
890 2020 935 2063 in
956 2034 1110 2074 carne,
1145 2019 1220 2063 sed
1239 2030 1443 2079 pascente

45 2091 109 2135 in
130 2092 283 2150 spiritu
301 2125 311 2145 ,
336 2105 475 2149 pauca
506 2105 586 2149 pro
612 2099 811 2149 tempore
838 2089 1070 2133 dixerimus
1102 2108 1111 2134 :
1143 2091 1365 2134 veniamus
1387 2093 1442 2136 ad

35 2178 258 2216 causam,
295 2177 429 2221 quam
461 2161 516 2206 de
545 2161 712 2207 unitate
744 2161 965 2221 proposui.
1003 2161 1173 2206 Martha
1206 2163 1442 2206 Dominum

28 2267 51 2287 „
63 2247 236 2292 pascere
267 2232 502 2292 disponens
530 2241 573 2276 et
595 2246 841 2291 praeparans
857 2266 868 2286 ,
895 2230 1006 2275 circa
1028 2233 1216 2275 multum
1248 2232 1441 2276 ministe-

35 2307 51 2363 j
63 2304 176 2347 rium
198 2302 519 2362 occupabatur:
535 2303 672 2347 Maria
688 2317 808 2348 soror
823 2303 914 2362 ejus
930 2301 1048 2361 pasci
1070 2317 1093 2346 a
1106 2301 1291 2346 Domino
1308 2303 1441 2360 magis

51 2374 202 2434 elegit.
223 2374 418 2419 Deseruit
433 2373 624 2434 quodam
637 2374 768 2419 modo
779 2388 968 2419 sororem
985 2388 1105 2417 suam
1121 2372 1232 2416 circa
1248 2372 1438 2417 multum

42 2445 348 2493 ministerium
381 2445 674 2491 laborantem:
699 2454 742 2489 et
763 2445 874 2489 sedit
901 2445 991 2503 ipsa
1013 2443 1067 2488 ad
1091 2443 1222 2503 pedes
1242 2443 1438 2499 Domini,

48 2581 51 2587 .
126 2546 135 2563 ¹
155 2541 338 2581 Matth.1v‚
360 2552 409 2573 11.
427 2557 467 2564 —
484 2548 496 2563 ²
517 2541 535 2572 3
554 2543 632 2582 Reg.
652 2551 724 2580 xix,
748 2540 781 2572 6.
804 2557 843 2563 ·-
868 2538 881 2563 3
905 2542 1044 2579 Joan.1,
1072 2548 1190 2579 ri‚1¹2.
1217 2556 1257 2562 --
1280 2540 1294 2566 4
1317 2538 1428 2571 Manli

37 2605 138 2637 rxxv,
159 2595 211 2637 40.
