1898 3178
459 248 540 286 468
894 253 927 283 s.
964 253 1194 284 Aueusnm
1226 257 1405 285 Emscom

457 323 566 368 tolos
598 323 824 382 loquentes
861 319 916 363 ad
951 320 1150 365 arborem
1189 319 1528 375 arefaciendam,
1576 329 1619 364 et
1658 321 1835 366 mitten-

454 403 518 439 tes
553 401 745 437 montem
782 391 828 434 in
848 404 979 433 mare.
1022 392 1283 450 Loquuntur
1309 391 1356 434 in
1387 390 1567 434 Actibus
1600 390 1832 448 Apostolo-

453 479 550 508 rum
585 462 640 506 ad
682 464 706 505 J
712 460 859 506 udaeos
895 459 1238 505 contradicentes
1282 469 1325 504 et
1357 461 1491 505 verbo
1530 460 1721 505 veritatis
1762 477 1832 505 re-

451 535 645 578 sistentes
660 567 670 587 ,
696 532 778 577 hoc
800 540 880 587 est,
905 530 1008 576 folia
1030 531 1256 585 habentes,
1273 539 1314 574 et
1338 529 1531 574 fructum
1553 545 1642 574 non
1663 531 1831 575 haben-

450 613 513 647 tes
525 637 535 656 ,
551 611 594 645 et
605 601 758 646 dicunt
776 600 860 645 illis
886 620 894 646 ε
917 620 936 643 «
962 601 1095 645 Vobis
1116 601 1306 659 primum
1323 600 1553 658 oportebat
1568 601 1832 645 annuntiare

450 691 473 715 »
506 671 690 717 verbum
712 672 804 726 Dei,
831 670 909 715 sed
931 671 1138 731 quoniam
1155 669 1369 729 repulistis
1392 668 1527 713 illud1
1550 689 1559 714 ι
1587 689 1606 712 n
1635 672 1830 730 Prophe-

445 754 589 789 tarum
609 743 743 787 verba
764 741 994 802 loquimini
1013 776 1024 796 ,
1050 750 1093 784 et
1119 755 1209 784 non
1231 739 1459 798 agnoscitis
1480 755 1611 799 quem
1634 756 1830 800 pronun-

444 815 607 859 tiarunt
625 813 869 871 Prophetae,
884 812 968 856 hoc
990 820 1068 865 est,
1087 809 1192 855 folia
1212 810 1425 854 habentes
1449 829 1458 854 :
1479 813 1628 855 «Ecce
1643 826 1827 856 conver-

441 902 463 926 »
500 883 630 927 timus
651 897 729 926 nos
751 881 806 926 ad
828 891 975 940 gentes
1003 900 1011 924 z
1038 882 1131 924 Hoc
1151 879 1268 923 enim
1296 879 1425 923 etiam
1453 894 1529 939 per
1560 881 1823 940 Prophetam

441 953 728 1013 praedicatum
751 962 845 997 est:
875 971 895 993 «
919 955 1033 996 Ecce
1061 951 1186 1009 posui
1216 959 1259 994 te
1287 951 1332 994 in
1360 950 1505 995 lucem
1537 952 1755 1009 gentium,
1778 961 1828 997 ut

441 1042 463 1065 »
499 1024 552 1067 sis
574 1023 686 1067 salus
707 1037 844 1082 usque
865 1023 912 1065 in
933 1023 1040 1065 fines
1068 1031 1194 1065 terrae
1210 1024 1244 1065 ².
1268 1039 1288 1061 »
1314 1023 1428 1065 Ecce
1466 1022 1579 1066 aruit
1604 1023 1734 1067 arbor
1753 1043 1763 1080 3
1783 1032 1827 1068 et

438 1094 633 1138 Christus
657 1092 711 1137 ad
741 1101 910 1151 gentes,
941 1106 1065 1135 mons
1089 1089 1320 1135 translatus
1355 1091 1402 1134 in
1429 1106 1561 1135 mare.
1593 1093 1825 1145 Quomodo

437 1165 552 1208 enim
587 1165 715 1209 arbor
747 1178 838 1208 non
877 1171 1086 1207 aresceret
1125 1162 1262 1221 posita
1289 1162 1334 1206 in
1365 1161 1515 1218 vinea,
1540 1163 1595 1206 de
1616 1179 1702 1223 qua
1729 1163 1824 1208 dic-

435 1244 528 1278 tum
553 1243 644 1277 erat
665 1253 674 1278 z
704 1252 725 1275 «
750 1232 972 1279 Mandabo
994 1233 1186 1276 nubibus
1205 1232 1310 1277 meis
1328 1246 1382 1275 ne
1402 1231 1556 1290 pluant
1577 1248 1706 1292 super
1727 1248 1822 1278 eam

437 1323 458 1344 »
493 1304 737 1347 imbrem-⁹⁶?
768 1322 787 1344 »

495 1377 576 1417 ΙΙΙ.
601 1376 694 1418 Hoc
729 1383 779 1418 ut
815 1373 1026 1417 Dominus
1056 1371 1382 1415 commendaret
1412 1373 1665 1430 prophetice
1690 1388 1734 1418 se
1756 1374 1821 1418 fe-

432 1445 562 1497 cisse,
588 1442 642 1486 de
664 1444 744 1486 hac
764 1442 927 1486 scilicet
947 1441 1100 1485 arbore
1123 1454 1212 1484 non
1250 1440 1391 1484 solum
1412 1441 1596 1485 voluisse
1618 1443 1821 1488 exhibere
1857 1429 1897 1475 ll*

432 1511 717 1564 miraculum,
738 1511 814 1555 sed
836 1510 1035 1554 futurum
1054 1508 1222 1568 aliquid
1244 1510 1455 1555 miraculo
1477 1512 1815 1572 commendasse,

431 1582 569 1627 multa
589 1590 690 1626 sunt
708 1596 805 1641 quae
823 1596 901 1624 nos
919 1581 1156 1624 admonent
1172 1580 1387 1640 nobisque
1405 1581 1710 1640 persuadeant,
1730 1585 1818 1630 imo

430 1653 484 1698 ab
501 1652 644 1696 invitis
665 1659 963 1710 extorqueant.
986 1650 1130 1694 Primo
1147 1650 1257 1708 quid
1279 1651 1405 1696 arbor
1421 1663 1689 1711 peccaverat,
1707 1670 1818 1714 quo-

428 1724 547 1767 niam
570 1721 736 1767 fructus
773 1737 863 1765 non
902 1720 1094 1764 habebat
1112 1755 1122 1775 ,
1149 1736 1280 1780 quem
1304 1722 1338 1765 si
1377 1737 1455 1766 suo
1477 1732 1696 1782 tempore,
1732 1726 1816 1770 hoc

427 2426 600 2469 credere
618 2424 1007 2478 deberemus.Ergo
1022 2421 1056 2464 si
1070 2422 1327 2466 miraculum
1339 2420 1480 2468 fuerat
1499 2425 1775 2470 tantummod

429 2493 846 2548 commendandum,
872 2501 914 2535 et
937 2506 1025 2535 non
1047 2490 1209 2550 aliquid
1231 2493 1483 2551 prophetice
1505 2494 1780 2552 figurandum
1838 2513 1840 2528 ¹

477 2584 483 2599 ¹
509 2579 578 2609 Act.
600 2588 668 2615 xm,
689 2576 742 2616 46,
764 2576 814 2617 ,117
845 2592 883 2598 --
906 2576 1156 2615 ²1sai.xt1x‚6.
1180 2573 1314 2608 —31d.
1337 2587 1370 2616 v,
1384 2576 1415 2607 6.
1439 2593 1478 2599 —
1499 2575 1623 2610 limare,
1642 2590 1682 2619 xi,
1702 2580 1752 2612 13.
