1898 3178
421 244 561 274 si-:nMo
593 246 694 282 Lm,
731 245 785 271 DE
818 244 965 272 vensis
996 242 1160 271 MATTH.
1199 245 1240 270 v.
1445 233 1525 270 157

141 326 243 356 cum
266 311 448 370 petitore
480 319 580 363 tuo,
605 308 690 353 hoc
713 316 811 366 aget
833 312 947 353 Deus
975 324 1076 353 cum
1097 322 1191 353 suo.
1217 308 1274 351 Et
1296 305 1451 365 plenus
1486 316 1529 350 et

142 382 279 425 inanis
300 395 344 423 es
370 398 379 424 :
414 378 548 438 imple
570 379 745 422 inanem
766 377 821 421 de
851 377 1124 437 plenitudine
1157 387 1254 434 tua,
1287 385 1338 422 ut
1371 378 1425 422 de
1452 377 1530 422 Dei

142 448 416 510 plenitudine
439 447 673 508 impleatur
693 447 878 492 inanitas
900 456 991 492 tua.

202 521 279 563 VI.
306 517 496 563 Attende
519 517 639 578 quod
660 517 856 578 sequitur
883 536 893 562 z
921 536 942 560 «
967 518 1090 562 Beati
1116 516 1423 563 mundicordes
1444 519 1474 571 1,
1507 535 1528 558 »

143 591 228 635 hoc
249 598 334 645 est,
358 590 434 650 qui
450 589 606 634 mundi
620 588 752 634 corde
768 597 871 633 sunt
889 607 898 633 :
925 607 945 631 «
965 589 1184 642 Quoniam
1203 589 1285 649 ipsi
1307 592 1446 633 Deum
1465 588 1532 633 vi-

148 680 168 704 »
204 661 391 706 debunt.
417 679 438 702 »
457 661 538 705 Hic
552 669 617 705 est
636 659 735 704 finis
756 660 913 704 amoris
934 659 1096 718 nostri,
1118 660 1216 704 finis
1230 676 1320 721 quo
1337 660 1534 719 perficia-

146 747 266 787 mur,
287 746 377 776 non
393 746 483 791 quo
504 745 829 775 consumamur.
852 730 1024 775 Finitur
1041 729 1186 785 cibus,
1211 730 1360 774 finitur
1378 731 1532 774 vestis:

145 802 267 846 cibus
281 836 292 857 ,
320 801 422 860 quia
443 801 715 845 consumitur
737 799 934 855 edendo,
958 799 1196 860 vestisquia
1218 801 1444 859 perficitur
1466 810 1535 844 te-

145 870 304 916 xendo.
328 873 385 914 Et
402 869 514 915 illud
533 871 706 927 finitur,
726 880 770 915 et
790 869 902 915 illud
928 886 936 912 :
962 869 1038 915 sed
1055 871 1152 914 finis
1172 871 1252 915 iste
1272 872 1461 931 pertinet
1480 869 1535 914 ad

146 942 548 1002 consumptionem,
573 942 647 986 ille
660 943 715 986 ad
735 941 1064 1002 perfectionem.
1090 941 1318 1002 Quidquid
1344 943 1535 1001 agimus,

145 1012 364 1074 quidquid
381 1013 494 1057 bene
515 1014 704 1072 agimus,
729 1013 949 1074 quidquid
970 1013 1174 1068 nitimur,
1201 1013 1423 1074 quidquid
1444 1012 1539 1056 lau-

147 1079 348 1131 dabiliter
369 1093 603 1129 aestuamus
613 1119 625 1140 ,
640 1083 859 1145 quidquid
871 1083 1197 1144 inculpabiliter
1213 1083 1511 1129 desideramus
1526 1119 1537 1137 ,

149 1155 204 1200 ad
226 1155 303 1200 Dei
319 1155 531 1199 visionem
548 1171 650 1200 cum
671 1155 862 1210 venerit,
881 1155 980 1215 plus
1001 1171 1091 1200 non
1112 1155 1398 1214 requiremus.
1424 1154 1541 1207 Quid

149 1225 264 1270 enim
279 1235 446 1286 quaerat
458 1260 468 1279 ‚
485 1226 557 1270 0111
575 1224 699 1269 adest
711 1227 852 1269 Deus?
867 1234 942 1269 aut
956 1225 1065 1285 quid
1081 1226 1270 1270 sufficiat
1283 1225 1345 1281 ei,
1365 1226 1435 1270 0111
1452 1240 1542 1269 11011

149 1295 308 1340 sufficit
324 1296 466 1339 Deus?
481 1295 627 1339 videre
647 1298 787 1339 Deum
810 1295 1038 1350 volumus,
1059 1296 1207 1339 videre
1221 1299 1360 1340 Deum
1380 1296 1543 1356 quaeri-

149 1381 246 1410 mus
258 1400 269 1421 ,
296 1363 444 1409 videre
465 1367 605 1408 Deum
626 1363 952 1409 inardescimus.
971 1366 1077 1418 Quis
1093 1368 1209 1410 non?
1224 1366 1309 1411 Sed
1325 1366 1422 1411 vide
1436 1364 1543 1425 quid

150 1437 317 1480 dictum
339 1444 404 1479 est
430 1454 439 1479 :
474 1453 495 1476 «
529 1434 651 1478 Beati
678 1434 1007 1491 mundicordes,
1044 1437 1254 1495 quoniam
1284 1436 1365 1496 ipsi
1405 1439 1545 1479 Deum

153 1525 175 1548 »
209 1505 435 1551 videbunt.
463 1523 483 1547 »
508 1507 603 1549 Hoc
621 1520 747 1565 para,
766 1504 885 1549 1111110
899 1506 1061 1552 videas.
1084 1509 1141 1551 Ut
1163 1507 1281 1550 enim
1298 1506 1544 1550 secundum

150 1593 325 1623 carnem
345 1577 501 1638 loquar
515 1611 527 1633 ,
547 1577 654 1637 quid
671 1576 888 1621 desideras
905 1587 1048 1621 ortum
1068 1577 1167 1620 solis
1180 1591 1283 1620 cum
1299 1575 1438 1620 oculis
1457 1576 1545 1634 lip-

150 1650 240 1709 pis?
260 1649 361 1694 Sani
377 1649 462 1693 sint
472 1647 588 1711 oculi
601 1682 612 1703 ,
629 1656 673 1691 et
688 1648 769 1691 erit
780 1647 856 1690 lux
872 1645 947 1690 illa
960 1647 1171 1705 gaudium
1196 1665 1205 1691 ε
1224 1662 1314 1690 11011
1327 1646 1413 1690 sint
1430 1646 1546 1690 oculi

151 1720 265 1776 sani,
292 1719 373 1763 erit
389 1719 467 1762 lux
478 1717 553 1762 illa
573 1727 857 1763 tormentum.
875 1720 973 1763 Non
987 1717 1104 1761 enim
1121 1717 1252 1761 corde
1274 1733 1365 1762 non
1379 1715 1546 1761 mundo

153 1791 301 1837 videre
324 1790 587 1850 permitteris
602 1825 613 1845 ,
640 1789 762 1849 quod
783 1805 873 1834 non
894 1789 1069 1834 videtur
1101 1789 1184 1833 nisi
1206 1787 1337 1833 corde
1359 1787 1542 1832 mundo.

154 1861 414 1921 Repelleris,
451 1859 682 1915 aufereris,
723 1876 814 1905 non
834 1859 1016 1905 videbis.
1062 1878 1082 1901 «
1113 1860 1233 1904 Beati
1257 1860 1373 1903 enim
1414 1874 1548 1903 mun-

118 1964 119 1969 .
158 1950 178 1974 »
213 1930 654 1990 dicordes,quoniam
668 1930 748 1988 ipsi
759 1934 900 1972 Deum
913 1928 1145 1972 videbunt.
1170 1948 1189 1968 »
1206 1930 1385 1980 Quoties
1399 1930 1550 1972 beatos

150 2004 239 2062 jam
264 2001 530 2056 numeravit,
548 2015 655 2061 quas
671 1999 955 2045 beatitudinis
972 2014 1118 2043 causas
1130 2033 1142 2053 ,
1161 2014 1262 2059 quae
1277 2013 1407 2057 opera
1419 2033 1429 2053 ‚
1451 2015 1551 2058 quae

156 2088 338 2118 munera
353 2108 364 2128 ,
384 2088 484 2133 quae
499 2072 654 2116 merita
667 2106 678 2127 ,
702 2087 802 2130 quae
819 2070 1024 2130 praemia?
1039 2072 1265 2130 Nusquam
1279 2068 1445 2113 dictum
1463 2077 1548 2123 est,

163 2161 185 2182 u
216 2144 302 2199 Ipsi
316 2147 454 2188 Deum
469 2141 701 2187 videbunt.
721 2142 843 2186 Beati
865 2156 1077 2201 pauperes
1092 2140 1246 2199 spiritu
1264 2140 1473 2199 quoniam
1489 2140 1551 2198 ip-

164 2230 184 2253 »
219 2226 365 2255 sorum
386 2224 450 2254 est
469 2227 654 2268 regnum
675 2211 906 2257 coelorum.
933 2212 1055 2256 Beati
1077 2212 1202 2256 mites
1230 2230 1239 2255 ε
1261 2211 1341 2270 ipsi
1361 2209 1551 2255 haeredi-

164 2300 185 2323 »
221 2290 308 2325 tate
332 2280 616 2340 possidebunt
634 2291 809 2325 terram.
841 2282 962 2326 Beati
982 2281 1181 2341 lugentes
1213 2302 1222 2326 ε
1247 2281 1328 2340 ipsi
1355 2279 1552 2325 consola-

166 2372 186 2394 »
223 2351 405 2395 buntur.
447 2349 568 2394 Beati
596 2349 834 2394 esurientes
868 2358 913 2393 et
950 2353 1142 2396 sitientes
1171 2351 1386 2410 justitiam
1429 2369 1438 2394 :
1474 2350 1553 2409 ipsi

170 2440 190 2464 »
225 2421 554 2467 saturabuntur.
585 2421 706 2465 Beati
733 2420 1029 2465 misericordes
1065 2440 1074 2464 :
1105 2421 1186 2480 ipsi
1216 2419 1553 2465 misericordiam

171 2512 190 2535 »
227 2502 564 2553 consequentur.
593 2510 613 2533 »
639 2494 863 2552 Nusquam
878 2491 1044 2538 dictum
1063 2500 1155 2537 est:
1184 2510 1205 2535 «
1230 2492 1316 2552 Ipsi
1333 2495 1472 2536 Deum
1494 2492 1552 2535 vi-

223 2584 231 2599 ¹
249 2578 370 2612 Matth.
391 2588 423 2619 v,
443 2578 475 2610 8.
