1898 3178
396 170 476 208 :208
822 180 854 206 s.
892 175 1121 206 mensum
1155 176 1335 207 EPISCOH

394 245 440 287 in
456 243 586 288 corde
599 279 610 298 ,
630 252 673 286 et
690 242 791 286 dicit
806 242 930 286 nobis
948 243 1144 288 Christus
1163 263 1171 287 :
1196 261 1217 286 «
1233 247 1265 288 F
1271 253 1462 288 estucam
1476 244 1522 288 in
1544 244 1672 289 oculo
1689 245 1777 289 tra—

400 334 417 356 »
455 314 528 358 tris
547 314 610 357 tui
624 312 761 367 vides,
776 321 819 356 et
832 314 1000 357 trabem
1015 313 1061 357 in
1079 313 1206 358 oculo
1224 323 1302 359 tuo
1325 330 1415 358 non
1430 314 1550 359 vides
1563 317 1594 358 1.
1613 333 1632 357 n
1652 314 1778 359 Unde

394 385 530 428 crevit
546 383 711 428 festuca
723 417 733 437 ‚
759 392 810 427 ut
826 383 995 427 trabem
1016 382 1205 428 faceret?
1226 385 1336 438 Quia
1354 400 1445 429 non
1464 385 1609 429 statim
1631 383 1779 430 evulsa

394 466 472 500 est.
494 455 605 508 Quia
623 469 771 513 passus
787 469 831 498 es
847 455 961 498 exire
978 490 989 509 ,
1007 456 1225 500 etintrare
1243 456 1380 500 solem
1399 458 1525 501 toties
1547 472 1676 516 super
1691 457 1778 500 ira-

395 525 599 570 cundiam
614 533 735 567 tuam
749 559 761 580 ,
782 524 921 569 fecisti
939 524 1058 569 illam
1072 535 1261 571 veterem
1272 561 1287 580 ,
1306 527 1517 570 attraxisti
1539 527 1672 570 malas
1686 542 1780 570 sus-

395 597 584 655 piciones
599 630 610 646 ‚
641 603 685 639 et
705 595 852 653 rigasti
873 593 1102 650 festucam,
1125 594 1308 656 rigando
1330 596 1523 652 nutristi,
1543 596 1780 640 nutriendo

394 667 562 711 trabem
582 664 738 710 fecisti.
758 668 1005 726 Expavesce
1027 667 1096 711 vel
1117 665 1296 727 quando
1314 666 1474 711 dicitur
1497 684 1509 710 .·
1533 686 1552 710 «
1580 667 1666 720 Qui
1688 667 1782 712 odit

397 756 416 779 »
452 736 629 781 fratrem
645 752 771 781 suum
789 772 800 793 ‚
820 737 1040 782 homicida
1062 746 1126 781 est
1139 739 1171 781 ².
1195 755 1215 778 »
1243 736 1447 781 Gladium
1467 753 1556 782 non
1579 737 1777 792 eduxisti,

394 823 484 852 non
505 806 665 851 vulnus
685 807 731 851 in
754 822 883 851 carne
903 807 1063 861 fecisti,
1090 822 1181 851 non
1197 821 1355 866 corpus
1376 806 1504 865 plaga
1527 805 1671 866 aliqua
1692 816 1782 851 tru-

395 878 546 922 cidasti
566 898 576 922 :
601 878 806 936 cogitatio
844 876 934 922 sola
970 877 1059 922 odii
1093 877 1139 920 in
1174 875 1305 921 corde
1327 886 1406 921 tuo
1428 886 1518 932 est,
1544 886 1588 921 et
1623 878 1782 922 teneris

395 949 614 994 homicida
637 969 645 993 :
670 964 769 993 reus
792 964 836 993 es
853 958 954 993 ante
976 948 1126 994 oculos
1151 949 1242 993 Dei.
1269 948 1347 992 Ille
1370 949 1501 1003 vivit,
1527 958 1571 993 et
1593 958 1642 992 tu
1663 949 1781 993 occi—

395 1019 511 1064 disti.
549 1024 773 1072 Quantum
808 1019 864 1063 ad
900 1029 943 1063 te
981 1020 1193 1079 pertinet,
1229 1017 1424 1063 occidisti
1461 1034 1593 1078 quem
1634 1019 1778 1063 odisti.

396 1089 596 1133 Eruenda
617 1098 659 1133 te
677 1124 688 1144 ,
719 1089 885 1147 corrige
907 1098 964 1132 te.
994 1090 1036 1133 Si
1064 1090 1111 1132 in
1140 1088 1344 1133 domibus
1365 1088 1515 1133 vestris
1535 1089 1782 1148 scorpiones

395 1168 539 1203 essent
562 1168 639 1202 aut
661 1158 829 1218 aspides
846 1193 857 1213 ,
893 1167 1108 1218 quantum
1130 1158 1384 1203 laboraretis
1400 1194 1411 1214 ,
1436 1167 1485 1202 ut
1507 1158 1662 1202 domus
1684 1174 1782 1203 ves-

396 1241 483 1275 tras
501 1231 742 1290 purgaretis
760 1265 771 1285 ,
797 1239 840 1274 et
856 1231 997 1273 securi
1018 1230 1216 1274 habitare
1238 1230 1449 1289 possetis?
1466 1230 1720 1285 Irascimini,
1741 1240 1784 1275 et

395 1302 694 1345 inveterantur
728 1302 802 1343 irae
831 1300 877 1343 in
909 1299 1115 1344 cordibus
1134 1300 1285 1344 vestris
1302 1334 1314 1354 ,
1338 1300 1450 1343 fiunt
1479 1308 1544 1343 tot
1565 1298 1663 1344 odia
1679 1335 1691 1355 ,
1719 1309 1784 1344 tot

397 1371 538 1415 trabes
558 1406 568 1425 ‚
604 1379 671 1415 tot
705 1370 888 1428 scorpii,
931 1378 995 1414 tot
1028 1379 1278 1428 serpentes,
1303 1378 1346 1413 et
1368 1369 1547 1413 domum
1572 1371 1676 1425 Dei,
1708 1386 1782 1415 cor

394 1451 583 1486 vestrum
601 1476 611 1495 ,
647 1456 833 1500 purgare
856 1456 946 1485 non
967 1440 1131 1485 vultis?
1168 1443 1285 1499 Ergo
1308 1440 1437 1484 facite
1459 1440 1580 1500 quod
1614 1440 1783 1486 dictum

395 1522 458 1556 est
481 1532 489 1556 :
515 1531 535 1554 «
564 1512 683 1556 Sicut
710 1520 754 1555 et
786 1525 864 1555 nos
890 1509 1150 1554 dimittimus
1173 1509 1445 1555 debitoribus
1472 1511 1629 1556 nostris
1655 1531 1664 1556 ;
1692 1530 1713 1553 »
1739 1520 1783 1556 et

394 1583 530 1628 securi
556 1583 686 1627 dicite
713 1601 722 1626 2
751 1600 772 1623 «
797 1581 976 1625 Dimitte
1007 1581 1132 1625 nobis
1151 1581 1299 1625 debita
1321 1591 1467 1625 nostra
1484 1617 1494 1636 ‚
1523 1600 1542 1622 n
1570 1582 1672 1641 quia
1689 1583 1782 1626 sine

395 1653 552 1697 debitis
574 1652 620 1695 in
642 1653 723 1696 hac
740 1660 855 1694 terra
881 1651 1025 1694 vivere
1045 1667 1134 1695 non
1153 1651 1345 1710 potestis.
1377 1652 1462 1696 Sed
1484 1651 1567 1696 alia
1585 1661 1688 1696 sunt
1708 1651 1782 1697 illa
1848 1703 1851 1706 ¹

396 1739 552 1782 magna
569 1722 766 1776 crimina,
782 1737 881 1781 quae
902 1721 1025 1765 vobis
1042 1721 1208 1764 bonum
1228 1722 1353 1765 estin
1370 1720 1586 1780 baptismo
1603 1722 1780 1777 dimitti,

397 1803 440 1838 et
461 1809 484 1837 a
517 1793 676 1853 quibus
704 1806 871 1850 semper
907 1791 1036 1835 alieni
1070 1806 1159 1835 esse
1189 1792 1387 1836 debetis:
1423 1792 1505 1837 alia
1528 1793 1783 1853 quotidiana

396 1873 590 1924 peccata,
615 1863 708 1906 sine
725 1862 885 1922 quibus
908 1861 978 1905 hic
1000 1862 1134 1905 homo
1157 1862 1298 1905 vivere
1322 1877 1410 1906 non
1433 1872 1589 1921 potest,
1605 1873 1783 1922 propter
1848 1866 1864 1870 ”
1890 1860 1898 1865 ξ’

396 1950 496 1994 quae
514 1932 751 1977 necessaria
768 1941 832 1975 est
853 1930 1105 1991 quotidiana
1125 1931 1278 1985 oratio,
1294 1947 1393 1975 cum
1417 1947 1496 1976 suo
1517 1942 1661 1992 pacto,
1681 1949 1782 1978 cum

397 2020 475 2048 suo
493 2003 651 2063 placito
673 2022 682 2047 ε
710 2011 761 2046 ut
782 2000 1006 2061 quomodo
1026 2001 1218 2044 hilariter
1241 2000 1400 2045 dicitur
1423 2021 1431 2046 :
1461 2023 1480 2044 «
1508 2003 1683 2048 Dimitte
1700 2019 1782 2048 no·-

400 2094 420 2117 »
457 2076 521 2119 bis
542 2073 690 2118 debita
708 2081 852 2116 nostra
873 2092 884 2129 3
902 2090 922 2112 η
944 2071 1002 2114 sie
1017 2071 1227 2114 veraciter
1244 2070 1415 2115 dicatur
1434 2091 1442 2117 z
1462 2092 1482 2114 «
1504 2074 1624 2118 Sicut
1641 2083 1684 2118 et
1705 2089 1783 2119 nos

401 2165 420 2186 n
456 2144 715 2189 dimittimus
737 2142 1010 2186 debitoribus
1043 2141 1214 2185 nostris.
1244 2160 1263 2181 »
1297 2142 1462 2186 Deinde
1488 2143 1568 2188 ista
1596 2143 1783 2189 diximus

400 2217 453 2259 de
471 2215 656 2274 peccatis
675 2212 900 2273 praeteritis
919 2247 929 2267 ,
950 2210 1058 2271 quid
1079 2210 1134 2254 de
1156 2214 1344 2256 caetero?
1852 2266 1854 2270 v

459 2289 535 2329 IX.
577 2288 674 2331 «Ne
695 2300 773 2329 nos
797 2282 954 2327 inferas
969 2283 1013 2325 in
1033 2282 1314 2327 tentationem
1336 2303 1344 2327 :
1368 2302 1387 2324 »
1410 2283 1580 2329 dimitte
1601 2301 1702 2345 quae
1719 2287 1785 2330 fe-
1813 2300 1815 2303 ·

401 2358 559 2413 cimus,
589 2367 633 2402 et
655 2357 709 2401 da
724 2356 869 2400 utalia
890 2370 981 2398 non
1001 2355 1337 2399 committamus.
1363 2356 1639 2415 Quicumque
1666 2358 1783 2401 enim

404 2428 639 2472 tentatione
660 2427 872 2481 vincitur,
908 2433 1134 2484 peccatum
1165 2425 1254 2484 ipse
1284 2427 1530 2470 committit.
1574 2427 1744 2471 Etenim
1763 2461 1775 2481 ,

451 2520 460 2534 1
482 2511 594 2544 matth.
618 2523 673 2551 vn,
691 2513 720 2543 3.
743 2529 782 2535 —
809 2518 821 2533 2
845 2522 855 2543 ι
879 2512 967 2543 Joan.
989 2521 1034 2551 ιιι,
1057 2509 1103 2541 15.
