1898 3178
374 210 457 248 422
784 216 817 245 s.
854 215 1083 244 Auousnm
1116 216 1296 245 13121500121

374 284 577 329 avaritia?
610 285 738 328 Serva
773 280 875 335 tibi,
909 278 1087 324 consule
1115 279 1160 324 in
1181 290 1417 340 posterum.
1443 281 1639 326 Verbum
1664 297 1753 327 non

373 363 584 407 mutatur,
610 354 740 397 homo
762 359 971 394 mutatur.
993 352 1089 394 Jam
1105 383 1118 406 ,
1150 351 1184 394 si
1215 350 1384 410 placet,
1409 366 1613 411 compara
1646 368 1754 398 con-

373 425 576 470 sulentes.
604 422 682 467 Illa
700 421 876 466 avaritia
898 430 978 476 est,
1001 421 1081 466 ista
1099 421 1281 481 justitia.

432 497 553 539 VIII.
579 496 677 551 Ipsa
698 492 912 537 contraria
925 491 1108 536 discute.
1136 493 1265 537 Serva
1282 491 1376 547 tibi,
1403 490 1545 552 inquit
1561 493 1752 538 avaritia.

373 569 491 611 Pone
512 573 555 608 te
576 562 689 608 velle
706 563 1007 622 obtemperare
1029 581 1038 607 z
1062 562 1280 621 interroga
1303 562 1381 606 ubi
1399 577 1552 607 serves.
1579 562 1659 608 Illa
1677 563 1757 608 tibi

372 642 665 680 monstratura
686 642 750 678 est
770 634 991 678 munitum
1018 633 1162 678 locum
1182 667 1193 688 ‚
1224 642 1447 677 muratum
1473 634 1724 679 cubiculum
1742 668 1753 689 ,

372 720 513 750 arcam
541 703 743 749 ferream.
771 704 928 748 Omnia
949 704 1072 748 muni
1094 723 1102 748 :
1120 702 1233 748 forte
1253 702 1515 749 domesticus
1536 703 1608 748 fur
1629 705 1758 748 etiam

370 775 576 821 interiora
594 783 847 835 perrumpet
873 793 882 820 :
907 783 950 818 et
972 789 1072 819 cum
1094 774 1291 834 pecuniae
1313 782 1402 818 tuae
1423 773 1636 830 consulis,
1655 775 1757 819 vitae

369 856 458 891 tuae
482 845 669 890 timebis.
692 848 822 890 Forte
844 844 952 889 dum
967 843 1158 888 multum
1169 858 1327 899 servas,
1353 844 1429 904 qui
1445 843 1541 889 vult
1563 845 1754 903 eripere,

369 918 531 975 cogitat
547 925 590 961 et
607 916 820 961 occidere.
838 918 1059 960 Postremo
1075 915 1278 960 adversus
1291 914 1408 959 fures
1423 914 1525 960 licet
1542 930 1758 974 quocum-

369 1002 457 1047 que
478 987 721 1031 munimine
742 987 997 1030 thcsaurum
1018 994 1145 1029 tuum
1167 996 1210 1029 et
1226 994 1390 1029 vestem
1412 994 1532 1030 tuam
1556 1000 1758 1030 commu-

369 1058 490 1114 nias3
523 1058 747 1101 communi
779 1072 828 1101 ea
860 1055 1063 1101 adversus
1094 1056 1336 1114 rubiginem
1360 1065 1403 1100 et
1429 1056 1606 1100 tineam.
1642 1055 1760 1110 Quid

371 1126 565 1172 facturus
588 1128 657 1170 es?
686 1129 785 1173 Non
812 1135 876 1171 est
907 1125 1010 1171 foris
1043 1127 1178 1171 hostis
1200 1125 1422 1182 auferens,
1448 1126 1524 1171 sed
1548 1135 1612 1171 est
1642 1127 1759 1171 intus

371 1198 620 1243 absumens.

430 1271 509 1312 IX.
535 1269 631 1314 Non
665 1281 768 1325 ergo
795 1267 965 1311 bonum
1000 1266 1231 1311 consilium
1265 1266 1387 1311 dedit
1422 1267 1614 1312 avaritia.
1647 1269 1760 1311 Ecce

365 1339 491 1399 jussit
508 1347 557 1382 ut
570 1352 733 1391 serves,
755 1346 797 1380 et
819 1352 908 1381 non
929 1337 1096 1380 invenit
1113 1336 1215 1380 dare
1237 1336 1385 1380 locum
1407 1336 1485 1380 ubi
1505 1352 1660 1381 serves.
1681 1337 1760 1382 Di-

369 1419 439 1454 cat
450 1410 578 1454 etiam
594 1408 902 1467 consequentia
921 1425 929 1451 :
947 1407 1138 1452 Consule
1154 1407 1198 1450 in
1214 1415 1453 1466 posterum.
1477 1410 1529 1451 In
1544 1416 1760 1466 quantum

371 1481 618 1541 posterum?
648 1481 701 1522 In
726 1478 815 1522 dies
838 1492 998 1537 paucos
1020 1487 1063 1522 et
1096 1478 1297 1522 incertos
1324 1478 1437 1522 Dicit
1469 1497 1478 1522 ;
1504 1478 1694 1523 Consule
1715 1479 1761 1523 in

373 1560 596 1611 posterum
613 1584 624 1605 ,
643 1550 811 1593 homini
829 1547 1019 1593 fortassis
1040 1549 1210 1592 victuro
1231 1563 1311 1592 nec
1333 1549 1377 1591 in
1396 1549 1646 1593 crastinum.
1676 1550 1760 1594 Sed

374 1637 471 1667 ecce
487 1621 602 1665 vivat
623 1628 838 1679 quantum
857 1628 983 1677 putat
999 1619 1192 1674 avaritia,
1215 1635 1305 1664 non
1322 1628 1535 1679 quantum
1553 1620 1758 1671 ostendit,

373 1708 462 1737 non
491 1699 707 1751 quantum
738 1688 889 1744 docet,
923 1704 1015 1733 non
1043 1698 1259 1749 quantum
1289 1689 1408 1747 fidit3
1440 1689 1516 1734 sed
1544 1699 1760 1750 quantum

374 1772 499 1824 putat
519 1761 698 1815 vixerit,
724 1760 937 1815 senuerit,
973 1760 1161 1818 finierit3
1193 1760 1337 1805 adhuc
1369 1776 1498 1805 senex
1529 1761 1756 1818 incurvuS‚
1817 1767 1820 1770 ⁴

375 1833 533 1880 baculo
554 1832 749 1886 innixus,
765 1831 938 1876 lucrum
960 1831 1134 1891 quaerit,
1155 1841 1198 1877 et
1220 1831 1342 1876 audit
1362 1832 1584 1877 avaritiam
1606 1833 1759 1877 dicen-

375 1915 463 1950 tem
484 1923 492 1949 :
517 1901 708 1948 Consule
729 1902 775 1945 in
792 1910 1030 1961 posterum.
1053 1905 1104 1946 In
1121 1901 1240 1962 quod
1263 1904 1512 1962 posterum?
1533 1905 1630 1947 Jam
1647 1903 1760 1962 expi-

373 1991 471 2020 rans
484 1977 496 2000 ¹
513 1973 722 2033 loquitur.
749 1975 931 2032 Propter
946 1972 1056 2016 filios
1073 1981 1188 2028 tuos,
1207 1972 1363 2031 inquit.
1386 1973 1560 2016 Utinam
1581 1973 1648 2018 vel
1664 1972 1758 2018 illos

375 2060 496 2090 senes
519 2059 608 2088 non
623 2057 772 2086 avaros
786 2041 1067 2097 haberemus,
1089 2042 1163 2102 qui
1178 2041 1287 2086 filios
1305 2057 1394 2086 non
1410 2043 1591 2088 habent.
1612 2044 1756 2087 Etiam
1882 2064 1888 2077 2

372 2116 489 2174 ipsis,
515 2114 644 2158 etiam
661 2111 820 2156 talibus
835 2145 847 2166 ‚
870 2111 998 2155 etiam
1013 2111 1286 2171 iniquitatem
1302 2127 1424 2156 suam
1442 2111 1564 2157 nulla
1586 2112 1755 2172 pietatis

373 2185 558 2242 imagine
580 2182 886 2227 excusantibus
903 2196 992 2226 non
1013 2190 1148 2226 cessat
1169 2180 1313 2226 dicere
1338 2200 1346 2227 :
1373 2182 1563 2227 Consule
1584 2182 1629 2226 in
1652 2198 1754 2242 pos-

374 2264 532 2299 terum.
561 2253 645 2298 Sed
665 2252 777 2297 forte
794 2251 875 2311 ipsi
895 2251 983 2296 cito
1004 2251 1269 2296 crubescunt
1287 2271 1297 2297 ε
1316 2250 1412 2297 illos
1434 2252 1657 2297 videamus
1678 2254 1754 2313 qui

373 2325 482 2369 filios
502 2324 692 2379 habent,
716 2332 867 2367 utrum
888 2322 993 2367 certi
1014 2322 1098 2366 sint
1119 2321 1230 2367 filios
1251 2337 1350 2367 suos
1372 2337 1641 2382 possessuros
1663 2338 1753 2368 esse

371 2410 469 2453 quae
491 2393 762 2454 reliquerint.
797 2392 1035 2437 Intendant
1066 2407 1168 2437 cum
1199 2393 1376 2448 vivunt,
1401 2392 1512 2437 filios
1539 2392 1749 2449 aliorum,

371 2464 474 2509 alios
506 2465 653 2509 alienis
683 2463 1032 2525 improbitatibus
1062 2463 1184 2524 quod
1214 2464 1459 2509 habuerant
1481 2464 1748 2521 amittentes,

416 2550 430 2567 Τ
448 2549 552 2581 Forte
575 2551 745 2592 expiranti.
