1898 3178
387 255 469 294 596
825 267 857 292 s.
896 265 1123 293 AUGUSTINI
1157 266 1333 293 El'lscom

385 346 463 388 ego
487 347 561 390 per
582 331 774 389 linguam
798 329 948 374 falsam
975 331 1162 375 animam
1185 346 1341 375 meam.
1369 331 1484 383 Quid
1501 330 1695 375 facturus
1718 348 1761 376 cs

383 402 522 445 mihi?
553 401 782 446 Occisurus
815 416 859 444 es
893 415 1066 445 carnem
1091 420 1099 445 :
1124 401 1210 445 exit
1231 401 1371 444 anima
1402 400 1559 456 libera,
1597 402 1640 444 in
1675 402 1761 446 fine

382 473 527 517 saeculi
550 481 592 516 et
613 473 747 531 ipsam
770 487 901 531 quam
921 473 1181 532 contempsit
1197 488 1370 517 carnem
1387 481 1626 532 receptura.
1645 473 1760 526 Quid

382 559 482 602 ergo
504 544 609 587 mihi
622 542 813 588 facturus
826 546 900 588 es?
917 544 959 589 Si
973 554 1117 588 autem
1130 543 1283 588 falsum
1299 544 1592 588 testimonium
1613 543 1760 589 dixero

380 631 460 674 pro
482 625 524 659 te
541 649 551 669 ‚
573 615 627 658 de
643 613 790 673 lingua
813 630 908 658 mea
929 614 1081 659 occido
1103 630 1172 658 me
1190 636 1201 673 3
1227 625 1270 659 et
1291 630 1380 659 non
1401 615 1446 657 in
1464 630 1592 659 carne
1609 615 1760 660 occido

381 701 450 729 me
472 705 479 729 z
502 687 559 729 Os
582 685 696 729 enim
718 685 840 745 quod
857 685 1093 741 mentitur,
1119 685 1277 730 occidit
1297 685 1502 729 animam.
1524 687 1654 729 Forte
1677 685 1760 730 hoc

378 772 467 801 non
499 756 619 800 dicis.
655 756 780 800 Unde
803 771 891 800 non
914 756 1053 800 dicis?
1081 756 1235 801 Vivere
1258 756 1320 799 vis
1342 775 1350 800 ;
1377 755 1474 814 plus
1499 755 1562 800 vis
1584 756 1726 800 vivere
1745 791 1756 812 ‚

378 842 510 887 quam
532 830 646 871 Deus
669 827 920 871 constituit?
934 828 1061 872 Certe
1081 842 1205 871 caves
1226 827 1280 870 ab
1304 827 1422 871 omni
1445 826 1758 871 avaritia?Huc

377 913 514 957 usque
540 901 652 941 Deus
669 896 808 941 voluit
835 906 885 941 ut
906 898 1023 942 vivas
1039 932 1049 952 ,
1075 912 1303 957 quousque
1325 897 1404 940 iste
1427 897 1482 941 ad
1500 906 1542 941 te
1564 897 1752 941 accessit.

377 972 507 1013 Forte
530 978 570 1012 te
598 969 817 1013 occisurus
839 977 902 1012 est
919 1003 930 1023 ‚
956 977 1005 1012 ut
1032 977 1267 1025 martyrem
1297 967 1442 1012 faciat.
1476 967 1574 1013 Noli
1595 968 1756 1012 habere

373 1040 656 1099 cupiditatem
677 1039 851 1084 vivendi
870 1059 877 1084 :
900 1049 942 1083 et
962 1055 1050 1084 non
1068 1039 1199 1083 habes
1215 1039 1500 1084 aeternitatem
1524 1038 1751 1083 moriendi.

378 1111 538 1156 Videtis
557 1112 658 1169 quia
679 1112 845 1171 ubique
868 1111 1042 1155 avaritia
1063 1110 1263 1162 illa,cum
1279 1110 1376 1170 plus
1400 1110 1601 1155 volumus
1623 1125 1754 1171 quam

373 1197 480 1241 opus
499 1192 588 1236 est,
609 1181 712 1226 facit
735 1197 812 1226 nos
836 1183 1040 1241 peccare?
1067 1183 1306 1226 Caveamus
1326 1182 1381 1226 ab
1405 1181 1524 1227 omni
1547 1181 1721 1227 avaritia
1740 1215 1751 1236 ‚

371 1253 403 1296 si
421 1252 622 1297 volumus
646 1251 730 1296 frui
751 1261 912 1296 aeterna
935 1251 1157 1312 sapientia.

371 1421 509 1437 ωἱῑννν
513 1421 649 1437 WWUS
655 1421 933 1437 mwm'mtm
939 1419 1569 1437 {MWWMUWBMAMWWWWWWWU
1573 1419 1714 1436 mm
1718 1420 1753 1436 Μ

831 1548 1061 1594 SERMO
1100 1547 1292 1594 CVHP.

368 1715 427 1755 De
463 1710 603 1755 verbis
635 1709 860 1769 Evangelii
895 1713 1026 1754 Lucae
1055 1728 1118 1754 x11
1149 1728 1156 1754 2
1188 1708 1295 1755 Sint
1328 1706 1645 1753 lumbivestrc'
1664 1724 1749 1753 ac-

425 1782 597 1836 cincti,
637 1790 681 1825 et
713 1779 918 1825 lucernae
955 1779 1206 1835 ardentes,
1247 1789 1293 1824 ec
1315 1795 1397 1824 vos
1425 1778 1624 1835 similes,
1657 1789 1744 1824 etc.

424 1855 565 1914 deque
582 1853 723 1897 verbis
747 1851 903 1897 Psalmi
928 1871 1071 1897 xxxin
1098 1872 1106 1897 :
1141 1852 1261 1910 Quis
1285 1861 1354 1894 est
1382 1850 1523 1895 homo
1548 1850 1750 1908 quivult

428 1926 573 1968 vitam
586 1959 594 1974 ‚
621 1934 709 1967 etc.

428 2088 460 2128 Ι.
490 2087 688 2128 ΒοΜῙΝυε
711 2090 855 2125 noster
878 2082 1000 2124 Jesus
1025 2079 1220 2124 Christus
1243 2087 1285 2122 et
1307 2079 1426 2123 venit
1442 2078 1497 2122 ad
1519 2079 1715 2124 homines
1731 2114 1743 2134 ,

366 2166 408 2200 et
431 2153 634 2199 abscessit
649 2153 703 2197 ab
724 2151 974 2195 hominibus
986 2186 996 2205 ‚
1014 2159 1056 2194 et
1078 2159 1286 2194 venturus
1304 2159 1367 2194 est
1384 2149 1439 2194 ad
1459 2150 1670 2195 homines.
1688 2152 1745 2194 Et

367 2235 510 2269 tamen
532 2224 601 2267 hic
623 2231 715 2266 erat
735 2219 912 2281 quando
929 2220 1063 2274 venit,
1087 2234 1165 2264 nec
1184 2220 1355 2264 recessit
1377 2219 1554 2280 quando
1571 2219 1744 2265 absces-

365 2297 440 2350 sit,
466 2305 509 2339 et
531 2294 585 2338 ad
609 2309 680 2338 eos
702 2301 909 2336 venturus
932 2300 995 2334 est
1024 2291 1181 2350 quibus
1205 2290 1312 2334 dixit
1339 2311 1346 2334 :
1381 2309 1399 2331 «
1428 2293 1541 2335 Ecce
1563 2305 1641 2349 ego
1662 2306 1742 2335 vo-

370 2386 389 2408 »
426 2366 590 2410 hiscum
623 2379 717 2408 sum
736 2378 872 2423 usque
888 2361 941 2405 ad
959 2361 1379 2405 consummationem
1401 2361 1591 2406 saeculi2.
1621 2380 1641 2402 »
1665 2363 1744 2405 Se-

368 2437 563 2481 cundum
586 2436 769 2479 formam
794 2448 895 2491 ergo
930 2431 1064 2486 servi,
1104 2446 1236 2491 quam
1264 2431 1451 2491 suscepit
1480 2447 1559 2490 pro
1587 2432 1739 2486 nobis,

368 2508 558 2567 quodam
578 2517 770 2564 tempore
799 2513 925 2548 natus
941 2512 1031 2558 est,
1058 2512 1100 2547 et
1123 2503 1286 2547 occisus
1309 2512 1393 2557 est⁷
1419 2512 1462 2547 et
1485 2502 1739 2559 resurrexit,

419 2611 424 2623 ¹
450 2603 529 2634 Alias
547 2611 652 2640 καις,
675 2601 714 2631 de
731 2600 838 2631 verbis
858 2598 991 2631 Domini.
1015 2614 1053 2621 —
1079 2605 1090 2621 ²
1110 2598 1230 2630 Matth.
1251 2609 1362 2638 xxvm,
1383 2607 1434 2631 20.
