1898 3178
338 231 419 269 398
767 237 801 265 s.
836 237 1068 266 Avensa-rm
1100 239 1281 267 muscom

336 306 531 352 omnium
547 305 673 365 pulso
689 325 699 362 3
719 303 794 348 sed
809 304 1090 349 conscientias
1107 302 1400 364 quorumdam
1418 304 1646 349 convenio.
1673 304 1718 348 Si

335 377 524 422 dicerem
539 395 547 422 :
565 380 630 421 Tu
641 374 828 431 adulter,
843 376 1012 434 corrige
1025 384 1068 420 te
1086 394 1094 420 :
1109 377 1249 435 primo
1263 375 1375 420 forte
1390 374 1580 419 dicerem
1596 373 1719 435 quod

336 449 545 493 nescirem
566 467 576 503 3
602 447 716 491 forte
735 447 857 507 quod
879 456 1043 492 temere
1063 447 1306 502 audieram,
1331 446 1586 506 suspicarer.
1619 447 1721 491 Non

336 517 461 562 dico:
489 520 555 561 Tu
575 515 762 572 adulter,
787 517 955 576 corrige
971 526 1044 575 te3
1069 516 1160 572 sed,
1183 517 1378 577 quisquis
1391 516 1437 560 in
1454 517 1538 561 hoc
1555 514 1722 575 populo

338 587 509 631 adulter
530 602 596 642 es,
620 587 787 645 corrige
808 596 866 631 te.
896 586 1077 632 Publica
1099 595 1164 631 est
1185 586 1402 646 correptio
1417 620 1428 641 ‚
1460 584 1536 630 sed
1558 593 1723 631 secreta

336 658 560 702 correctio.
589 658 700 712 Scio,
719 658 822 718 quia
843 657 917 702 ille
937 657 1015 718 qui
1041 656 1237 702 timuerit
1253 691 1264 713 ,
1286 655 1464 715 corrigit
1481 670 1542 700 se.

392 731 518 773 XIII.
561 731 659 775 Non
699 728 819 774 dicat
847 729 893 773 in
927 728 1058 774 corde
1090 744 1170 773 suo
1203 747 1212 773 :
1250 731 1432 772 Peccata
1465 726 1606 771 carnis
1631 741 1725 771 non

335 809 459 845 curat
479 803 610 845 Deus.
639 820 660 843 «
682 801 862 847 Nescitis
880 836 891 856 ,
922 800 1066 861 inquit
1090 799 1354 859 Apostolus,
1381 798 1484 859 quia
1509 796 1725 858 templum

338 888 359 912 »
385 870 464 915 Dei
485 871 602 927 estis,
622 880 666 916 et
688 871 871 931 Spiritus
884 870 961 915 Dei
980 870 1212 914 habitatin
1233 867 1602 929 vobis?Quisquis
1618 876 1724 912 tem-

338 960 358 982 »
384 940 508 1000 plum
526 941 605 986 Dei
625 941 878 997 violaverit,
904 940 1125 1001 disperdet
1147 940 1274 985 illum
1301 942 1460 985 Deus1.
1483 941 1659 985 »Nemo
1681 952 1726 982 se

337 1010 476 1055 fallat.
506 1012 592 1056 Sed
623 1010 737 1056 forte
762 1013 821 1056 ait
843 1011 1026 1072 aliquis:
1050 1010 1282 1071 Templum
1308 1011 1388 1055 Dei
1415 1010 1585 1054 animus
1605 1023 1728 1053 meus

336 1090 415 1136 est,
431 1096 521 1125 non
536 1096 694 1140 corpus
709 1097 858 1126 meum
875 1096 885 1123 t
905 1082 1062 1142 adjecit
1084 1082 1213 1127 etiam
1231 1080 1529 1126 testimonium
1549 1098 1558 1125 :
1582 1098 1603 1121 «
1621 1080 1729 1123 Om-

339 1169 359 1193 »
385 1152 450 1195 nis
470 1167 570 1196 caro
588 1150 777 1206 foenum,
795 1161 839 1195 et
861 1153 1004 1196 omnis
1023 1153 1192 1197 claritas
1208 1153 1349 1198 carnis
1364 1161 1415 1196 ut
1437 1152 1517 1196 flos
1536 1150 1689 1195 foeni2.
1703 1167 1725 1191 »

335 1222 492 1267 Infelix
522 1223 852 1283 interpretatio,
882 1223 1107 1282 punienda
1135 1224 1358 1281 cogitatio.
1397 1227 1589 1267 Foenum
1611 1220 1730 1264 dicta

337 1303 400 1338 est
416 1310 516 1339 caro
528 1330 538 1350 ,
564 1294 666 1354 quia
684 1294 872 1338 moritur
892 1313 901 1338 ε
921 1292 997 1337 sed
1019 1294 1141 1354 quod
1156 1292 1212 1338 ad
1226 1302 1398 1353 tempus
1418 1293 1619 1347 moritur,
1638 1306 1729 1335 non

338 1373 532 1424 resurgat
550 1379 652 1408 cum
668 1364 864 1408 crimine.
887 1364 961 1407 Vis
983 1378 1107 1407 nosse
1128 1372 1322 1423 apertam
1344 1363 1474 1406 etiam
1507 1360 1610 1405 inde
1627 1376 1728 1405 sen-

340 1435 552 1478 tentiam?
578 1453 599 1476 «
623 1434 831 1489 Nescitis,
852 1433 996 1492 inquit
1014 1432 1130 1477 idem
1146 1432 1381 1492 Apostolus
1395 1466 1407 1487 ,
1427 1430 1530 1492 quia
1546 1445 1729 1490 corpora

341 1523 362 1545 »
386 1513 527 1549 vestra
548 1504 761 1563 templum
783 1504 829 1547 in
856 1503 979 1548 vobis
1007 1512 1071 1547 est
1095 1503 1279 1562 Spiritus
1302 1502 1438 1546 sancti
1455 1536 1466 1557 ‚
1494 1517 1628 1562 quem
1648 1503 1730 1546 ha-

342 1594 362 1616 »
389 1576 498 1619 betis
513 1591 536 1619 a
550 1578 639 1619 Deo
649 1575 663 1600 3
674 1576 691 1618 Ρ
703 1593 722 1616 n
736 1577 849 1629 (jam
867 1589 955 1618 non
971 1573 1259 1618 contemnatis
1272 1572 1514 1632 corporalia
1527 1582 1726 1632 peccata:

340 1661 439 1690 ecce
461 1645 563 1706 quia
578 1654 621 1688 et
637 1660 820 1704 corpora
839 1653 980 1689 vestra
994 1643 1208 1703 templum
1227 1644 1274 1688 in
1290 1644 1413 1688 vobis
1425 1652 1528 1688 sunt
1545 1644 1729 1704 Spiritus

340 1716 491 1771 sancti,
512 1730 645 1776 quem
668 1714 836 1759 habetis
854 1730 877 1758 a
900 1717 1005 1759 Deo.
1018 1716 1035 1772 )
1048 1715 1372 1759 Contemnebas
1394 1713 1618 1774 corporale
1631 1729 1729 1774 pec-

340 1796 485 1831 catum
499 1821 509 1841 ,
526 1786 767 1830 contemnis
785 1784 905 1845 quod
917 1800 1069 1844 peccas
1086 1786 1131 1828 in
1153 1785 1391 1844 templum?
1406 1788 1554 1845 Ipsum
1571 1800 1729 1844 corpus

342 1866 468 1901 tuum
482 1855 698 1915 templum
719 1855 766 1898 in
783 1864 826 1899 te
848 1863 913 1899 est
932 1855 1114 1913 Spiritus
1128 1855 1222 1898 Dei.
1238 1857 1264 1899 J
1268 1870 1337 1899 am
1353 1854 1454 1899 vide
1473 1854 1582 1915 quid
1598 1853 1729 1899 facias

342 1928 397 1972 de
413 1927 578 1987 templo
607 1926 700 1971 Dei.
737 1926 780 1971 Si
803 1925 981 1985 eligeres
1004 1926 1050 1969 in
1071 1925 1263 1970 Ecclesia
1295 1925 1436 1970 facere
1464 1926 1730 1970 adulterium

343 1998 455 2041 intra
473 1998 575 2042 istos
593 1996 795 2056 parietes,
816 1996 925 2056 quid
946 2004 989 2039 te
1011 2005 1120 2040 esset
1141 1995 1415 2040 sceleratius?
1436 1996 1570 2040 Modo
1582 2005 1729 2040 autem

344 2077 393 2112 tu
414 2068 504 2127 ipse
526 2083 570 2112 es
586 2066 800 2127 templum
821 2067 914 2110 Dei.
942 2065 1172 2125 Templum
1194 2065 1348 2121 intras,
1375 2064 1590 2125 templum
1617 2066 1725 2121 exis,

345 2138 558 2198 templum
580 2138 627 2181 in
648 2138 780 2181 domo
801 2145 877 2180 tua
899 2151 1047 2180 manes
1063 2171 1074 2191 ,
1094 2134 1309 2195 templum
1325 2137 1479 2195 surgis.
1495 2134 1605 2180 Vide
1621 2136 1729 2196 quid

346 2225 459 2268 agaS,
482 2209 582 2255 vide
598 2224 654 2254 ne
675 2208 871 2253 offendas
885 2207 1036 2267 templi
1058 2208 1346 2252 habitatorem
1364 2243 1375 2264 ,
1399 2223 1455 2252 ne
1477 2208 1645 2252 deserat
1665 2217 1725 2263 te,

346 2290 389 2324 et
418 2281 464 2324 in
485 2281 657 2325 ruinam
683 2279 861 2324 vertaris
892 2297 901 2323 :
936 2297 956 2320 «
979 2278 1182 2334 Nescitis,
1215 2278 1385 2338 inquit,
1416 2279 1519 2339 quia
1548 2294 1730 2338 corpora

349 2370 370 2392 »
395 2361 533 2396 vestra
547 2354 619 2410 (et
640 2352 724 2396 hoc
742 2349 797 2394 de
818 2349 1105 2394 fornicatione
1127 2348 1393 2410 loquebatur
1406 2349 1656 2409 Apostolus,
1674 2364 1729 2393 ne

350 2439 370 2462 »
397 2431 727 2467 contemnerent
750 2420 986 2481 corporalia
1001 2422 1201 2480 peccata)
1218 2419 1431 2480 templum
1454 2420 1500 2464 in
1519 2420 1642 2465 vobis
1666 2428 1730 2464 est

398 2523 407 2540 ¹
433 2518 540 2550 Florus
554 2519 593 2551 ad
618 2530 629 2550 1
648 2521 720 2552 Cor.
737 2529 782 2559 111,
802 2520 851 2551 16.
879 2533 920 2541 —
937 2523 950 2540 ²
976 2527 989 2549 1
1010 2518 1097 2549 retr.
1117 2515 1143 2556 i,
1162 2515 1216 2558 24.
1239 2533 1279 2539 —
1301 2514 1314 2540 3
1342 2527 1355 2548 1
1379 2517 1453 2548 Cor.
1473 2526 1521 2557 vx,
1549 2527 1599 2558 19.
