1898 3178
383 241 522 268 sumno
554 240 629 278 xc„
665 241 718 266 DE
752 240 897 268 visanis
928 237 1092 268 ΜΑΤΤΗ.
1126 240 1231 268 xxii.
1411 229 1494 267 477

119 304 316 363 probare.
344 307 395 348 ln
421 305 522 364 ipsis
549 305 635 348 suis
657 305 798 350 verbis
816 309 930 350 Deus
952 305 1172 366 adjuvabit
1188 319 1258 349 me
1274 339 1286 361 ,
1313 314 1354 349 et
1376 305 1497 365 quod

116 374 239 419 vobis
275 383 474 434 apertum
510 375 564 418 sit
592 374 851 419 ministrabit
872 391 948 435 per
970 390 1055 420 me.
1096 378 1209 420 Ecce
1234 393 1255 417 «
1276 377 1498 434 Ingressus

120 461 142 486 »
177 443 482 504 paterfamilias
498 478 509 499 ,
534 453 585 488 ut
617 444 847 503 inspiceret
880 445 1246 490 discumbentes1.
1269 463 1290 487 »
1310 444 1466 489 Videte
1483 479 1495 499 ,

117 511 270 558 fratres
290 514 397 568 mei,
424 513 526 573 quia
551 528 641 558 non
662 514 872 572 pertinuit
889 514 944 559 ad
964 529 1130 571 servos,
1155 514 1236 558 nisi
1254 514 1434 559 invitare
1456 523 1500 558 et

117 582 332 628 adducere
368 583 509 628 bonos
531 592 576 628 et
594 582 730 628 malos
753 601 763 628 ι
788 584 932 628 videte
970 585 1071 644 quia
1103 600 1192 630 non
1213 584 1380 629 dictum
1404 593 1495 629 est:

115 653 510 700 Consideraverunt
542 655 654 699 servi
690 652 1041 710 discumbentes,
1076 664 1119 699 et
1148 655 1204 699 ibi
1237 655 1500 700 invenerunt

116 724 336 769 hominem
351 739 440 769 non
461 724 697 769 habentem
716 732 878 769 vestem
892 724 1150 783 nuptialem,
1166 735 1210 770 et
1223 725 1425 769 dixerunt
1441 725 1495 769 ei.

114 797 213 841 Non
234 796 317 839 hoc
339 795 550 854 scriptum
573 804 651 840 est.
688 793 999 840 Paterfamilias
1021 796 1230 855 inspexit,
1250 795 1499 856 paterfami-

113 865 193 910 lias
206 866 388 921 invenit,
406 865 713 924 paterfamilias
727 865 938 921 distinxit,
950 866 1258 926 paterfamilias
1268 867 1495 926 separavit.

115 938 210 980 Hoc
241 936 420 996 quidem
442 936 798 995 praetereundum
831 936 1041 981 nonfuit.
1073 937 1206 981 Aliud
1234 946 1378 982 autem
1398 952 1501 996 pro-

115 1005 218 1050 bare
239 1007 530 1065 suscepimus,
559 1006 782 1066 quomodo
814 1005 943 1050 multi
973 1015 1115 1051 essent
1137 1006 1211 1051 ille
1232 1023 1361 1051 unus.
1387 1027 1408 1049 «
1427 1011 1500 1051 In-

116 1095 137 1118 »
171 1078 302 1122 travit
334 1091 435 1135 ergo
466 1076 774 1136 paterfamilias
813 1077 1024 1136 inspicere
1067 1078 1414 1133 discumbentes,
1458 1087 1501 1122 et

115 1165 136 1189 »
172 1147 340 1192 invenit
360 1147 583 1191 hominem
603 1162 695 1192 non
714 1147 951 1191 habentem
972 1156 1137 1192 vestem
1159 1147 1399 1207 nuptialem
1427 1167 1435 1192 :
1457 1158 1501 1193 et

115 1235 135 1259 »
172 1218 231 1262 ait
252 1217 315 1261 illi
343 1236 352 1262 2
379 1218 529 1262 Amice
546 1253 557 1273 ,
581 1217 804 1278 quomodo
825 1218 913 1262 huc
934 1218 1090 1262 venisti
1111 1233 1201 1262 non
1222 1218 1387 1263 habens
1405 1234 1500 1263 ves-

114 1305 135 1329 »
170 1295 260 1331 tem
278 1287 552 1346 nuptialem?
575 1291 632 1331 At
660 1287 733 1330 ille
764 1287 1028 1332 obmutuit2.
1052 1306 1072 1328 »
1097 1287 1208 1331 Talis
1231 1288 1347 1332 enim
1365 1289 1501 1333 inter-

113 1357 295 1415 rogabat
312 1391 322 1411 ‚
347 1357 419 1401 cui
441 1357 514 1400 ille
532 1358 695 1415 fingere
726 1356 834 1400 nihil
862 1367 1047 1415 poterat.
1074 1358 1213 1402 Vestis
1243 1359 1406 1417 quippe
1427 1358 1501 1403 illa

113 1426 159 1469 in
195 1424 352 1480 corde,
391 1440 481 1470 non
517 1425 563 1469 in
593 1439 721 1469 carne
754 1425 1096 1484 inspiciebatur:
1122 1442 1222 1486 quae
1244 1428 1278 1471 si
1315 1427 1501 1487 desuper

112 1494 264 1540 suisset
285 1495 439 1540 induta
456 1531 467 1551 ,
493 1496 623 1541 etiam
646 1495 775 1540 servis
797 1510 887 1540 non
909 1494 1059 1540 fuisset
1081 1497 1312 1541 occultata.
1340 1498 1424 1542 Ubi
1446 1499 1501 1543 sit

111 1566 335 1612 induenda
364 1567 491 1611 vestis
519 1566 726 1626 nuptialis
744 1601 754 1620 ,
780 1566 988 1624 accipite,
1013 1567 1090 1610 ubi
1111 1566 1338 1626 loquitur:
1373 1587 1393 1610 «
1421 1571 1499 1614 Sa-

116 1655 136 1679 »
171 1636 368 1682 cerdotes
402 1638 466 1681 tui
500 1636 742 1680 induantur
769 1635 1027 1695 justitiam3.
1052 1653 1073 1676 »
1106 1639 1169 1680 De
1186 1652 1234 1680 ea
1257 1646 1373 1681 veste
1395 1638 1500 1683 dicit

112 1708 347 1767 Apostolus
366 1726 373 1751 :
396 1726 415 1749 «
440 1708 482 1752 Si
504 1702 651 1751 tamen
670 1705 831 1761 induti,
853 1715 896 1751 et
912 1721 1002 1751 non
1022 1705 1130 1750 nudi
1147 1707 1421 1752 inveniamur
1435 1710 1496 1752 ⁴.»

113 1780 230 1836 Ergo
253 1779 457 1822 inventus
485 1786 548 1821 est
570 1793 593 1820 a
615 1776 803 1821 Domino
826 1776 904 1836 qui
931 1791 1074 1821 servos
1101 1775 1280 1821 latebat.
1308 1780 1501 1824 Interro-

115 1856 239 1906 gatus
267 1846 527 1892 obtumescit
560 1864 568 1889 :
594 1846 774 1902 ligatur,
800 1845 1050 1903 projicitur,
1075 1846 1310 1891 damnatur
1340 1863 1453 1893 unus
1476 1866 1499 1893 a

114 1916 276 1961 multis.
302 1917 501 1970 Domine,
527 1913 736 1969 dixeram,
758 1914 860 1973 quia
882 1923 930 1958 tu
953 1914 1160 1959 admones
1177 1931 1326 1961 omnes
1348 1917 1500 1964 admo-

116 2003 234 2032 nere.
252 1986 447 2031 Recolite
461 2000 635 2030 mecum
650 1985 784 2029 verba
801 1999 901 2044 quae
919 1983 1114 2040 audistis,
1129 1994 1172 2029 et
1190 1986 1350 2032 multos
1368 1987 1500 2034 fuisse

118 2074 259 2103 unum
289 2058 415 2102 illum
446 2056 578 2102 modo
612 2056 862 2111 invenietiS‚
903 2055 1035 2101 modo
1059 2056 1326 2116 judicabitis
1354 2062 1500 2104 Unum

119 2138 234 2174 certe
254 2128 594 2186 interrogaverat
612 2125 842 2181 Dominus,
858 2127 936 2171 uni
956 2125 1121 2171 dixerat
1142 2147 1150 2172 :
1171 2129 1373 2185 «Amice,
1390 2146 1502 2190 quo=

40 2222 57 2230 ,.
121 2219 141 2242 »
178 2198 308 2243 modo
345 2199 433 2242 huc
469 2198 669 2242 intrasti?
702 2215 722 2238 »
760 2199 880 2242 Unus
908 2198 1214 2254 obmutuerat,
1251 2208 1294 2243 et
1326 2200 1379 2243 de
1406 2203 1499 2260 ipso

0 2255 14 2295 l·
44 2263 62 2314 i·
119 2285 208 2314 uno
230 2269 397 2313 dictum
413 2266 555 2312 fuerat
578 2284 590 2311 .·
618 2286 637 2309 «
664 2267 813 2325 Ligate
833 2267 895 2310 illi
917 2282 1070 2311 manus
1097 2277 1140 2312 et
1158 2268 1311 2327 pedes,
1332 2279 1374 2314 et
1396 2272 1500 2316 mit-

0 2342 14 2367 ;:
41 2357 59 2384 s
122 2359 142 2382 »
178 2341 254 2384 tite
276 2339 401 2383 illum
424 2339 469 2382 in
488 2338 688 2382 tenebras
711 2338 941 2382 exteriores
969 2357 976 2381 2
1008 2338 1070 2381 ibi
1088 2338 1169 2382 erit
1187 2339 1313 2384 fletus
1335 2350 1378 2386 et
1398 2344 1501 2387 strim-

0 2411 16 2439 )·
44 2429 58 2452 Ἰε
123 2429 144 2452 »
180 2411 257 2454 dor
279 2409 475 2455 dentium
493 2411 523 2453 ⁵.
549 2427 569 2450 »
591 2410 734 2461 Quare
752 2409 836 2453 hoc
850 2411 868 2452 P
884 2427 903 2450 «
924 2408 1053 2453 Multi
1081 2409 1195 2453 enim
1217 2420 1318 2456 sunt
1340 2414 1496 2469 vocati,

0 2480 16 2509 ss]

171 2515 178 2530 ¹
201 2508 411 2545 Matt11.xx11,
433 2519 482 2539 11.
504 2523 545 2530 ——
566 2513 577 2529 ²
598 2506 678 2539 lbid.
701 2515 749 2539 12.
768 2524 807 2530 -ω
822 2505 835 2530 3
855 2506 934 2539 Psal.
959 2518 1064 2548 cxxxi,
1083 2519 1114 2548 9,
1136 2525 1176 2530 —
1194 2508 1209 2535 4
1227 2517 1245 2542 2
1265 2512 1335 2543 Cor.
1356 2521 1387 2553 v,
1408 2512 1438 2544 3,
1460 2529 1500 2535 ..-

0 2562 12 2579 7
52 2582 58 2585 »
124 2560 275 2595 ὒΜαῐιίι.
295 2573 371 2603 xxii,
402 2563 450 2594 13.
