1898 3178
393 246 476 284 614
814 259 848 287 8.
885 258 1115 287 AUGUSTINI
1147 259 1328 287 EPISCOPI

451 327 508 369 II.
537 325 579 370 Si
607 340 737 384 ergo,
774 325 925 370 fratres
958 325 1066 380 mei,
1094 325 1234 382 granis
1264 324 1437 384 loquor,
1469 324 1502 367 si
1529 334 1770 383 agnoscunt

388 395 508 454 quod
530 396 627 439 dico
641 430 652 450 ,
682 394 976 454 praedestinati
996 395 1041 438 in
1059 395 1192 438 vitam
1214 404 1419 438 aeternam
1434 429 1444 448 ,
1474 395 1678 453 operibus
1701 394 1769 439 lo-

389 474 602 524 quantur,
635 480 724 509 non
762 465 958 509 vocibus.
995 464 1202 522 Cogimur
1233 464 1356 524 loqui
1384 463 1505 508 vobis
1536 463 1656 523 quod
1681 479 1770 509 non

389 535 633 578 debuimus.
662 536 862 579 Invenire
883 535 998 579 enim
1021 535 1067 578 in
1087 534 1208 579 vobis
1232 533 1462 579 debuimus
1483 533 1604 594 quod
1624 533 1771 579 lauda-

387 619 552 658 remus,
584 619 674 648 non
711 620 909 664 quaerere
939 604 1060 665 quod
1094 604 1442 648 admoneremus.
1483 607 1596 648 Ecce
1623 613 1771 648 tamen

387 674 576 718 breviter
613 673 734 729 dico,
772 690 861 719 non
893 676 1115 719 immoror.
1148 674 1378 731 Agnoscite
1407 673 1766 733 hospitalitatem,

387 759 466 803 per
499 744 612 788 hanc
643 754 903 804 perventum
933 754 997 788 est
1029 744 1085 788 ad
1116 747 1270 788 Deum.
1310 744 1498 803 Suscipis
1530 744 1766 802 hospitem,

386 815 509 873 cujus
534 824 576 858 et
594 824 642 859 tu
665 831 708 859 es
730 831 873 860 comes
895 816 940 860 in
962 816 1028 859 via
1047 816 1173 874 :quia
1197 829 1346 859 omnes
1368 815 1582 873 peregrini
1603 830 1766 860 sumus.

387 887 484 943 Ipse
507 894 570 929 est
591 886 858 930 Christianus
874 921 885 941 ,
911 886 987 946 qui
1010 895 1053 929 et
1081 886 1127 928 in
1149 884 1280 929 domo
1302 900 1377 928 sua
1401 895 1444 929 et
1465 885 1510 928 in
1533 886 1669 944 patria
1694 900 1770 929 sua

385 957 661 1014 peregrinum
683 972 726 1000 se
748 971 837 1000 esse
859 957 1094 1015 cognoscit.
1125 956 1267 999 Patria
1295 955 1411 998 enim
1433 964 1577 1000 nostra
1599 970 1770 999 sursum

387 1035 449 1069 est
465 1060 476 1077 ,
500 1026 562 1069 ibi
587 1026 774 1084 hospites
793 1042 882 1071 non
899 1027 1072 1070 erimus.
1099 1028 1207 1071 Nam
1223 1026 1524 1086 unusquisque
1546 1027 1616 1069 hic
1631 1060 1642 1080 ,
1661 1034 1704 1069 et
1724 1026 1770 1068 in

387 1095 518 1139 domo
540 1111 616 1139 sua
634 1096 788 1155 hospes
806 1106 883 1140 est.
911 1096 952 1140 Si
971 1112 1059 1140 non
1073 1106 1136 1140 est
1148 1097 1318 1155 hospes,
1334 1112 1424 1140 non
1438 1096 1540 1140 inde
1564 1105 1765 1141 transeat.

390 1166 432 1210 Si
455 1167 714 1211 transiturus
734 1177 826 1221 est,
854 1167 1008 1225 hospes
1031 1176 1107 1210 est.
1130 1169 1226 1211 Non
1249 1182 1292 1210 sc
1321 1166 1468 1221 fallat,
1494 1167 1648 1226 hospes
1669 1176 1733 1211 est
1757 1183 1765 1207 :

385 1236 488 1280 velit
510 1236 637 1291 nolit,
658 1238 811 1296 hospes
834 1246 910 1281 est.
939 1237 1022 1281 Sed
1035 1236 1215 1280 dimittit
1231 1235 1349 1280 illam
1362 1237 1541 1281 domum
1554 1236 1651 1281 filiis
1663 1237 1765 1291 suis,

384 1307 539 1366 hospes
556 1308 813 1367 hospitibus.
840 1309 1010 1361 Quare?
1031 1317 1075 1351 et
1102 1308 1146 1351 in
1167 1306 1339 1351 stabulo
1358 1308 1392 1352 si
1415 1323 1545 1363 esses,
1572 1323 1660 1352 non
1684 1307 1768 1352 alio

383 1378 583 1422 veniente
602 1379 871 1424 discederes?
895 1382 986 1423 Hoc
1007 1378 1110 1423 facis
1130 1389 1173 1423 et
1189 1381 1234 1422 in
1257 1379 1389 1423 domo
1411 1388 1500 1422 tua.
1527 1379 1662 1423 Cessit
1688 1379 1768 1423 tibi

385 1447 527 1493 locum
548 1458 670 1508 pater
692 1459 815 1505 tuus,
849 1465 1048 1493 cessurus
1072 1465 1114 1492 es
1135 1448 1282 1493 locum
1300 1448 1396 1492 filiis
1420 1449 1518 1494 tuis.
1544 1452 1632 1495 Nec
1649 1465 1770 1494 man-

383 1533 508 1562 surus
526 1534 686 1574 manes,
710 1535 789 1564 nec
805 1520 1018 1564 mansuris
1038 1518 1270 1579 relinques.
1294 1520 1336 1564 Si
1351 1535 1500 1563 omnes
1518 1520 1765 1575 transimus,

383 1587 547 1648 aliquid
569 1590 689 1648 quod
710 1590 892 1633 transire
912 1605 1001 1633 non
1020 1598 1165 1647 potest
1186 1605 1416 1648 operemur
1436 1606 1444 1631 :
1474 1599 1524 1634 ut
1537 1605 1638 1634 cum
1655 1599 1767 1635 tran-

385 1659 600 1713 sierimus,
640 1669 683 1704 et
704 1659 779 1704 illo
800 1660 1046 1705 venerimus
1072 1658 1190 1704 unde
1212 1676 1302 1705 non
1323 1670 1590 1705 transeamus
1605 1695 1616 1715 ‚
1637 1676 1767 1721 opera

383 1739 529 1773 nostra
557 1730 673 1774 bona
705 1730 764 1774 ibi
799 1731 1084 1774 inveniamus.
1120 1732 1276 1775 Custos
1304 1741 1368 1776 est
1398 1732 1622 1787 Christus,
1659 1731 1766 1792 quid

383 1800 506 1844 times
533 1815 587 1844 ne
609 1800 762 1860 perdas
783 1801 903 1861 quod
920 1801 1312 1859 erogas?Conversi
1332 1801 1388 1846 ad
1409 1802 1661 1857 Dominum,
1679 1811 1761 1846 etc.

824 1946 871 1991 E
876 1955 894 1991 t
912 1956 1024 2006 post
1039 1963 1322 1992 sermonem.

437 2093 566 2146 Quod
587 2093 709 2137 novit
729 2093 926 2138 Charitas
949 2096 1116 2148 Vestra,
1140 2094 1425 2152 suggerimus.
1447 2094 1545 2138 Dies
1567 2095 1763 2139 anniver-

379 2164 511 2207 sarius
534 2163 817 2208 ordinationis
835 2163 985 2208 domni
1005 2165 1113 2208 senis
1130 2163 1290 2208 Aurelii
1308 2164 1517 2208 crastinus
1532 2163 1758 2217 illucescit,

376 2243 498 2292 rogat
516 2244 559 2278 et
581 2234 789 2279 admonet
810 2250 886 2294 per
903 2235 1194 2279 humilitatem
1212 2250 1350 2278 meam
1369 2235 1635 2280 Charitatem
1660 2238 1762 2280 Ves-

376 2312 485 2347 tram
502 2339 512 2358 ‚
538 2314 586 2348 ut
608 2305 663 2349 ad
686 2304 907 2349 basilicam
940 2305 1087 2349 Fausti
1113 2305 1387 2350 devotissime
1408 2305 1640 2350 convenire
1660 2304 1756 2363 dig-

375 2375 554 2420 nemini.
582 2378 672 2420 Deo
690 2375 861 2434 gratias.

1893 1186 1898 1212 ι’

1893 1256 1898 1283 1

1894 1315 1898 1353 1

1890 1397 1898 1423 t

1890 1472 1898 1492 A)

1887 1539 1898 1567 ἶ

1885 1610 1897 1637 n

1884 1682 1890 1709 [
