1898 3178
405 256 543 285 smnio
574 258 667 295 mv,
702 258 755 284 DE
791 257 933 285 vEnms
965 259 1058 285 Luc.
1096 259 1139 285 x.
1383 248 1465 287 569

86 324 226 367 latur?
237 322 452 379 numquid
465 321 607 366 adhuc
624 323 915 382 crucifigitur?
928 322 1146 384 numquid
1159 323 1302 368 adhuc
1318 324 1466 369 lancea

85 394 363 437 vulneratur?
377 393 602 436 Transivit.
619 394 815 452 Denique
828 394 1166 453 etEvangelium
1181 395 1240 439 sic
1252 394 1462 454 loquitur,

85 463 262 524 quando
278 464 440 507 Pascha
453 461 558 507 fecit
573 478 673 507 cum
695 464 923 524 Discipulis
941 466 1040 509 suis.
1059 465 1171 519 Quid
1201 465 1305 510 dicit
1322 469 1468 511 Evan-

87 534 273 592 gelium?
294 535 440 578 «Cum
457 542 600 577 autem
624 535 809 578 venisset
829 537 952 590 hora,
977 545 1026 580 ut
1051 539 1172 581 Jesus
1191 537 1388 581 transiret
1410 538 1465 581 de

86 623 107 646 »
135 605 218 649 hoc
235 603 402 648 mundo
424 604 479 648 ad
502 606 707 648 Patrem1.
723 622 743 645 »
764 607 879 664 Ergo
897 605 969 650 ille
985 606 1202 662 transivit,
1220 616 1269 651 ut
1285 616 1430 666 pascat
1450 622 1459 648 :

86 689 164 719 nos
185 689 434 734 sequamur,
458 683 509 719 ut
529 689 772 734 pascamur.

86 846 615 863 WWUWWWWMMWWMMM

1253 847 1460 863 mmmm

561 985 790 1032 SERMO
837 986 942 1033 CIV
968 987 999 1032 ².

88 1145 266 1189 Rursus
289 1145 337 1189 in
359 1143 482 1190 illud
498 1145 762 1207 Evangelii
778 1146 894 1191 Luc.
922 1165 973 1201 x,
1005 1144 1086 1190 aba·
1106 1144 1165 1189 cle
1184 1143 1390 1190 Martha
1421 1154 1465 1189 et

681 1215 743 1260 Μ
742 1217 867 1259 aria.

142 1373 177 1414 Ι.
207 1372 411 1415 SANCTUM
443 1371 731 1430 Evangelium
764 1387 868 1416 cum
897 1372 1136 1430 legeretur,
1169 1372 1412 1416 audivimus
1445 1387 1468 1416 a

80 1441 261 1485 foemina
275 1440 469 1499 religiosa
485 1450 733 1499 susceptum
749 1457 836 1485 esse
854 1442 1090 1485 Dominum
1104 1441 1308 1500 hospitio,
1330 1456 1467 1501 eaque

80 1511 252 1555 Martha
273 1511 524 1555 vocabatur.
564 1513 622 1555 Et
653 1526 753 1555 cum
787 1520 896 1554 esset
925 1512 1015 1569 ipsa
1049 1520 1260 1569 occupata
1294 1511 1339 1554 in
1364 1527 1467 1555 cura

80 1580 375 1635 ministrandi,
408 1595 528 1625 soror
551 1582 644 1640 ejus
667 1581 802 1624 Maria
828 1579 1008 1623 sedebat
1042 1579 1095 1624 ad
1119 1580 1253 1639 pedes
1270 1582 1465 1635 Domini,

80 1658 123 1694 et
144 1650 350 1694 audiebat
371 1651 556 1694 verbum
591 1651 698 1709 ejus.
739 1648 986 1693 Laborabat
1012 1648 1087 1692 illa
1103 1683 1114 1703 ,
1140 1650 1324 1693 vacabat
1352 1651 1432 1694 ista
1455 1669 1463 1694 :

81 1719 155 1764 illa
178 1721 412 1779 erogabat,
443 1721 537 1765 haec
564 1720 842 1780 implebatur.
869 1722 1180 1764 Verumtamen
1207 1720 1377 1765 Martha
1399 1720 1466 1765 la-

81 1790 239 1834 borans
260 1790 450 1834 multum
467 1791 511 1834 in
528 1789 603 1834 illa
618 1790 903 1849 occupatione
921 1797 964 1833 et
983 1788 1157 1846 negotio
1175 1789 1462 1845 ministrandi,

80 1860 374 1919 interpellavit
397 1861 633 1904 Dominum
649 1895 660 1915 ,
696 1869 739 1903 et
768 1860 824 1903 de
846 1874 991 1904 sorore
1016 1874 1091 1903 sua
1114 1869 1350 1920 conquesta
1374 1870 1462 1915 est,

81 1930 201 1989 quod
222 1945 318 1974 eam
333 1930 606 1974 laborantem
626 1945 715 1973 non
738 1930 976 1989 adjuvaret.
1002 1929 1210 1973 Dominus
1224 1938 1368 1973 autem
1385 1946 1465 1989 pro

80 2000 216 2044 Maria
239 1999 464 2058 respondit
484 1999 668 2044 Marthae
687 2020 698 2056 3
729 2008 772 2043 et
799 1999 889 2057 ipse
911 2000 1000 2058 ejus
1030 1999 1170 2043 factus
1193 2008 1256 2043 est
1278 1998 1463 2045 advoca-

81 2080 172 2125 tus,
217 2071 293 2130 qui
325 2069 459 2130 judex
488 2069 631 2115 fuerat
663 2070 978 2128 interpellatus.
1016 2089 1036 2112 «
1062 2071 1257 2124 Martha,
1293 2071 1460 2130 inquit,

84 2160 105 2183 »
131 2142 243 2186 circa
260 2140 398 2185 multa
416 2156 459 2185 es
477 2150 686 2200 occupata
703 2176 714 2196 ,
737 2139 914 2200 quando
928 2155 1066 2184 unum
1084 2149 1145 2184 est
1160 2141 1461 2185 necessarium.

85 2230 106 2253 »
130 2211 265 2256 Maria
286 2210 511 2255 meliorem
532 2220 700 2270 partem
730 2210 857 2268 elegit
874 2245 884 2265 ,
921 2225 1021 2269 quae
1050 2225 1140 2254 non
1167 2209 1386 2254 auferetur
1409 2210 1463 2254 ab

85 2300 107 2323 »
132 2297 182 2326 ea
196 2283 227 2325 3.
260 2300 280 2323 »
310 2281 569 2326 Audivimus
603 2282 718 2325 enim
749 2290 792 2325 et
829 2279 1219 2339 interpellationem
1254 2280 1462 2339 interpel-

82 2351 237 2407 lantis,
257 2361 300 2396 et
331 2353 591 2396 sententiam
607 2351 782 2411 judicis.
814 2353 921 2404 Quae
944 2351 1154 2395 sententia
1173 2349 1464 2409 interpellanti

82 2421 308 2481 respondit
322 2456 333 2476 ,
365 2432 608 2481 susceptam
630 2421 841 2466 defendit.
882 2424 984 2465 Erat
1007 2422 1121 2464 enim
1142 2421 1277 2465 Maria
1298 2421 1463 2465 intenta

84 2490 303 2535 dulcedini
332 2492 454 2535 verbi
492 2491 680 2536 Domini.
720 2494 891 2535 Intenta
920 2499 1010 2534 erat
1037 2491 1206 2534 Martha
1240 2490 1462 2550 quomodo

133 2592 142 2608 ¹
164 2587 256 2618 Joan.
275 2595 344 2628 xm,
366 2597 393 2617 1.
410 2603 450 2609 —
475 2594 487 2609 ²
504 2587 585 2618 Alias
604 2595 643 2628 25
663 2586 702 2618 de
721 2586 827 2618 verbis
840 2586 974 2619 Domini.
991 2602 1032 2609 —
1050 2584 1062 2608 3
1081 2587 1155 2618 Luc.
1178 2597 1209 2628 x,
1229 2585 1348 2628 41-43.
