1898 3178
330 301 468 328 sermo
499 298 643 337 xzvn,
678 298 732 325 DE
765 297 914 326 ovmus
946 299 991 328 m
1023 300 1169 328 Eznen.
1400 290 1456 329 69

74 383 242 414 servare
269 365 390 427 quod
425 365 568 425 jubet.
612 383 632 407 «
661 366 717 409 Et
756 380 919 424 ponam
953 367 1004 411 ad
1039 382 1110 413 eos
1151 375 1458 412 testamentum

75 457 97 480 n
132 438 265 498 pacis.
291 454 312 477 »

131 509 299 552 XXIII.
323 524 342 548 «
366 508 424 550 Et
441 505 737 550 exterminabo
760 505 915 549 bestias
937 506 1071 551 malas
1091 523 1115 551 a
1137 510 1292 552 terra1.
1315 525 1337 549 »
1357 509 1461 555 Bes-

71 581 172 634 tias,
208 579 352 622 hostes
385 576 631 621 testamenti
657 576 788 635 pacis.
830 579 892 620 De
924 576 1013 620 istis
1049 577 1195 622 bestiis
1227 579 1386 625 dicitur
1413 581 1460 625 in

72 649 269 695 Psalmo:
288 667 308 691 «
323 650 505 707 Increpa
521 645 632 691 feras
651 646 848 692 calami2.
870 664 890 687 »
908 646 1026 700 Quid
1047 657 1131 703 est,
1152 649 1262 694 seras
1275 649 1462 696 calami?

57 721 234 765 -Bestias
256 720 517 764 adversarias
534 727 694 763 sanctae
713 719 962 777 Scripturae,
979 719 1082 778 quia
1099 719 1266 765 calamo
1289 722 1459 781 scriptae

71 801 186 836 sunt.
217 809 238 833 «
260 790 574 834 Exterminabo
592 790 750 834 bestias
767 789 900 834 malas
919 806 943 834 a
963 799 1077 834 terra
1103 809 1112 834 :
1135 800 1178 835 et
1194 792 1461 838 habitabunt

53 861 94 904 '»
129 861 175 906 in
197 875 342 906 eremo
371 861 418 904 in
440 875 530 920 spe.
558 859 718 913 »Quid
740 869 824 916 est,
847 879 868 902 «
902 861 948 904 in
979 862 1155 905 eremo?
1174 878 1195 902 »
1226 865 1278 906 In
1305 862 1460 908 solitu-

71 931 188 976 dine.
209 930 327 984 Quid
341 939 420 986 est,
439 931 484 974 in
500 929 734 975 solitudine
751 932 769 974 Ρ
789 933 912 975 Intus
932 930 978 974 in
1001 931 1282 977 conscientia.
1299 935 1462 991 Magna

69 1000 275 1057 solitudo,
296 1016 385 1061 qua
405 1014 494 1045 non
516 1000 658 1045 solum
680 1000 828 1044 nullus
845 1001 1077 1046 hominum
1095 1002 1266 1057 transit,
1286 1003 1362 1046 sed
1379 1018 1460 1048 nec

67 1071 202 1117 videt.
228 1072 296 1115 Ibi
317 1072 565 1115 habitemus
586 1071 632 1114 in
655 1086 731 1130 spe
748 1105 759 1126 ,
784 1071 885 1130 quia
908 1072 1107 1116 nondum
1122 1072 1169 1117 in
1191 1087 1250 1116 re.
1282 1074 1460 1118 Etenim

70 1150 212 1186 totum
234 1142 355 1201 quod
377 1141 480 1186 loris
501 1151 565 1185 est
585 1150 784 1185 nostrum
805 1175 816 1195 ,
846 1141 1032 1185 fluctuat
1056 1142 1386 1200 tempestatibus
1415 1153 1459 1187 et

65 1212 380 1257 tentationibus
392 1211 553 1255 saeculi.
567 1213 645 1254 Est
656 1210 835 1254 interior
847 1225 1017 1255 eremus
1032 1245 1043 1266 ,
1054 1211 1125 1255 ⁴ibi
1139 1212 1458 1271 interrogemus

66 1283 199 1327 fidem
219 1291 413 1327 nostram
429 1304 440 1340 3
459 1282 839 1341 interrogemus,si
861 1291 925 1326 est
946 1283 1131 1327 charitas
1154 1284 1272 1329 intus
1289 1286 1457 1333 :videa-

64 1369 176 1409 mus,
194 1354 228 1397 si
250 1369 338 1397 non
356 1353 472 1397 labia
489 1361 661 1408 sonant,
673 1353 749 1415 sed
761 1361 804 1397 et
816 1363 982 1412 pectus,
995 1353 1326 1400 cumssdicimus:
1342 1375 1362 1399 «
1377 1359 1456 1402 Di-

67 1441 87 1466 »
112 1424 236 1468 mitte
253 1424 380 1467 nobis
398 1423 547 1469 debita
560 1433 722 1479 nostra,
739 1424 852 1469 sicut
864 1433 906 1469 et
917 1440 998 1470 nos
1014 1424 1272 1471 dimittimus
1287 1424 1458 1474 debito·

67 1496 87 1538 ›'›
113 1496 231 1540 ribus
255 1495 452 1539 nostrisss.
467 1512 488 1536 »
513 1495 556 1540 Si
582 1510 734 1540 verum
753 1505 900 1551 sonat,
922 1496 956 1540 si
978 1511 1133 1541 verum
1151 1496 1355 1554 dicimus,
1377 1501 1456 1545 ubi

63 1581 191 1611 nemo
207 1566 437 1610 hominum
452 1566 586 1621 videt,
606 1566 668 1609 ibi
686 1576 750 1611 est
767 1582 953 1623 eremus,
978 1567 1056 1611 ubi
1079 1568 1389 1628 requiescimus
1401 1572 1454 1616 in

60 1653 135 1697 spe
151 1658 161 1695 3
176 1637 278 1698 quia
302 1637 452 1682 transit
479 1638 574 1681 haec
599 1637 738 1682 omnis
759 1637 986 1682 tribulatio
1004 1658 1016 1695 '⁷
1033 1647 1076 1682 et
1098 1653 1199 1698 quae
1222 1655 1318 1698 spes
1340 1650 1449 1697 erat,

60 1709 135 1752 fiet
152 1723 218 1752 res
234 1743 244 1762 ,
270 1717 313 1751 et
332 1707 412 1751 erit
433 1711 800 1752 totum‘nostrum
822 1708 869 1752 in
895 1709 1060 1768 requie.
1088 1710 1112 1751 J
1116 1723 1187 1752 am
1225 1712 1449 1769 conspicui

59 1776 185 1824 nobis
204 1779 363 1822 erimus
375 1799 386 1836 3
404 1787 447 1822 et
460 1793 552 1823 non
565 1779 646 1823 erit
659 1779 750 1823 ovis
764 1788 975 1839 tanquam
988 1780 1258 1837 abscondita,
1280 1783 1447 1839 cogita-

59 1850 138 1907 tio;
152 1858 195 1893 et
212 1864 301 1894 non
323 1849 404 1893 erit
417 1863 586 1893 eremus
608 1849 892 1894 conscientia:
909 1869 929 1892 «
954 1851 1064 1903 Quia
1079 1866 1228 1896 omnes
1249 1851 1332 1897 sibi
1352 1854 1447 1898 noti

61 1937 83 1962 »
117 1929 261 1975 erunt,
284 1928 327 1964 et
348 1919 632 1979 cogitationes
651 1935 748 1965 suas
766 1921 936 1979 ignotas
952 1935 1043 1965 non
1063 1920 1292 1966 habebunt
1306 1956 1318 1976 ,
1343 1938 1446 1968 cum

61 2007 82 2032 »
115 1991 284 2035 venerit
305 1990 536 2047 Dominus,
566 2000 610 2036 et
630 1990 940 2035 illuminaverit
969 1990 1222 2036 abscondita
1243 1992 1447 2036 tenebra-

60 2077 82 2103 »
115 2076 236 2119 rum3
269 2069 312 2105 et
335 2061 631 2106 manifestabit
659 2061 942 2121 cogitationes
963 2062 1125 2118 cordis,
1157 2071 1201 2107 et
1223 2071 1330 2107 tunc
1350 2062 1445 2109 laus

59 2149 81 2173 »
115 2133 197 2176 erit
212 2131 450 2191 unicuique
467 2147 491 2177 a
507 2133 639 2176 Deo4.
656 2150 678 2174 »
699 2134 826 2179 Nunc
847 2148 950 2178 vero
971 2131 1091 2178 vides
1112 2132 1223 2179 duos
1242 2134 1443 2179 homines

56 2202 102 2247 in
124 2203 424 2259 tribulatione,
439 2219 514 2249 cor
534 2205 728 2264 ipsorum
744 2204 890 2251 videre
912 2221 1002 2251 non
1017 2215 1154 2266 potes.
1176 2208 1308 2252 Forte
1329 2207 1440 2251 alius

0 2269 28 2305 Μ’
56 2274 316 2319 conscientia
347 2275 587 2332 mordetur,
619 2276 728 2327 alius
756 2277 802 2321 in
830 2277 1107 2333 conscientia,
1142 2286 1354 2337 tanquam
1393 2278 1440 2322 in

0 2341 28 2377 ¹s¹
55 2358 199 2389 eremo
214 2347 233 2400 ,'
256 2345 502 2405 requiescit.
532 2364 553 2388 «
575 2348 633 2390 Et
654 2347 919 2391 habitabunt
939 2347 986 2391 in
1013 2362 1158 2392 eremo
1188 2347 1233 2390 in
1259 2362 1334 2407 spe
1359 2365 1369 2392 z
1394 2356 1439 2392 et

0 2411 30 2440 Ν·
56 2430 78 2456 »
112 2429 316 2459 somnum
335 2415 582 2471 habebunt,
595 2434 617 2458 »
637 2416 683 2461 id
704 2425 783 2472 est,
795 2417 987 2477 quietem
1011 2426 1222 2477 tanquam
1243 2416 1438 2462 alienatis

0 2478 31 2512 ¹⁰⁰
55 2484 249 2529 sensibus
282 2484 336 2528 ab
358 2486 475 2529 omni
497 2486 680 2545 strepitu
708 2486 876 2543 saeculi,
901 2488 1017 2532 intus
1043 2486 1103 2530 ibi
1132 2487 1430 2547 requiescent,

65 2599 67 2601 >
99 2587 110 2603 ¹
126 2581 237 2613 Ezech.
265 2592 377 2622 xxxiv,
396 2582 450 2612 05.
466 2599 506 2605 --
527 2589 540 2605 2
562 2582 642 2613 psal.
663 2593 761 2625 txvn,
782 2584 835 2615 31.
857 2600 899 2606 —
918 2583 931 2607 3
950 2584 1061 2615 Mauh.
1080 2594 1126 2625 vi,
1151 2592 1201 2615 12.
1219 2600 1261 2605 —-
1282 2583 1296 2612 4
1319 2595 1330 2615 ῐ
1352 2585 1428 2615 Cor.

64 2645 100 2676 v,
134 2637 165 2668 5.
