1898 3178
427 228 510 264 210
847 235 880 263 s.
916 235 1147 265 Ancusrmr
1179 238 1359 266 muscori

423 301 493 345 die
511 302 692 346 sentinae
713 301 1036 346 exhauriantur.
1065 302 1132 346 Sic
1150 311 1194 347 et
1214 312 1301 347 tuae
1320 317 1474 348 manus
1493 303 1736 359 ambulent,
1756 313 1806 348 ut

423 371 618 431 quotidie
635 371 837 416 sentines.
859 371 974 424 Quid
994 381 1083 427 est,
1109 372 1332 418 ambulent
1354 375 1540 418 manus?
1574 377 1687 418 Dent
1701 409 1712 429 ,
1736 374 1806 419 fac

419 457 551 502 opera
572 442 687 487 bona
702 475 713 497 ,
739 440 968 486 ambulent
988 457 1144 488 manus
1165 452 1268 488 tuae.
1293 446 1497 503 «Frange
1515 444 1719 488 esurienti
1734 459 1806 504 pa-

422 529 444 554 »
478 527 580 557 nem
601 521 746 567 tuum,
765 521 806 558 et
819 527 1006 572 egenum
1018 513 1110 558 sine
1125 522 1242 559 tecto
1259 513 1392 559 induc
1406 516 1452 559 in
1464 514 1645 560 domum
1657 524 1777 559 tuam
1793 533 1803 560 :

421 603 442 626 »
478 584 512 629 si
533 582 690 629 videris
706 583 894 641 nudum,
910 585 1085 631 vesti¹.»
1105 588 1192 631 Fac
1212 595 1429 647 quantum
1450 596 1588 646 potes,
1603 586 1674 631 fac
1689 586 1808 631 unde

419 663 543 714 potes
557 689 568 710 ,
593 652 662 700 fac
683 653 878 700 hilariter
891 691 902 712 ,
927 665 971 701 et
991 671 1167 702 securus
1184 657 1308 703 mitte
1329 657 1590 702 orationem.
1616 657 1807 702 Habebit

418 726 505 771 alas
527 725 651 782 duas,
674 726 866 786 geminas
882 726 1192 786 eleemosynas.
1212 727 1328 782 Quid
1340 737 1403 772 est
1416 728 1606 786 geminas
1624 728 1808 773 eleemo-

419 798 577 855 synas?
603 797 868 854 «Dimittite,
899 807 943 844 et
964 799 1209 844 dimittetur
1243 798 1387 856 vobis3
1411 799 1511 844 date
1526 835 1536 852 ,
1561 808 1605 844 et
1633 799 1808 843 dabitur

418 885 441 909 >›
474 868 598 913 vobis
611 872 672 913 2.»
691 870 789 913 Una
807 868 1081 928 eleemosyna
1093 879 1178 925 est,
1199 885 1298 930 quae
1318 870 1368 914 fit
1384 868 1439 914 de
1458 869 1606 926 corde,
1629 868 1808 930 quando

413 938 538 984 fratri
559 948 636 984 tuo
656 938 836 984 dimittis
851 950 1095 1000 peccatum.
1117 940 1265 986 Altera
1290 941 1568 1000 eleemosyna
1591 950 1680 997 est,
1706 956 1806 1001 quae

412 1010 463 1054 fit
483 1008 539 1055 de
557 1011 814 1067 substantia,
838 1010 1017 1071 quando
1038 1012 1218 1072 pauperi
1241 1027 1404 1072 panem
1417 1012 1619 1072 porrigis.
1643 1012 1807 1057 Ambas

414 1080 484 1125 fac
499 1115 510 1136 ‚
534 1096 591 1126 ne
612 1082 703 1126 sine
723 1097 813 1126 una
833 1081 900 1126 ala
927 1091 1150 1127 remaneat
1167 1082 1307 1127 oratio
1326 1092 1420 1127 tua.

466 1154 545 1197 XI.
580 1155 697 1213 Ergo
718 1169 821 1198 cum
837 1153 1072 1199 dixerimus
1093 1173 1103 1199 z
1130 1156 1228 1201 «Ne
1244 1169 1324 1199 nos
1338 1154 1499 1198 inferas
1520 1153 1567 1198 in
1598 1154 1805 1199 tentatio-

413 1242 435 1265 »
470 1239 571 1268 nem
588 1258 599 1280 ,
627 1241 649 1266 »
680 1225 878 1286 sequitur
911 1244 921 1270 ε
950 1224 1070 1270 «Sed
1095 1224 1233 1270 libera
1254 1241 1333 1270 nos
1354 1241 1379 1270 a
1402 1225 1534 1270 malo.
1559 1242 1580 1267 »
1607 1225 1689 1278 Qui
1712 1224 1808 1269 vult

412 1293 768 1350 liberariamalo,
788 1303 972 1339 testatur
992 1294 1094 1355 quia
1106 1295 1153 1339 in
1165 1294 1282 1340 malo
1303 1303 1383 1339 est.
1410 1295 1517 1339 Ideo
1540 1294 1647 1338 dicit
1664 1297 1809 1354 Apos-

416 1364 532 1410 tolus
562 1384 572 1410 :
602 1384 624 1408 «
644 1365 923 1410 Redimentes
944 1374 1141 1425 tempus,
1175 1365 1385 1425 quoniam
1406 1364 1498 1409 dies
1519 1365 1623 1409 mali
1645 1374 1749 1410 sunt
1771 1366 1803 1408 3.

413 1454 436 1478 »
459 1436 545 1481 Sed
562 1437 660 1497 quis
673 1445 737 1481 est
753 1438 830 1497 qui
845 1436 941 1482 vult
955 1437 1106 1492 vitam,
1122 1445 1165 1480 et
1178 1436 1319 1496 diligit
1330 1437 1476 1481 videre
1497 1437 1586 1481 dies
1602 1437 1805 1482 bonos⁴?»

413 1505 602 1559 Quando
615 1507 753 1552 omnis
773 1508 907 1552 homo
923 1507 970 1551 in
982 1507 1064 1552 hac
1087 1522 1216 1551 carne
1235 1522 1326 1551 non
1346 1507 1484 1551 habet
1503 1507 1587 1551 nisi
1604 1506 1695 1551 dies
1715 1522 1808 1551 ma-

413 1576 505 1622 los:
521 1578 618 1638 quis
633 1593 723 1623 non
739 1578 867 1623 vult?
889 1581 977 1622 Fac
998 1578 1120 1638 quod
1136 1578 1357 1638 sequitur:
1383 1578 1587 1623 «Cohibe
1607 1577 1806 1637 linguam

416 1665 439 1690 »
474 1656 596 1692 tuam
617 1664 642 1693 a
666 1647 799 1704 malo,
820 1657 864 1693 et
875 1647 989 1692 labia
1011 1657 1087 1693 tua
1107 1663 1163 1692 ne
1184 1647 1422 1708 loquantur
1437 1648 1588 1693 dolum
1604 1669 1616 1706 3
1634 1647 1806 1693 declina

413 1735 436 1759 »
472 1733 495 1761 a
517 1716 649 1774 malo,
669 1727 713 1762 et
729 1717 798 1762 fac
820 1718 1006 1777 bonum3
1020 1733 1167 1778 quaere
1182 1733 1351 1778 pacem,
1378 1727 1421 1762 et
1437 1733 1618 1779 sequere
1640 1720 1801 1763 eam⁵:»

397 1796 454 1833 “et
475 1789 647 1834 caruisti
664 1787 820 1833 diebus
841 1789 981 1846 malis,
1000 1797 1043 1834 et
1056 1788 1265 1849 impletur
1285 1789 1414 1850 quod
1437 1790 1593 1835 orasti:
1616 1789 1806 1834 «Libera

420 1875 440 1901 »
473 1875 552 1905 nos
573 1876 596 1905 a
614 1860 745 1905 malo.
769 1878 791 1902 »

472 1932 574 1975 XII.
612 1934 713 1975 Tres
734 1946 837 1991 ergo
864 1931 1094 1990 petitiones
1122 1931 1362 1990 superiores
1397 1946 1406 1971 ε
1445 1948 1467 1973 «
1491 1931 1804 1976 Sanctificetur

418 2019 439 2043 »
474 2016 636 2047 nomen
647 2010 774 2046 tuum
788 2022 798 2059 3
814 2002 971 2046 Veniat
988 2016 1171 2061 regnum
1195 2010 1321 2046 tuum
1339 2021 1349 2058 3
1371 2001 1467 2046 Fiat
1483 2001 1686 2046 voluntas
1707 2010 1799 2057 tua,
1869 2014 1875 2023 ‘

417 2091 438 2115 >›
473 2073 642 2118 sicutin
659 2072 788 2129 coelo,
806 2082 850 2117 et
861 2073 907 2117 in
918 2081 1032 2117 terra
1043 2081 1058 2131 ς
1071 2091 1091 2114 »
1117 2081 1290 2117 aeternae
1308 2081 1423 2117 sunt.
1442 2075 1641 2126 Quatuor
1656 2082 1804 2117 autem

413 2155 642 2206 sequentes
663 2144 718 2190 ad
744 2145 871 2190 istam
903 2145 1037 2190 vitam
1064 2145 1306 2204 pertinent.
1356 2163 1377 2187 «
1406 2148 1568 2189 Panem
1605 2154 1802 2190 nostrum

415 2234 436 2257 »
472 2216 778 2276 quotidianum
794 2215 850 2260 da
870 2215 996 2260 nobis
1018 2215 1166 2259 hodie.
1194 2233 1214 2256 »
1251 2216 1478 2276 Numquid
1500 2215 1696 2276 quotidie
1719 2229 1801 2275 pe-

415 2286 535 2331 tituri
557 2302 706 2331 sumus
727 2300 886 2346 panem
903 2285 1210 2346 quotidianum
1223 2320 1234 2340 ‚
1260 2285 1438 2345 quando
1460 2287 1515 2330 ad
1535 2285 1654 2330 illam
1672 2285 1800 2330 satie-

415 2365 549 2402 tatem
579 2359 857 2403 venerimus?
879 2376 899 2400 «
913 2357 1092 2402 Dimitte
1113 2357 1240 2401 nobis
1261 2356 1408 2401 debita
1431 2365 1602 2402 nostra:
1626 2375 1647 2398 »
1667 2371 1806 2400 num-⁴

415 2427 522 2487 quid
542 2429 589 2472 in
610 2429 686 2474 illo
708 2444 844 2489 regno
866 2427 1085 2484 dicemus,
1116 2426 1295 2488 quando
1329 2427 1479 2473 debita*
1502 2443 1592 2472 non
1614 2427 1799 2472 habebi·
1865 2407 1898 2490 ‘f

468 2532 474 2547 ¹
495 2525 564 2557 lsai.
583 2537 673 2567 tvm,
698 2538 730 2570 7.
751 2544 791 2549 —
811 2533 822 2549 ²
838 2527 916 2558 Luc.
937 2537 985 2567 w,
1003 2525 1102 2567 37³„
1127 2523 1140 2548 3
1156 2524 1269 2567 EpheS.
1292 2536 1324 2566 v,
1347 2524 1396 2556 16.
1416 2542 1455 2547 —
1471 2522 1486 2553 l.
1511 2524 1591 2558 Psal.
1610 2535 1722 2566 xxxin,
1746 2522 1796 2556 13.

413 2598 452 2604 —
475 2579 488 2603 5
507 2581 704 2622 Ιὺίἀ.14,ι5.
