1898 3178
316 241 455 270 smmo
486 240 638 279 xev111‚
674 241 727 269 DE
760 238 906 270 vznms
937 241 1030 270 Luc.
1066 242 1143 268 v11.
1334 229 1419 269 529

43 411 1417 432 mmmmmmmmmmmmmmmmmwu

469 542 699 589 SERMO
742 543 940 589 XCVIII
956 549 986 588 ¹.

41 700 117 747 De
136 699 292 747 verbis
313 701 576 765 Evangelii
593 701 736 748 Laooe
762 721 846 758 vn,
873 712 917 747 et
941 702 999 748 de
1029 702 1177 748 tribus
1199 705 1420 758 mortuis,

401 788 518 831 quos
539 772 775 818 Dominus
796 773 1056 818 suscitavit.

101 930 136 971 Ι.
162 929 389 972 Minoum
419 929 593 973 Domini
623 929 758 974 nostri
785 938 828 974 et
853 929 1084 974 Salvatoris
1105 930 1265 974 Christi
1295 932 1396 973 Jesu
1415 964 1425 983 ,

47 1012 196 1043 omnes
219 998 395 1058 quidem
425 999 648 1044 audientes
679 1010 721 1044 et
743 1001 969 1045 eredentes
998 1010 1198 1058 movent3
1230 1001 1306 1045 sed
1328 1000 1431 1044 alios

42 1077 172 1128 atque
197 1067 302 1114 alios
324 1069 447 1114 aliter
480 1078 522 1113 et
553 1068 690 1114 aliter.
721 1070 909 1123 Quidam
932 1072 1045 1114 enim
1075 1071 1314 1129 corporalia
1338 1071 1430 1129 ejus

41 1138 248 1184 miracula
269 1149 493 1199 stupentes
509 1175 519 1194 ,
543 1141 704 1200 majora
735 1141 894 1184 intueri
916 1156 1006 1185 non
1030 1150 1220 1185 norunt:
1250 1139 1429 1200 quidam

67 1224 142 1254 ero
163 1225 212 1253 ea
229 1225 329 1268 quae
351 1218 470 1268 gesta
491 1209 678 1254 audiunt
695 1210 740 1253 in
757 1210 1011 1269 corporibus
1023 1245 1033 1265 ‚
1051 1226 1171 1255 nunc
1184 1209 1368 1269 amplius
1387 1211 1431 1253 in

96 1279 192 1323 imis
233 1279 518 1324 admirantur.
560 1280 671 1323 Dicit
712 1281 801 1338 ipse
846 1280 1055 1324 Dominus
1077 1299 1084 1323 :
1115 1298 1134 1321 «
1158 1280 1280 1325 Sicut
1313 1281 1428 1323 enim

18 1373 28 1377 -
89 1353 215 1393 Pater
236 1349 414 1393 suscitat
445 1358 641 1394 mortuos
658 1384 668 1403 ‚
698 1357 740 1393 et
761 1349 972 1406 vivificat3
1004 1350 1063 1393 sic
1085 1359 1127 1394 et
1154 1349 1292 1394 Filius
1320 1366 1428 1410 quos

4 1455 8 1462 .
53 1437 64 1462 ›
88 1419 211 1475 vult,
235 1419 468 1465 vivificat2.
496 1436 516 1460 »
542 1422 639 1464 Non
660 1419 812 1479 utique
836 1419 941 1464 alios
965 1419 1122 1473 Filius,
1148 1419 1252 1464 alios
1272 1424 1427 1478 Patcr3

0 1508 13 1533 ic
62 1489 115 1534 ed
133 1489 307 1534 eosdem
327 1493 453 1533 Pater
470 1498 513 1533 et
535 1489 671 1533 Filius
692 1504 701 1530 z
723 1490 825 1548 quia
843 1490 989 1533 omnia
1008 1493 1134 1534 Pater
1149 1505 1226 1549 per
1248 1490 1425 1544 Filium.

77 1575 174 1605 emo
191 1574 293 1618 ergo
309 1559 482 1603 dubitet
501 1560 576 1618 qui
596 1559 867 1604 Christianus
892 1568 955 1603 est
969 1593 980 1614 ,
1009 1560 1138 1603 etiam
1164 1574 1283 1604 nunc
1305 1575 1423 1604 motu

0 1647 19 1676 ns
60 1645 138 1676 uos
155 1630 363 1675 suscitari.
399 1627 483 1673 Sed
502 1628 642 1673 omnis
659 1628 792 1672 homo
813 1628 947 1671 habet
973 1627 1123 1672 oculos
1141 1662 1152 1682 ‚
1178 1629 1339 1687 quibus
1365 1630 1428 1673 vi-

1 1703 21 1747 hi
73 1715 143 1744 ere
176 1709 317 1759 potest
349 1707 544 1743 mortuos
577 1702 799 1755 resurgere
835 1697 893 1740 ita
913 1731 924 1751 ‚
962 1705 1012 1740 ut
1044 1697 1277 1741 resurrexit
1314 1698 1428 1743 filius

72 1771 170 1832 ujus
190 1770 350 1824 viduae,
369 1770 444 1829 qui
459 1767 592 1813 modo
613 1783 665 1812 ex
682 1767 922 1826 Evangelio
939 1767 1142 1812 recitatus
1164 1777 1227 1812 est
1241 1769 1255 1793 3
1274 1783 1282 1809 t
1308 1768 1427 1812 unde

66 1850 186 1886 utem
203 1840 380 1886 videant
401 1840 597 1884 homines
618 1853 841 1897 resurgere
862 1846 1057 1882 mortuos
1085 1838 1131 1881 in
1156 1839 1309 1893 corde,
1335 1855 1426 1884 non

68 1926 190 1956 mnes
212 1911 402 1965 habent,
428 1909 510 1953 nisi
530 1909 608 1968 qui
623 1910 714 1968 jam
732 1916 1057 1951 resurrexerunt
1085 1907 1131 1951 in
1148 1907 1292 1952 corde.
1319 1911 1425 1953 Am-

70 1979 154 2025 lius
168 1989 231 2024 est
252 1980 504 2024 resuscitare
526 1993 694 2037 semper
716 1977 933 2022 victurum
951 2011 962 2032 ‚
981 1991 1113 2036 quam
1128 1978 1332 2022 suscitare
1343 1979 1425 2022 ite-

65 2066 138 2095 um
154 2050 430 2094 moriturum.

100 2125 160 2166 II.
182 2125 243 2165 De
260 2122 421 2181 juvene
442 2118 517 2163 illo
532 2118 782 2163 resuscitato
801 2118 943 2176 gavisa
960 2127 1024 2162 est
1040 2127 1177 2163 mater
1193 2118 1325 2164 vidua
1343 2140 1350 2164 :
1370 2121 1423 2165 de

74 2191 292 2237 ominibus
309 2190 355 2233 in
375 2189 528 2248 spiritu
549 2187 744 2247 quotidie
767 2187 978 2232 suscitatis
995 2187 1155 2246 gaudet
1177 2198 1312 2233 mater
1336 2193 1423 2235 Ec—

85 2262 184 2306 esia.
204 2260 282 2305 Ille
295 2259 473 2319 quidem
492 2268 690 2302 mortuus
707 2266 798 2301 erat
810 2272 1006 2316 corpore,
1024 2257 1088 2301 illi
1102 2267 1247 2302 autem
1260 2271 1420 2305 mente.

100 2331 164 2375 ‘us
183 2345 299 2374 mors
318 2327 496 2373 visibilis
519 2326 740 2371 visibiliter
758 2325 1046 2385 plangebatur
1068 2342 1076 2367 :
1104 2327 1280 2372 illorum
1309 2345 1423 2374 mors

91 2400 267 2446 visibilis
294 2414 374 2444 nec
400 2398 694 2459 quaerebatur,
728 2412 808 2440 nee
840 2396 1084 2441 videbatur.
1116 2399 1324 2451 Quaesivit
1352 2400 1424 2445 ille

104 2472 119 2517 i
139 2480 320 2517 noverat
340 2478 534 2515 mortuos
552 2487 560 2512 :
581 2466 653 2511 ille
675 2467 791 2512 solus
809 2476 989 2512 noverat
1011 2476 1230 2524 mortuos,
1251 2470 1326 2530 qui
1348 2486 1426 2530 po-

94 2576 105 2594 ἱ
122 2570 207 2604 Alias
227 2568 270 2613 44
283 2569 323 2602 de
340 2568 448 2602 verbis
469 2566 603 2600 Domini.
624 2581 660 2590 --
680 2572 693 2589 ²
711 2567 800 2598 Joan.
822 2576 855 2607 v,
876 2574 931 2598 21.
955 2582 995 2590 —
1017 2564 1031 2589 3
1050 2567 1123 2599 Luc.
1144 2577 1200 2609 vn,
1217 2576 1269 2600 12.

233 2634 371 2666 cxxv.
1238 2622 1288 2661 34
