1898 3178
375 238 512 266 sEnMo
543 237 650 274 1.111,
684 236 739 262 DE
771 234 917 264 vssnms
948 233 1112 263 ΜΛΤΤΗ.
1148 235 1190 262 v.
1392 222 1475 262 165

99 303 164 348 vel
189 317 400 362 organum
420 310 536 346 sunt.
560 301 744 345 Interior
765 310 830 345 est
849 302 982 346 homo
998 301 1075 346 ubi
1091 300 1259 344 habitat
1279 299 1476 345 Christus

100 374 271 418 interim
293 388 370 432 per
402 372 535 415 fidem
561 390 572 416 ι
601 371 662 415 ibi
683 371 959 416 habitaturus
985 370 1214 431 praesentia
1234 370 1478 415 Divinitatis

98 460 188 488 suae
205 478 217 499 ,
236 458 335 487 cum
358 442 688 502 cognoverimus
707 457 807 502 quae
829 443 883 486 sit
899 442 1110 499 latitudo,
1138 441 1388 500 longitudo,
1414 440 1479 486 al-

98 514 257 569 titudo,
278 514 572 573 profundum3
591 514 923 573 cognoverimus
941 514 1070 558 etiam
1086 514 1478 574 supereminentem

98 585 288 629 scientiae
305 585 560 629 charitatem
580 584 757 639 Christi,
778 593 828 629 ut
850 583 1109 644 impleamur
1129 585 1176 628 in
1190 599 1365 629 omnem
1381 583 1480 643 ple-

98 654 344 699 nitudinem
367 655 446 699 Dei
460 655 490 699 1.
514 657 640 700 Nunc
657 669 760 713 ergo
782 655 816 699 si
838 655 917 699 tibi
938 653 1182 699 intellectus
1204 656 1275 700 hic
1293 669 1383 699 non
1399 653 1484 698 dis-

98 725 251 784 plicet,
277 726 439 770 advoca
462 735 504 769 te
526 724 896 785 comprehendere
916 724 1217 779 latitudinem,
1242 724 1483 783 longitudi—

99 811 220 852 nem,
265 796 564 852 altitudinem,
594 796 880 857 profundum.
906 798 1005 842 Non
1032 795 1244 840 discurras
1269 797 1484 855 imagina-

98 867 217 910 tione
234 867 506 925 cogitationis
526 882 604 926 per
625 868 762 927 spatia
783 865 1028 922 mundana,
1050 875 1092 910 et
1113 881 1190 926 per
1207 867 1332 911 molis
1352 867 1484 925 hujus

98 946 186 981 tam
204 953 373 996 magnae
394 938 834 997 comprehensibilem
853 938 1158 998 granditatem.
1181 941 1232 981 In
1249 947 1292 982 te
1310 937 1485 982 attende

97 1007 219 1067 quod
241 1007 353 1053 dico.
375 1008 582 1053 Latitudo
604 1018 668 1053 est
688 1009 734 1052 in
762 1009 887 1053 bonis
910 1008 1137 1068 operibus3
1169 1008 1400 1067 longitudo
1423 1015 1487 1051 est

98 1078 143 1120 in
165 1077 495 1137 longanimitate
524 1088 567 1123 et
593 1081 912 1139 perseverantia
932 1080 1150 1124 bonorum
1176 1093 1388 1138 operum,
1423 1078 1489 1122 al-

99 1147 240 1190 titudo
259 1157 321 1191 est
348 1148 392 1191 in
410 1164 698 1208 supernorum
721 1149 1018 1208 expectatione
1035 1149 1315 1208 praemiorum
1332 1167 1342 1203 3
1358 1163 1488 1207 propa¹

100 1226 162 1260 ter
183 1231 316 1275 quam
338 1217 616 1262 altitudinem
638 1217 718 1261 tibi
740 1218 901 1262 dicitur
922 1227 972 1261 ut
1000 1232 1170 1261 sursum
1202 1232 1275 1261 cor
1304 1218 1482 1261 habeas.

97 1289 214 1330 Bene
247 1301 439 1345 operare.
479 1289 536 1331 Et
564 1288 609 1330 in
637 1288 764 1331 bonis
786 1287 992 1347 operibus
1026 1302 1278 1347 persevera,
1309 1296 1487 1348 propter

97 1356 306 1400 beneficia
335 1358 426 1400 Dei.
459 1359 645 1402 Terrena
679 1373 759 1416 pro
793 1358 931 1402 nihilo
954 1358 1163 1413 aestimes,
1198 1373 1252 1402 ne
1272 1373 1374 1402 cum
1408 1357 1487 1401 tibi

98 1426 244 1485 aliquo
278 1427 481 1486 sapientis
512 1426 629 1471 illius
660 1426 834 1485 flagello
888 1436 1002 1472 terra
1035 1428 1114 1472 ista
1145 1426 1277 1472 fuerit
1311 1436 1487 1487 pertur-

97 1496 197 1541 bata
211 1532 222 1552 ,
249 1496 365 1541 dicas
404 1506 447 1542 te
478 1498 570 1541 sine
608 1513 736 1543 causa
774 1501 913 1543 Deum
955 1497 1138 1543 coluisse
1153 1533 1165 1554 ,
1226 1499 1317 1543 sine
1359 1513 1487 1544 causa

98 1566 212 1610 bona
239 1582 367 1626 opera
389 1567 560 1622 fecisse,
585 1568 676 1612 sine
697 1583 826 1612 causa
847 1568 893 1611 in
911 1567 1037 1613 bonis
1060 1569 1266 1628 operibus
1283 1584 1486 1628 perseve-

98 1652 223 1680 rasse.
256 1637 476 1682 Faciendo
496 1637 611 1682 enim
633 1639 750 1683 bona
784 1630 938 1698 opera,
964 1640 1087 1699 quasi
1116 1640 1307 1684 habuisti
1339 1640 1488 1684 latitu-

95 1708 244 1751 dinem
283 1727 291 1751 :
322 1708 636 1767 perseverando
666 1711 711 1753 in
746 1710 826 1761 eis,
864 1711 988 1765 quasi
1020 1710 1213 1755 habuisti
1244 1710 1488 1767 longitudi-

96 1790 195 1819 nem
214 1777 314 1819 :sed
336 1783 507 1818 terrena
529 1775 847 1834 conquirendo,
866 1790 957 1819 non
977 1776 1171 1821 habuisti
1188 1776 1483 1825 altitudinem.

0 1836 26 1899 {¹2
95 1844 284 1890 Attende
304 1845 575 1904 profundum
607 1864 616 1889 :
644 1845 780 1904 gratia
799 1845 876 1889 Dei
898 1854 962 1889 est
982 1846 1028 1890 in
1051 1847 1224 1892 occulto
1245 1848 1484 1895 voluntatis

27 1944 29 1951 ι
95 1919 204 1976 ejus.
241 1934 262 1957 «
290 1916 395 1969 Quis
429 1916 544 1959 enim
579 1917 786 1975 cognovit
818 1931 993 1961 sensum
1020 1918 1226 1962 Domini?
1269 1921 1357 1964 Aut
1388 1922 1485 1980 quis

98 2005 119 2028 »
154 1986 422 2032 consiliarius
449 1988 539 2047 ejus
570 1986 715 2032 fuit‘2?
754 1989 840 2043 Et,
885 1988 1056 2032 Judicia
1097 1998 1173 2034 tua
1204 1989 1317 2034 sicut
1343 1991 1483 2037 multa

98 2075 119 2098 »
155 2057 378 2115 abyssusss.
407 2075 428 2098 »

154 2129 275 2171 XVI.
303 2130 425 2172 Hanc
446 2128 820 2172 conversationem
842 2128 956 2172 bene
984 2127 1218 2188 operandi,
1242 2130 1288 2174 in
1307 2145 1356 2175 ea
1379 2146 1480 2190 per-

96 2197 319 2242 severandi
331 2233 341 2252 ‚
362 2213 546 2258 superna
564 2199 837 2258 expectandi,
852 2200 1032 2258 gratiam
1047 2202 1124 2245 Dei
1142 2201 1312 2246 occulte
1329 2203 1480 2260 dandi,

96 2268 304 2328 sapientia
320 2303 331 2322 ,
367 2283 459 2312 non
485 2269 666 2313 stultitia
689 2290 700 2326 3
724 2284 805 2313 nec
832 2270 1181 2329 reprehendendi
1210 2287 1345 2332 quare
1373 2273 1482 2318 alius

95 2339 170 2394 sic,
188 2338 295 2382 alius
315 2347 459 2382 autem
474 2339 554 2396 sic,
574 2355 662 2383 non
679 2340 795 2383 enim
808 2349 872 2384 est
888 2341 1092 2400 iniquitas
1110 2341 1226 2400 apud
1245 2345 1382 2386 Deum
1394 2345 1410 2368 4
1426 2363 1435 2388 :
1453 2362 1474 2386 n

96 2409 207 2451 hanc
229 2423 331 2465 crgo
353 2408 745 2463 conversationem,
772 2411 803 2453 si
828 2408 996 2468 placet,
1022 2419 1172 2469 coapta
1207 2412 1332 2455 etiam
1357 2414 1471 2457 cruci

155 2510 161 2524 ¹
187 2503 299 2544 Ephes.
324 2514 369 2542 iu,
393 2514 502 2544 17-19.
525 2521 566 2526 -κ
589 2511 600 2525 ²
627 2508 717 2537 Rom.
738 2516 782 2543 xi,
808 2506 859 2546 34.
885 2522 922 2528 --
946 2505 957 2527 3
984 2506 1062 2538 Psal.
1086 2518 1182 2545 (xvv,
1207 2518 1236 2548 7.
1259 2526 1299 2531 ψ-
1318 2507 1333 2536 l,
1361 2518 1379 2540 '2
1400 2511 1469 2539 Par.

96 2570 163 2599 xix,
184 2561 438 2600 7,etRoni.1x‚
463 2560 510 2600 ri.
