1898 3178
391 201 529 229 sERMO
559 201 648 239 LII,
683 200 736 227 DE
769 197 915 227 VERBIS
946 195 1112 227 MATTH.
1149 199 1215 225 111.
1412 187 1499 227 139

122 286 143 310 »
161 268 221 312 tia
235 269 249 293 1
273 271 350 322 :)»
367 281 466 311 cum
486 280 589 323 ergo
610 264 852 324 baptizatus
869 273 979 310 esset
993 299 1005 320 ,
1029 264 1165 324 aperti
1187 272 1288 308 sunt
1308 262 1408 308 coeli
1421 298 1433 320 ,
1458 273 1502 308 et

120 336 344 382 descendit
364 350 494 395 super
506 350 606 379 eum
630 335 812 394 Spiritus
826 344 999 379 sanctus
1021 334 1067 379 in
1091 333 1233 394 specie
1254 332 1470 378 columbae
1489 353 1498 379 ε

121 407 279 454 deinde
309 421 393 450 vox
415 405 600 465 desuper
620 413 853 450 consecuta
869 414 933 449 est
958 425 966 450 ε
996 425 1016 448 «
1040 406 1122 450 Hic
1141 414 1205 450 est
1226 404 1360 449 Filius
1380 420 1503 449 meus

121 497 143 522 »
178 477 383 531 dilectus,
408 476 454 519 in
475 491 563 536 quo
585 476 698 519 bene
720 475 875 520 sensi2.
904 492 924 516 >³
952 475 1174 520 Habemus
1199 490 1301 534 ergo
1325 473 1505 519 distinc-

120 559 207 594 tam
229 547 421 608 quodam
455 546 586 591 modo
612 546 867 591 Trinitatem
896 565 905 590 :
928 546 974 589 in
999 561 1106 590 voce
1127 550 1323 602 Patrem,
1349 546 1396 590 in
1422 547 1506 590 ho-

118 619 236 664 mine
253 617 413 662 Filium
426 652 436 672 ‚
455 617 501 661 in
517 617 723 661 columba
753 616 961 676 Spiritum
978 625 1189 660 sanctum.
1212 619 1306 661 Hoc
1326 615 1505 675 quidem

119 704 460 735 commemorare
502 704 611 748 opus
649 697 770 746 erat3
808 702 910 731 nam
945 686 1093 732 videre
1135 687 1393 732 facillimum
1424 695 1503 731 est.

118 759 354 805 Evidenter
370 759 483 804 enim
497 795 508 815 ,
533 774 614 804 nec
631 757 723 803 ullo
745 758 1032 802 dubitationis
1050 757 1256 817 scrupulo
1278 772 1507 803 commen-

119 830 249 875 datur
268 830 362 875 haec
386 830 585 874 Trinitas.
609 831 720 876 Nam
744 830 835 889 ipse
857 830 1067 874 Dominus
1089 829 1284 874 Christus
1305 829 1350 872 in
1366 827 1508 872 forma

119 902 228 946 servi
244 902 420 946 veniens
436 901 492 946 ad
507 903 532 946 J
536 916 738 957 oannem,
753 902 906 961 utique
923 899 1058 945 Filius
1073 909 1137 945 est
1155 919 1164 945 ε
1183 915 1273 944 non
1288 900 1404 946 enim
1420 898 1507 943 dici

118 980 257 1032 potest
272 970 393 1032 quod
415 975 542 1016 Pater
565 981 654 1027 est,
679 981 755 1016 aut
771 971 857 1016 dici
873 980 1016 1031 potest
1039 971 1160 1031 quod
1179 971 1362 1030 Spiritus
1384 984 1509 1014 sanc-

118 1051 188 1087 tus
209 1050 288 1086 est.
318 1059 339 1084 «
364 1042 521 1094 Venit,
545 1043 715 1101 inquit,
744 1044 914 1087 Jesus²³:
941 1060 962 1083 »
987 1042 1140 1101 utique
1170 1040 1305 1085 Filius
1326 1040 1419 1085 Dei.
1445 1042 1508 1084 De

119 1112 323 1158 columba
345 1113 443 1173 quis
460 1113 659 1157 dubitet?
681 1115 770 1158 Aut
786 1113 883 1173 quis
899 1114 1036 1159 dicat:
1057 1112 1175 1165 Quid
1192 1121 1254 1156 est
1272 1111 1510 1156 columba?

118 1186 231 1229 Cum
253 1184 395 1243 ipsum
414 1183 700 1241 Evangelium
718 1192 900 1228 testetur
922 1181 1212 1242 apertissime:
1238 1200 1258 1224 «
1276 1181 1510 1226 Descendit

122 1271 142 1294 »
177 1268 308 1312 super
327 1268 429 1296 eum
463 1253 646 1312 Spiritus
680 1262 856 1297 sanctus
877 1254 923 1296 in
943 1253 1084 1312 specie
1106 1252 1378 1297 columbae4?
1401 1270 1420 1292 »
1447 1253 1510 1295 De

119 1338 226 1369 voce
249 1333 395 1368 autem
416 1323 490 1368 illa
511 1323 710 1368 similiter
731 1323 853 1368 nulla
886 1324 1105 1369 dubitatio
1125 1323 1248 1384 quod
1269 1323 1406 1368 Patris
1427 1323 1482 1367 sit
1495 1356 1507 1377 ‚

120 1409 221 1440 cum
235 1394 363 1439 dicit:
386 1413 406 1437 «
424 1396 490 1438 Tu
503 1408 546 1438 es
567 1394 703 1439 Filius
723 1410 845 1440 meus
862 1396 893 1439 ⁵.
918 1414 939 1439 «
964 1395 1188 1440 Habemus
1213 1408 1314 1452 ergo
1331 1392 1511 1439 distinc-

119 1473 209 1509 tam
235 1464 505 1508 Trinitatem.

179 1537 237 1580 ΙΙ.
272 1536 329 1578 Et
351 1534 386 1579 si
405 1534 726 1580 consideremus
749 1533 866 1591 loca,
885 1535 1026 1580 audeo
1044 1535 1208 1591 dicere,
1227 1534 1443 1593 (quamvis
1460 1533 1512 1577 ti-

120 1605 238 1650 mide
259 1605 303 1650 id
331 1605 471 1650 dicam
487 1641 498 1661 ,
526 1615 670 1650 tamen
700 1605 887 1662 aude0‚)
919 1605 1042 1664 quasi
1066 1603 1349 1662 separabilem
1368 1603 1511 1648 Trini-

119 1685 269 1720 tatem.
296 1677 410 1721 Cum
433 1678 556 1719 Jesus
578 1675 696 1720 venit
714 1673 768 1719 ad
785 1675 969 1725 fluvium
983 1709 994 1729 ‚
1031 1688 1082 1717 ex
1099 1673 1183 1718 alio
1205 1673 1303 1718 loco
1317 1673 1362 1718 in
1377 1673 1511 1717 alium

120 1746 298 1802 locum3
338 1744 541 1790 columba
567 1743 621 1788 de
643 1744 758 1789 coelo
780 1743 1006 1789 descendit
1036 1743 1091 1788 ad
1121 1753 1304 1798 terram,
1340 1743 1395 1787 de
1426 1744 1510 1788 alio

121 1816 219 1861 loco
240 1813 294 1859 ad
312 1815 443 1860 alium
458 1815 603 1860 locum
618 1836 629 1872 3
652 1830 737 1860 vox
753 1816 843 1874 ipsa
860 1816 995 1859 Patris
1010 1850 1020 1870 ,
1043 1830 1123 1859 nec
1136 1815 1191 1860 de
1204 1824 1333 1870 terra,
1359 1830 1439 1859 nec
1457 1814 1511 1858 de

121 1902 234 1946 aqua
249 1885 413 1941 sonuit,
427 1884 502 1929 sed
523 1885 578 1929 de
597 1885 711 1929 coelo
728 1904 736 1929 :
763 1885 842 1929 tria
856 1886 950 1929 haec
965 1886 1088 1944 quasi
1110 1894 1365 1944 separantur
1384 1885 1508 1940 locis,

121 1966 376 2016 separantur
397 1956 572 2011 officiis,
597 1964 852 2015 separantur
884 1956 1102 2015 operibus.
1142 1955 1266 1998 Dicat
1288 1956 1394 1999 mihi
1429 1954 1510 1999 ali-

122 2029 244 2088 quis:
267 2027 460 2073 Ostende
472 2026 804 2087 inseparabilem
824 2027 1093 2071 Trinitatem.
1118 2029 1340 2071 Memento
1361 2027 1512 2072 catho—

122 2099 256 2143 licum
279 2108 322 2142 te
339 2098 485 2158 loqui,
510 2098 730 2143 catholicis
741 2097 879 2157 loqui.
899 2097 1027 2141 Fides
1042 2097 1157 2141 enim
1172 2105 1340 2153 nostra,
1357 2096 1403 2141 id
1417 2106 1507 2153 est,

123 2168 230 2212 fides
247 2168 483 2224 catholica,
507 2169 614 2213 fides
631 2184 753 2224 vera,
768 2168 876 2212 fides
897 2177 1015 2213 recta
1030 2203 1041 2224 ,
1066 2183 1156 2213 non
1178 2167 1382 2227 opinione
1402 2183 1512 2227 prae·

123 2238 379 2297 sumptionis
396 2273 407 2293 ,
431 2239 506 2282 sed
538 2240 786 2284 testimonio
806 2239 1002 2284 lectionis
1031 2238 1233 2295 collecta,
1265 2253 1345 2282 nec
1372 2239 1513 2284 haere·-

129 2309 233 2363 tica,
258 2307 502 2352 temeritate
523 2308 709 2364 incerta,
746 2310 820 2353 sed
835 2308 1085 2368 Apostolica
1097 2309 1275 2352 veritate
1297 2307 1479 2353 fundata
1495 2344 1506 2365 ‚

125 2379 210 2423 hoc
230 2378 443 2434 insinuat3
472 2378 554 2422 hoc
577 2379 801 2435 novimus,
825 2380 909 2424 hoc
931 2379 1161 2423 credimus.
1196 2382 1289 2423 Hoc
1312 2379 1391 2423 etsi
1420 2395 1511 2424 non

188 2478 196 2494 ¹
230 2472 423 2514 Matth.1n,
454 2472 505 2514 14,
541 2473 592 2505 15.
623 2490 663 2497 —
685 2473 798 2506 ²1bid.
831 2485 882 2516 ¹7·
907 2491 946 2496 -
969 2472 982 2496 3
1002 2473 1084 2506 Ibitl.
1110 2473 1160 2506 13.
1185 2490 1226 2497 —-
1256 2472 1368 2507 4lbid.
1393 2474 1444 2507 16.
1468 2491 1509 2498 —

129 2526 144 2549 5
163 2528 266 2558 Marc.
291 2538 314 2568 ι,
336 2539 384 2559 ιι.
