1898 3178
322 296 459 325 sanmo
492 297 609 335 ΗΠ,
643 297 697 323 nr:
730 295 875 324 vnnms
906 292 1071 323 ΜΑΤΤΗ.
1108 295 1203 322 vm.
1360 280 1446 319 249

11 385 13 417 3
71 383 91 406 »
127 365 232 409 dixit
247 379 346 424 quae
365 363 563 407 facienda
582 371 684 405 sunt
705 381 714 406 :
731 366 852 418 >aras
870 377 1037 415 eorum,
1058 360 1200 420 inquit
1213 394 1223 413 ,
1246 357 1446 403 destrue-

0 435 15 482 ,ἱ

13 486 15 502 ι

3 543 5 545 .
13 511 17 551 t

70 454 90 477 η
127 436 178 480 tis
194 471 205 490 ‚
232 435 352 478 lucos
374 448 525 477 eorum
543 432 847 477 comminuetis
864 467 874 487 ‚
896 441 938 476 et
958 446 1108 476 omncs
1128 428 1278 475 titulos
1297 445 1446 474 eorum

73 526 92 548 »
128 505 449 563 confringetis1.
478 522 498 545 »
522 506 633 549 Cum
671 502 919 562 acceperitis
952 510 1235 562 potestatem,
1266 501 1350 545 hoc
1380 500 1447 544 fa·

0 572 3 606 {
67 578 165 622 cite.
192 576 277 621 Ubi
299 577 422 620 nobis
443 591 532 621 non
563 584 626 620 est
647 574 748 619 data
768 583 955 633 potestas
973 609 984 629 ,
1016 589 1105 618 non
1134 572 1314 617 facimus
1336 591 1344 616 z
1370 571 1448 615 ubi

0 653 7 706 ‚¹

67 649 167 692 data
190 657 274 701 est,
302 663 390 691 non
411 646 797 706 praetermittimus.
819 644 947 689 Multi
971 645 1134 704 Pagani
1160 645 1326 688 habent
1356 644 1451 687 istas

0 755 5 767 ,
67 718 411 762 abominationes
429 718 471 762 in
487 716 635 761 fundis
653 717 766 761 suis:
783 714 1000 776 numquid
1018 714 1277 770 accedimus,
1293 723 1336 759 et
1349 729 1450 759 con·

3 808 9 836 i

4 879 10 898 i

66 790 298 847 fringimus
314 790 331 831 ⁶?
349 789 473 833 Prius
495 790 609 834 enim
644 789 811 847 agimus
828 823 839 843 ,
865 796 916 831 ut
944 786 1061 831 idola
1081 786 1127 834 in
1149 801 1299 830 eorum
1321 784 1450 830 corde

68 858 332 918 frangamus.
347 858 529 913 Quando
543 858 776 904 Christiani
793 867 836 902 et
850 858 932 917 ipsi
946 856 1049 900 facti
1064 854 1242 910 fuerint,
1259 864 1334 899 aut
1347 855 1452 898 invi-

5 948 10 973 ε
69 939 161 974 tant
175 945 253 974 nos
269 930 322 974 ad
345 938 433 973 tam
455 930 622 973 bonum
644 944 774 988 opUS,
800 937 876 972 aut
902 927 1177 986 praeveniunt
1199 941 1292 969 nos.
1319 924 1452 969 Modo

7 1019 12 1043 Ι

9 1079 24 1129 {-

8 1159 16 1185 i

67 998 280 1043 orandum
299 1008 362 1042 est
379 1014 456 1058 pro
475 998 572 1054 illis,
589 1014 677 1043 non
696 997 969 1042 irascendum
987 996 1085 1042 illis.
1110 997 1150 1041 Si
1166 1005 1312 1040 movet
1329 994 1454 1039 dolor

66 1085 270 1128 magnus,
298 1069 526 1114 adversum
550 1070 816 1115 Christianos
837 1078 983 1113 movet
1000 1103 1010 1122 ,
1041 1068 1270 1112 adversum
1302 1066 1453 1110 fratres

67 1149 234 1185 nostros
252 1150 414 1195 movet,
434 1140 511 1202 qui
528 1142 585 1185 sic
602 1141 758 1186 volunt
778 1142 938 1184 intrare
954 1141 998 1183 in
1020 1137 1254 1183 Ecclesiam
1268 1173 1278 1193 ,
1302 1147 1352 1181 ut
1383 1138 1454 1180 hic

12 1228 19 1257 ¹.
67 1226 222 1269 corpus
233 1211 439 1265 habeant,
460 1211 564 1254 alibi
582 1218 669 1255 cor‘.
695 1214 853 1255 Totum
875 1211 993 1254 intus
1007 1225 1096 1253 esse
1113 1208 1257 1252 debet.
1280 1208 1320 1252 Si
1338 1208 1454 1251 intus

16 1287 36 1370 q
67 1289 131 1325 est
153 1282 274 1341 quod
296 1280 412 1324 videt
433 1281 581 1334 homo,
599 1295 733 1341 quare
754 1280 857 1325 foris
880 1279 1074 1338 estquod
1097 1279 1216 1323 videt
1239 1280 1384 1322 Deus?

125 1352 288 1394 XVIII.
329 1351 476 1395 Sciatis
509 1360 678 1405 autem,
726 1350 989 1404 charissimi,
1023 1364 1248 1393 murmura
1278 1347 1454 1392 illorum

16 1427 39 1471 (μὲ
69 1422 335 1480 conjungere
357 1436 400 1464 se
418 1436 519 1464 cum
536 1421 772 1475 haereticis,
798 1435 899 1464 cum
917 1421 941 1462 J
946 1417 1096 1462 udaeis.
1120 1418 1348 1472 Haeretici,
1373 1420 1397 1460 J
1403 1434 1454 1461 u-

18 1507 26 1533 ί

20 1579 33 1607 t

68 1489 150 1534 daei
173 1500 216 1534 et
239 1491 398 1549 Pagani
421 1491 633 1535 unitatem
666 1489 864 1534 fecerunt
896 1499 1048 1534 contra
1082 1489 1310 1533 unitatem.
1345 1489 1455 1541 Quia

68 1561 270 1618 contigit,
294 1570 344 1605 ut
366 1561 412 1605 in
434 1560 652 1621 aliquibus
675 1561 779 1606 locis
802 1560 1073 1620 disciplinam
1108 1558 1360 1619 acciperent
1377 1562 1457 1602 Ju-

39 1612 43 1624 0

21 1625 44 1698 ²¹.
69 1631 152 1675 daei
188 1641 366 1692 propter
403 1633 702 1692 improbitates
732 1648 827 1677 suas
862 1652 870 1676 :
897 1632 1209 1685 criminantur,
1243 1640 1286 1674 et
1317 1631 1455 1689 suspi-

42 1703 46 1774 ᾗ
69 1712 224 1747 cantur
241 1738 252 1758 ,
274 1713 349 1748 aut
361 1704 557 1762 fingunt,
584 1705 686 1764 quia
708 1704 809 1748 talia
832 1703 887 1747 de
904 1702 988 1747 illis
1003 1718 1173 1762 semper
1190 1717 1450 1762 quaeramus.

44 1776 47 1813 ί
69 1773 180 1825 Quia
217 1773 427 1832 contigit,
453 1782 503 1817 ut
525 1773 684 1818 alicubi
712 1773 904 1818 haeretici
935 1788 1086 1832 poenas
1115 1771 1270 1818 darent
1289 1771 1456 1830 legibus

70 1857 148 1901 pro
165 1843 388 1901 impietate
410 1851 453 1886 et
476 1843 623 1887 furore
643 1843 947 1888 violentiarum
974 1858 1151 1888 suarum
1171 1844 1284 1901 :jam
1304 1841 1457 1886 dicunt

48 1962 51 1979 1
69 1927 147 1956 nos
162 1927 239 1971 per
258 1912 402 1956 omnia
418 1927 614 1972 quaerere
631 1912 822 1973 aliquam
839 1912 1242 1958 incommoditatem
1259 1912 1451 1971 ipsorum

49 1981 53 2040 l
72 1981 126 2025 ad
143 1982 394 2040 perniciem.
421 1984 587 2025 Rursus
610 1983 713 2042 quia
741 1992 892 2028 contra
916 1986 1110 2041 Paganos
1130 1981 1297 2041 placuit
1319 1990 1369 2025 ut
1389 1981 1454 2025 le·

51 2044 143 2110 ¹ges
165 2051 385 2096 ferrentur
415 2071 423 2095 :
449 2052 537 2096 imo
567 2068 645 2111 pro
664 2053 868 2111 paganis,
894 2054 927 2097 si
947 2054 1129 2112 sapiant.
1157 2053 1308 2110 (Sicut
1339 2052 1454 2095 enim

70 2122 214 2181 pueris
250 2122 475 2165 insensatis
499 2121 554 2166 ad
575 2121 720 2166 lutum
751 2122 1030 2179 ludentibus,
1067 2132 1110 2167 et
1132 2138 1285 2166 manus
1308 2122 1454 2182 inqui-

0 2226 4 2234 .
54 2190 292 2248 ¹nantibus,
310 2192 572 2252 paedagogus
594 2209 695 2237 cum
712 2195 833 2238 venit
854 2208 1026 2237 severus
1044 2229 1054 2248 ,
1080 2192 1225 2237 lutum
1246 2192 1299 2236 de
1322 2208 1454 2236 manu

73 2262 236 2305 excutit
252 2296 263 2316 ,
289 2261 484 2305 codicem
507 2263 688 2321 porrigit
712 2283 721 2308 ε
745 2264 804 2307 ita
832 2263 971 2308 voluit
992 2266 1106 2307 Deus
1140 2278 1214 2322 per
1243 2263 1456 2322 principes

73 2330 269 2375 subditos
283 2331 366 2374 sibi
388 2340 547 2375 terrere
569 2332 700 2377 corda
717 2333 931 2378 insensata
953 2334 1158 2393 puerilia,
1178 2342 1229 2377 ut
1250 2333 1456 2392 abjiciant

1 2429 8 2436 ·
74 2401 215 2446 lutum
237 2402 291 2445 de
314 2402 514 2446 manibus
530 2437 540 2457 ,
560 2412 602 2446 et
619 2403 784 2464 ahquid
806 2404 911 2448 utile
934 2405 1112 2448 faciant.
1133 2404 1247 2457 Quid
1270 2414 1332 2448 est
1350 2404 1455 2448 utile

0 2489 9 2515 i
61 2471 129 2534 ide
148 2472 376 2516 manibus?
401 2491 422 2514 «
448 2475 618 2531 Frange
635 2475 837 2518 esurienti
857 2489 1013 2534 panem
1033 2483 1180 2529 tuum,
1203 2483 1244 2518 et
1266 2489 1451 2532 egenum

0 2561 10 2586 ’··
64 2589 67 2608 ,
124 2575 132 2591 ¹
155 2570 246 2602 Dent.
267 2579 324 2610 vn,
343 2580 373 2610 1,
392 2574 423 2601 et
442 2580 495 2610 xii,
517 2580 551 2612 9·
