1898 3178
220 276 359 304 sERMo
391 275 544 313 LXXXI,
579 274 632 301 DE
665 275 811 304 VERms
842 274 1007 303 ΜΑΤΤΗ.
1042 275 1165 302 xvm.
1296 263 1378 301 387

5 347 146 395 caret,
170 340 314 399 posuit
327 339 519 398 lapidem
539 353 670 397 super
685 337 876 397 lapidem
895 359 909 397 3
931 348 974 383 et
995 340 1130 384 homo
1156 352 1258 382 cum
1281 337 1382 382 des-

5 418 196 465 trueret,
217 409 383 469 expulit
403 407 593 467 lapidem
609 406 806 466 alapide.
833 411 976 454 Homo
997 408 1108 453 illud
1121 407 1238 464 fecit,
1257 408 1390 452 homo

5 477 115 523 illud
134 478 358 523 destruxit.
374 479 437 538 Inj
445 479 537 522 uria
550 478 598 522 fit
614 481 782 533 Romae,
799 479 900 538 quia
916 479 1096 524 dicitur:
1114 477 1271 525 Cadit?
1291 480 1391 525 Non

7 552 158 595 Romae
173 585 184 606 ,
209 549 284 594 sed
305 550 418 595 forte
441 550 594 594 artifici
616 550 723 609 ejus.
746 549 975 595 Conditori
996 552 1086 610 ejus
1109 550 1291 596 facimus
1321 550 1394 595 in—

3 621 184 682 juriam,
211 621 311 680 quia
335 620 521 665 dicimus
541 639 550 666 z
574 623 714 666 Roma
734 621 843 677 ruit,
869 637 1002 682 quam
1020 620 1218 667 condidit
1238 628 1398 666 Romu—

9 690 104 736 lus?
125 691 318 737 Mundus
349 707 528 736 arsurus
548 701 632 747 est,
657 707 790 752 quem
809 691 1006 737 condidit
1030 696 1159 737 Deus.
1200 691 1284 738 Sed
1317 707 1398 737 nec

10 760 128 822 quod
150 761 254 806 fecit
270 763 428 817 homo,
469 762 579 817 ruit,
612 762 695 807 nisi
729 762 911 823 quando
943 763 1130 808 voluerit
1160 766 1296 822 Deus3
1320 778 1401 807 nec

13 830 132 892 quod
146 831 252 877 fecit
270 835 388 877 Deus
404 868 415 888 ‚
442 834 544 888 ruit,
562 833 642 877 nisi
664 833 842 893 quando
864 833 1053 879 voluerit
1070 837 1199 879 Deus.
1228 834 1271 879 Si
1284 834 1402 877 enim

12 902 198 948 hominis
228 919 337 963 opus
373 919 464 949 non
493 903 630 960 cadit,
674 904 766 948 sine
795 903 1022 950 voluntate
1051 905 1156 961 Dei,
1192 919 1302 964 opus
1322 903 1402 949 Dei

12 973 188 1035 quando
205 984 348 1034 potest
368 976 524 1020 cadere
540 991 617 1035 per
634 975 906 1021 voluntatem
931 976 1151 1022 hominis?
1176 979 1339 1021 Tamen
1355 983 1400 1019 et

12 1045 228 1090 mundum
240 1045 346 1090 fecit
360 1046 441 1090 tibi
456 1052 565 1091 Deus
579 1061 805 1105 casurum3
821 1056 866 1092 et
876 1046 976 1092 ideo
991 1056 1035 1092 te
1055 1046 1253 1092 condidit
1266 1045 1401 1090 mori-

18 1123 184 1159 turum.
211 1118 310 1176 Ipse
331 1117 465 1161 homo
488 1126 796 1162 ornamentum
822 1117 1006 1162 civitatis
1021 1152 1032 1169 ‚
1062 1118 1154 1173 ipse
1184 1118 1318 1159 homo
1339 1115 1407 1159 in-

15 1185 250 1240 habitator,
275 1195 438 1243 rector,
466 1188 732 1261 gubeinator
748 1184 954 1239 civitatis,
985 1184 1045 1228 sic
1079 1184 1199 1229 venit
1236 1194 1285 1230 ut
1307 1194 1403 1241 eat,

13 1255 71 1300 sic
97 1263 162 1299 est
181 1263 311 1299 natus
332 1267 383 1298 ut
404 1259 638 1310 moriatur,
677 1255 737 1299 sic
770 1264 834 1299 est
865 1254 1078 1313 ingressus
1102 1264 1152 1300 ut
1182 1264 1401 1301 nauseat:

0 1311 40 1389 ¹«
71 1323 246 1371 Coelum
269 1333 313 1368 et
335 1333 447 1367 terra
468 1324 775 1369 transibunt1·
798 1342 817 1366 »
858 1325 967 1384 quid
1009 1340 1113 1384 ergo
1145 1326 1332 1382 mirum,
1371 1327 1406 1371 si

0 1392 250 1454 ‘aliquando
274 1394 372 1438 finis
395 1402 460 1438 est
481 1393 682 1437 civitati?
726 1396 783 1438 Et
801 1393 916 1438 forte
938 1410 1029 1439 non
1047 1394 1179 1440 modo
1210 1397 1308 1441 finis
1342 1405 1406 1441 est

15 1465 199 1510 civitati:
215 1474 361 1510 tamen
385 1463 621 1525 aliquando
639 1464 736 1508 finis
753 1464 836 1508 erit
847 1465 1027 1510 civitati.
1047 1465 1133 1511 Sed
1141 1482 1275 1526 quare
1291 1467 1405 1511 inter

0 1546 1 1549 ’
17 1536 217 1581 sacrificia
236 1536 582 1581 Christianorum
595 1534 707 1594 perit
723 1538 878 1580 Roma.
907 1538 1050 1589 Quare
1067 1537 1180 1581 inter
1195 1538 1404 1583 sacrificia

0 1609 286 1670 ¹Paganorum
310 1605 410 1650 arsit
431 1615 569 1649 mater
591 1606 683 1664 ejus
719 1606 876 1665 Troja?
909 1606 1005 1660 Dii,
1030 1607 1076 1649 in
1097 1607 1258 1665 quihus
1279 1623 1401 1666 spem

0 1684 136 1742 isuam
160 1678 345 1722 Romani
368 1685 633 1735 posuerunt,
658 1675 840 1720 omnino
858 1677 1046 1720 Romani
1070 1676 1152 1732 dii,
1172 1678 1217 1721 in
1240 1678 1402 1738 quibus

0 1746 135 1807 *spem
156 1747 318 1805 Pagani
340 1746 527 1790 Romani
542 1755 806 1804 posuerunt,
832 1745 888 1790 ad
905 1749 1091 1790 Romam
1126 1747 1400 1794 condendam

21 1816 72 1879 de
107 1818 233 1877 Troja
270 1817 445 1859 incensa
475 1815 787 1874 migraverunt.
822 1814 889 1858 Dii
913 1816 1098 1873 Romani
1119 1817 1198 1874 ipsi
1219 1817 1400 1866 fuerunt

20 1882 155 1945 primo
167 1888 228 1932 dii
241 1887 437 1947 Trojani:
454 1886 569 1931 Arsit
592 1887 735 1947 Troja,
753 1884 858 1930 tulit
868 1886 1026 1930 AEneas
1047 1886 1150 1931 deos
1167 1886 1397 1947 fugitivos:

35 1973 103 2003 mo
130 1958 231 2002 tulit
261 1957 365 2002 deos
392 1957 564 2016 fugiens
593 1955 789 2002 stolidos.
823 1956 990 2001 Portari
1015 1957 1132 2000 enim
1155 1973 1179 2002 a
1200 1957 1399 2018 fugiente

24 2023 256 2077 ῑι1θηιι1ῖ
281 2048 290 2073 z
315 2027 466 2086 fugere
482 2029 562 2087 ipsi
586 2043 677 2072 non
693 2037 948 2086 potuerunt.
977 2029 1035 2071 Et
1060 2043 1160 2072 cum
1187 2029 1288 2089 ipsis
1317 2031 1399 2079 diis

0 2097 9 2151 ἰι
34 2098 194 2145 eniens
215 2100 259 2144 in
281 2098 450 2142 Italiam
466 2133 477 2153 ,
503 2113 603 2142 cum
617 2097 698 2141 diis
714 2095 831 2141 falsis
852 2096 1048 2142 condidit
1061 2101 1260 2145 Romam.
1287 2105 1400 2149 Lon-

30 2187 124 2226 um
145 2180 209 2216 est
224 2179 377 2215 caetera
399 2168 599 2229 persequi
633 2188 642 2213 ε
677 2168 867 2214 breviter
887 2177 1032 2213 tamen
1054 2170 1175 2230 quod
1208 2172 1403 2231 ipsorum

41 2240 174 2286 itterae
206 2241 373 2285 habent
406 2253 757 2285 commemorem.
796 2241 962 2284 Auctor
982 2240 1175 2298 ipsorum
1199 2244 1402 2290 omnibus

54 2327 150 2356 foss
164 2312 223 2356 sic
242 2311 439 2370 loquitur
460 2329 469 2355 ι
497 2328 519 2352 «
539 2310 703 2353 Urbem
722 2313 909 2354 Romam
925 2344 937 2365 ‚
972 2309 1085 2355 sicut
1110 2325 1190 2369 ego
1227 2316 1400 2374 accepi,

59 2394 77 2395 ‘⁷
109 2381 283 2438 didere,
319 2391 450 2441 atque
494 2381 688 2426 habuere
718 2381 841 2426 initio
887 2382 1083 2441 Trojani,
1132 2385 1236 2443 qui,
1267 2388 1404 2431 AEnea

70 2474 75 2487 ·
120 2472 128 2480 ²
149 2488 160 2509 ‚
187 2442 383 2513 profugi,
409 2452 582 2497 sedibus
603 2452 779 2498 incertis
799 2453 1074 2512 vagabantur
1086 2456 1147 2497 2.»
1172 2455 1408 2504 Habebant

40 2541 66 2562 *ν
81 2542 118 2577 :0
146 2523 250 2569 deos
266 2539 412 2568 secum
428 2558 438 2578 ‚
474 2522 767 2567 condiderunt
789 2526 974 2567 Romam
999 2522 1044 2567 in
1068 2524 1192 2570 Latio
1209 2560 1221 2581 ‚
1246 2541 1406 2586 posue-

74 2609 84 2627 ¹
105 2608 223 2642 Matth.
248 2618 337 2651 xxiv,
362 2606 416 2640 35.
435 2624 475 2631 —
494 2613 507 2631 ²
529 2606 655 2642 Sallust.
672 2606 705 2640 in
720 2607 946 2642 catilin.nun1.
964 2607 1000 2640 6.-

1133 2664 1202 2706 25.
