1898 3178
290 275 429 302 nmmo
460 273 596 310 Lxxv,
632 275 684 300 DE
718 273 863 302 vEnms
894 270 1061 301 ΜΑΤΤΗ.
1096 274 1182 300 xlv.
1340 262 1421 300 337

52 339 209 384 montis
240 339 469 394 verticem,
504 352 632 397 super
653 336 953 383 celsitudinem
975 338 1169 384 omnium
1206 347 1424 383 creatura-

51 426 147 454 rum
161 445 172 466 ,
198 410 313 455 solus
329 418 437 455 orat.
796 455 811 461 χ

112 482 186 524 IV.
213 483 382 524 Interea
402 479 523 523 navis
544 487 720 538 portans
737 479 975 539 Discipulos
990 516 1000 535 ,
1033 479 1078 525 id
1099 490 1186 536 est,
1211 479 1398 525 Ecclesia
1413 515 1423 535 ,

55 554 242 596 fluctuat
266 559 309 595 et
341 549 537 609 quatitur
564 550 893 608 tempestatibus
925 551 1216 595 tentationum
1238 570 1247 596 ε
1274 559 1317 595 et
1338 566 1428 595 non

53 621 238 682 quiescit
258 629 412 664 ventus
435 620 697 674 contrarius,
722 619 767 663 id
785 629 874 675 est,
894 620 1122 666 adversans
1145 622 1183 666 ei
1205 621 1425 676 diabolus,

54 701 97 736 et
125 690 334 751 impedire
368 691 520 734 nititur
541 705 596 734 ne
627 691 850 749 perveniat
872 690 927 735 ad
948 692 1154 751 quietem.
1190 691 1274 737 Sed
1295 693 1432 752 major

55 772 118 807 est
140 763 216 822 qui
237 761 482 821 interpellat
504 777 582 821 pro
603 761 742 805 nobis.
770 764 877 806 Nam
902 762 946 805 in
975 763 1054 807 ista
1077 772 1223 807 nostra
1244 764 1433 807 fluctua-

57 834 174 878 tione
198 833 243 876 in
272 848 357 892 qua
378 832 626 876 laboramus
644 866 654 886 ,
679 832 753 875 dat
787 832 910 876 nobis
930 832 1156 885 fiduciam,
1181 833 1358 876 veniens
1380 832 1435 876 ad

59 920 136 949 nos
152 939 162 959 ,
189 913 230 948 et
252 902 501 947 confortans
523 917 601 947 nos
628 922 636 947 :
662 912 833 947 tantum
856 918 911 946 ne
927 904 1091 947 turbati
1116 904 1161 947 in
1185 904 1283 948 navi
1303 919 1436 948 excu-

59 976 214 1019 tiamus
244 989 322 1018 nos
340 1009 350 1029 ,
381 982 424 1017 et
456 973 729 1033 projiciamus
758 973 801 1017 in
823 989 955 1018 mare.
991 974 1102 1027 Quia
1130 974 1208 1018 etsi
1236 975 1438 1018 turbatur

59 1046 205 1102 navis,
226 1046 345 1090 navis
369 1054 433 1090 est
454 1054 614 1089 tamen.
643 1045 740 1090 Sola
763 1055 906 1104 portat
929 1046 1189 1105 Discipulos,
1223 1055 1267 1090 et
1285 1046 1438 1104 recipit

60 1118 295 1163 Christum.
324 1115 597 1160 Periclitatur
615 1107 790 1175 quidem
812 1117 857 1159 in
881 1117 987 1160 mari
1008 1132 1017 1158 :
1043 1117 1119 1161 sed
1141 1118 1232 1161 sine
1252 1116 1326 1161 illa
1354 1126 1440 1160 sta-

0 1147 5 1248 i
60 1188 136 1232 tim
159 1188 338 1247 peritur.
367 1189 483 1230 Tene
507 1196 545 1230 te
567 1187 715 1246 itaque
731 1187 775 1230 in
799 1187 919 1241 navi,
946 1196 989 1231 et
1011 1202 1114 1246 roga
1142 1191 1296 1231 Deum.
1324 1187 1441 1231 Defi-

3 1255 8 1317 1
62 1258 278 1303 cientibus
301 1257 415 1300 enim
450 1257 652 1301 omnibus
686 1256 895 1311 consiliis,
929 1271 1028 1301 cum
1061 1273 1205 1317 neque
1227 1258 1445 1316 guberna-

5 1321 11 1397 l¹
63 1329 160 1374 cula
182 1329 458 1382 suffecerint,
479 1337 522 1371 et
544 1327 634 1386 ipsa
653 1327 850 1371 velorum
868 1328 1059 1372 extensio
1083 1330 1235 1389 majori
1250 1328 1446 1389 periculo

9 1400 13 1448 ἰ
64 1415 195 1460 quam
216 1398 393 1443 utilitati
429 1397 586 1455 fuerit,
611 1397 794 1442 dimissis
816 1398 1016 1442 humanis
1046 1400 1249 1445 omnibus
1271 1402 1448 1461 adjuto-

11 1452 17 1527 l
65 1470 135 1514 riis
157 1479 200 1514 et
227 1470 411 1521 viribus,
443 1468 532 1513 sola
565 1477 696 1512 restat
723 1468 864 1512 nautis
900 1469 1085 1514 intentio
1122 1471 1384 1529 deprecandi
1407 1482 1450 1517 et

15 1531 21 1619 l
64 1556 190 1585 voces
214 1539 269 1584 ad
290 1543 429 1584 Deum
451 1538 682 1582 fundendi.
705 1539 789 1592 Qui
812 1554 913 1597 ergo
931 1548 1107 1598 praestat
1128 1542 1447 1600 navigantibus,

18 1622 23 1660 ι
68 1619 117 1655 ut
142 1609 396 1669 perveniant
425 1608 479 1652 ad
504 1617 679 1668 portum
695 1643 705 1663 ,
742 1608 954 1668 numquid
979 1608 1214 1654 Ecclesiam
1239 1627 1360 1656 suam
1385 1613 1452 1657 di-

10 1715 11 1718 *
68 1682 274 1725 missurus
291 1689 378 1733 est,
399 1687 450 1722 ut
471 1675 676 1722 eam-non
698 1680 908 1737 perducat
930 1679 983 1722 ad
1007 1680 1229 1738 requiem?

0 1762 2 1767 ’
128 1754 181 1794 V.
210 1754 387 1804 Tamen,
406 1748 574 1803 fratres,
600 1750 783 1792 maxima
803 1749 1071 1808 perturbatio
1088 1750 1130 1793 in
1148 1751 1225 1795 ista
1250 1753 1349 1796 navi
1364 1769 1452 1797 non

70 1830 158 1876 est,
184 1820 266 1863 nisi
288 1820 332 1863 in
351 1819 542 1863 absentia
565 1819 752 1863 Domini.
782 1822 831 1862 In
860 1819 1048 1863 Ecclesia
1072 1822 1355 1877 constitutus,
1382 1824 1454 1867 ab·

2 1903 9 1930 s
71 1900 234 1936 sentem
257 1890 390 1934 habet
412 1890 676 1933 Dominum?
694 1888 880 1942 Quando
903 1889 1036 1933 habet
1062 1891 1283 1935 absentem
1307 1894 1456 1937 Domi-

0 1979 10 2000 :
74 1963 206 2006 num?
226 1959 409 2014 Quando
432 1959 620 2004 vincitur
640 1959 783 2018 aliqua
800 1959 1052 2018 cupiditate.
1090 1961 1321 2013 Quomodo
1339 1963 1455 2006 enim

75 2032 267 2092 quodam
311 2030 407 2075 loco
450 2030 494 2073 in
537 2038 807 2074 sacramento
842 2028 1008 2073 dictum
1046 2030 1256 2089 accipitur
1283 2051 1292 2076 z
1331 2051 1350 2073 «
1383 2033 1454 2078 Sol

77 2120 98 2144 »
123 2117 211 2145 non
234 2101 404 2145 occidat
425 2115 552 2159 super
573 2099 841 2144 iracundiam
867 2108 1068 2153 vestram,
1089 2115 1232 2161 neque
1255 2101 1365 2146 detis
1387 2103 1454 2147 lo-

6 2196 20 2216 -‚
80 2190 100 2213 »
123 2186 223 2216 cum
247 2169 421 2214 diabolo
437 2172 476 2213 1:
507 2188 526 2210 »
559 2169 816 2229 intelligitur
838 2178 982 2213 autem
998 2204 1008 2224 ,
1034 2185 1123 2214 non
1156 2170 1211 2214 de
1236 2172 1317 2216 isto
1339 2172 1428 2217 sole
1443 2209 1454 2228 ,

20 2261 38 2283 >:
78 2242 151 2302 qui
166 2241 299 2286 habet
321 2239 555 2301 quamdam
579 2239 891 2285 sublimitatem
906 2241 1020 2284 inter
1042 2241 1231 2286 coelestia
1251 2243 1454 2300 visibilia,

4 2315 24 2356 ’,ἓ
78 2313 155 2373 qui
173 2311 462 2356 communiter
484 2309 620 2354 videri
644 2319 786 2369 potest
812 2320 854 2355 et
876 2327 898 2355 a
928 2312 1053 2355 nobis
1075 2320 1118 2356 et
1140 2328 1162 2356 a
1187 2313 1360 2372 bestiis;
1384 2317 1459 2360 sed

134 2617 142 2633 ¹
170 2609 276 2643 Florus
293 2610 333 2642 ad
350 2609 467 2652 Ephes.
487 2620 535 2650 ιν,
555 2609 607 2641 26.
632 2625 672 2632 -
693 2615 705 2631 ²
724 2610 814 2641 Joan.
835 2619 857 2650 1,
876 2619 909 2651 9.

278 2674 416 2705 cxxv.
1227 2664 1279 2704 22
