1898 3178
374 211 458 251 488
806 218 838 246 s.
877 218 1105 246 Aucus‘rnn
1137 218 1316 246 EPISCOPI

370 288 543 332 dentem
563 301 650 330 non
675 293 958 342 agnoverunt,
981 294 1023 328 et
1039 292 1288 342 regnantem
1315 298 1545 343 agnoscere
1567 298 1655 328 non
1673 283 1750 328 de-

372 359 575 400 buerunt.
598 360 648 399 In
671 356 792 413 cujus
807 354 919 398 enim
941 354 1118 398 nomine
1134 363 1346 398 vocantur
1367 362 1410 397 et
1434 353 1753 397 benedicuntur

365 443 516 472 omnes
550 434 726 485 gentes,
767 425 846 468 nisi
880 425 926 466 in
961 426 1051 484 ejus
1084 439 1214 484 quem
1238 432 1393 482 putant
1416 424 1638 468 Christum
1662 439 1752 468 non

363 499 525 543 fuisse?
562 500 658 555 Ipse
680 495 796 539 enim
819 495 932 538 filius
971 495 1106 540 David
1126 531 1136 549 ,
1163 496 1315 555 utique
1352 510 1403 538 ex
1426 495 1590 538 semine
1616 495 1753 539 David

362 567 602 612 secundum
628 581 824 620 carnem,
850 565 963 609 filius
985 575 1049 609 est
1075 566 1310 609 Abraham.
1340 565 1381 609 Si
1415 574 1561 608 autem
1584 565 1751 609 dictum

360 648 423 681 est
461 637 515 681 ad
537 636 758 680 Abraham
786 655 794 680 :
826 655 846 677 «
873 638 923 679 In
953 635 1114 679 semine
1144 645 1219 680 tuo
1251 633 1571 679 benedicentur
1599 649 1751 679 omnes

363 728 382 751 »
419 717 567 765 gentes
583 709 595 732 ¹
616 741 627 762 ‚
647 724 667 747 »
687 715 730 750 et
746 706 897 750 vident
914 707 1066 766 jamin
1083 707 1256 750 Christo
1273 714 1421 749 nostro
1443 703 1645 749 benedici
1663 720 1751 749 om-

361 793 435 822 nes
458 787 623 835 gentes,
640 776 748 836 quid
765 784 994 835 expectant
1015 775 1135 835 quod
1152 777 1243 834 jam
1268 776 1400 829 venit,
1416 783 1458 818 et
1480 790 1571 819 non
1594 775 1751 819 timent

363 848 482 909 quod
504 857 738 892 venturum
765 849 858 891 est?
881 846 1089 906 Lapidem
1110 847 1224 889 enim
1238 862 1281 890 se
1304 845 1409 890 dixit
1427 846 1517 905 ipse
1540 845 1750 890 Dominus

362 929 507 964 noster
531 921 653 961 Jesus
676 918 888 971 Christus,
910 916 1166 975 prophetico
1189 915 1244 960 ad
1263 931 1307 960 se
1325 915 1602 960 asserendum
1626 924 1750 959 utens

364 990 625 1034 testimonio.
653 987 861 1047 Lapidem
889 996 1035 1031 autem
1057 986 1187 1030 talem
1202 1022 1212 1041 ‚
1248 997 1298 1032 ut
1319 988 1351 1031 si
1375 988 1470 1045 quis
1492 987 1537 1030 in
1558 1002 1660 1030 eum
1683 985 1751 1030 of-

363 1061 552 1104 fenderit
570 1095 580 1114 ,
602 1069 944 1118 conquassetui'3
969 1074 1098 1117 super
1126 1074 1256 1118 quem
1276 1068 1421 1103 autem
1446 1058 1553 1117 lapis
1580 1057 1652 1101 ille
1673 1072 1749 1102 ve-

362 1132 503 1184 nerit,
538 1139 735 1174 conterat
759 1145 858 1173 eum
874 1133 906 1172 ².
937 1129 1125 1182 Quando
1148 1131 1263 1173 enim
1286 1130 1330 1173 in
1355 1145 1456 1174 eum
1487 1128 1746 1183 offenditur,

364 1200 539 1245 humilis
557 1201 670 1259 jacet
694 1221 702 1243 :
721 1199 908 1258 jacendo
927 1199 1102 1258 humilis
1124 1210 1298 1259 quassat
1320 1199 1619 1244 offendentem
1635 1233 1646 1253 ,
1672 1214 1750 1243 ve-

359 1273 523 1316 niendo
552 1271 745 1315 excelsus
772 1272 956 1314 conterit
976 1271 1315 1329 superbientem.
1356 1275 1452 1315 Jam
1475 1285 1577 1328 ergo
1608 1269 1751 1313 Judaei

363 1342 434 1385 illa
457 1341 697 1386 offensione
721 1341 907 1399 quassati
931 1351 1030 1384 sunt
1054 1360 1062 1385 :
1090 1350 1220 1384 restat
1256 1350 1303 1384 ut
1324 1342 1414 1399 ejus
1446 1339 1654 1398 praeclaro
1678 1337 1751 1382 ad-

361 1421 495 1455 ventu
513 1413 642 1454 etiam
667 1419 948 1454 conterantur
967 1444 977 1463 ,
999 1409 1081 1452 nisi
1104 1408 1217 1453 forte
1236 1425 1336 1454 cum
1359 1411 1535 1463 vivunt,
1561 1423 1751 1467 agnove-

360 1483 469 1536 rint,
497 1496 550 1525 ne
583 1480 841 1524 moriantur.
868 1479 1038 1522 Patiens
1062 1479 1176 1522 enim
1206 1490 1270 1524 est
1293 1483 1403 1523 Deus
1421 1514 1432 1534 ‚
1458 1488 1501 1523 et
1521 1477 1618 1524 illos
1639 1494 1751 1538 quo·

364 1552 469 1596 tidie
494 1552 645 1593 invitat
665 1550 719 1593 ad
742 1550 887 1592 fidem.

421 1625 480 1665 II.
497 1622 580 1666 Sed
598 1636 695 1664 cum
714 1623 737 1663 J
742 1621 855 1664 udaei
875 1620 1135 1680 respondere
1155 1637 1243 1666 non
1260 1631 1436 1681 possent
1453 1622 1638 1667 Domino
1657 1637 1750 1681 pro-

362 1692 540 1751 ponenti
580 1692 866 1751 quaestionem
906 1701 948 1736 et
986 1691 1147 1736 dicenti
1172 1728 1182 1747 ,
1225 1694 1347 1752 cujus
1383 1692 1521 1737 filium
1557 1693 1750 1737 dicerent

363 1763 585 1807 Christum
613 1782 620 1805 :
659 1772 788 1820 atque
824 1761 888 1805 iili
923 1762 1235 1821 responderent
1255 1798 1265 1818 ‚
1303 1763 1441 1806 filium
1477 1763 1614 1808 David
1641 1783 1649 1806 :
1673 1764 1752 1806 ad-

365 1834 511 1878 dendo
534 1844 576 1877 et
598 1833 883 1892 proponendo
906 1853 914 1877 :
952 1853 971 1874 «
997 1834 1225 1886 Quomodo
1243 1847 1345 1890 ergo
1368 1831 1506 1876 David
1527 1833 1573 1876 in
1595 1833 1749 1891 spiritu

365 1922 386 1945 ³>
422 1913 548 1948 vocat
571 1919 669 1945 eum
695 1904 927 1944 Dominum
943 1936 953 1955 ‚
985 1900 1162 1945 dicens:
1190 1902 1305 1945 Dixit
1334 1903 1541 1947 Dominus
1562 1904 1770 1948 Domino'

362 1991 384 2014 υ
421 1987 545 2016 meo:
573 1972 684 2015 Sede
707 1970 760 2014 ad
777 1970 995 2014 dexteram
1019 1986 1182 2026 meam,
1207 1972 1346 2016 donec
1369 1988 1529 2031 ponam
1552 1973 1749 2018 inimicos

362 2062 383 2085 >›
423 2053 516 2087 tuos
534 2043 614 2086 sub
633 2043 764 2101 pedib
773 2058 818 2086 us
842 2042 957 2086 tuis?
974 2042 1016 2086 Si
1037 2058 1138 2100 ergo
1162 2042 1297 2087 David
1315 2080 1325 2098 ‚
1345 2045 1509 2104 inquit,
1534 2045 1580 2088 in
1593 2045 1744 2104 spiritu

365 2132 384 2154 »
421 2113 526 2157 dicit
548 2128 647 2155 eum
673 2113 904 2156 Dominum
926 2147 936 2166 ,
963 2111 1184 2171 quomodo
1215 2122 1277 2156 est
1299 2114 1413 2158 filius
1436 2116 1551 2174 ejus3
1569 2116 1587 2156 ‘3
1607 2133 1626 2156 »
1649 2117 1748 2160 Non

363 2183 469 2228 dixit
491 2202 499 2227 :
525 2185 620 2227 Non
646 2193 712 2226 est
731 2182 842 2225 [iiius
865 2183 979 2240 ejus:
1003 2181 1093 2236 sed,
1110 2183 1376 2235 «Quomodo
1405 2194 1469 2229 est
1496 2185 1610 2229 filius
1632 2187 1748 2246 ejus?

365 2272 385 2294 »
423 2252 654 2306 Quomodo
678 2272 696 2293 »
718 2268 818 2296 cnm
836 2252 942 2296 dicit
960 2288 970 2306 ,
988 2253 1173 2296 verbum
1192 2255 1427 2312 quaerentis
1446 2265 1510 2300 est
1525 2291 1535 2310 ‚
1559 2272 1648 2300 non
1670 2271 1748 2300 ne·
1867 2274 1870 2280 ·
1887 2293 1893 2300 ,

364 2325 503 2382 gantis
529 2343 538 2367 z
574 2333 780 2383 tanquam
812 2324 845 2367 si
863 2324 946 2367 hoc
968 2324 1027 2367 eis
1048 2323 1211 2368 diceret
1233 2345 1240 2369 :
1266 2328 1382 2369 Bene
1405 2325 1583 2386 quidem
1608 2326 1747 2372 dicitis

362 2394 582 2438 Christum
598 2392 737 2437 filium
760 2393 922 2448 David,
944 2392 1018 2437 sed
1035 2393 1125 2453 ipse
1147 2395 1287 2440 David
1304 2397 1539 2441 Dominum
1557 2413 1658 2441 eum
1675 2398 1746 2441 di-

359 2465 443 2521 cit3
466 2480 597 2523 quem
634 2465 740 2509 dicit
762 2463 835 2508 ilie
865 2465 1099 2509 Dominum
1122 2466 1343 2524 quomodo
1366 2477 1429 2513 est
1450 2468 1597 2513 filius?
1619 2469 1746 2513 Dice-

413 2554 421 2569 ¹
444 2549 520 2579 Gen.
546 2560 623 2589 xxii,
647 2560 696 2589 ις.
719 2566 757 2572 —
779 2557 790 2572 ²
811 2552 885 2582 Luc.
908 2561 962 2591 xx,
988 2562 1039 2592 17,
1064 2552 1112 2583 ιθ,
1135 2565 1169 2573 -ν-
1204 2551 1216 2574 3
1235 2552 1353 2584 Matth.
1371 2564 1446 2592 xxii,
1465 2552 1585 2595 42-45.
