1898 3178
131 405 234 437 Sanno
268 414 370 436 vau.

261 578 369 600 vam.

283 688 368 710 1.le-

295 799 365 821 Lxx.

284 964 368 987 mm.

269 1187 365 1208 Lxxn.

250 1297 364 1319 Lxxm.

263 1407 368 1428 Lxxxv.

272 1517 352 1538 Lxxv
357 1529 365 1536 .

258 1627 360 1650 Lxxvl.

243 1738 365 1761 Lxxvll.

238 1904 366 1926 Lxxvm.

262 2068 352 2090 Lxxlx
357 2084 365 2091 .

274 2180 365 2202 Lxxx.

259 2291 369 2313 Lxxxx.

246 2402 363 2424 Lxxxu.

220 2567 356 2596 CXXV.

675 242 822 268 INDEx.
1353 228 1431 268 641

440 294 520 337 pulis
533 293 595 326 suis
609 320 618 337 ‚
645 296 690 328 ait
705 296 767 328 illi:
787 298 833 328 'l'u
847 305 880 327 es
895 295 951 338 qui
967 301 1118 328 venturus
1132 305 1178 336 οε,
1192 305 1231 327 an
1254 294 1350 328 alium

441 350 666 392 expectamus?
684 356 749 383 eto.
1268 363 1346 394 pag.
1372 352 1436 384 262

398 404 448 436 De
465 404 583 435 verbis
602 405 783 447 Evangelii
793 404 924 437 Manli.
949 415 982 437 xx
997 416 1004 436 z
1019 404 1178 437 Confiteor
1196 404 1270 446 tibi,
1287 407 1350 438 Pa-

440 462 505 498 ter,
524 458 658 491 Domine
674 459 744 491 coeli
771 465 802 492 et
825 465 931 501 terrae,
948 459 1021 502 quia
1037 459 1229 493 abscondisti
1248 460 1315 492 haec
1332 471 1351 492 a

433 512 643 554 sapientibus,
663 519 727 545 ele.

396 568 480 599 Item
503 567 546 600 de
563 567 674 599 verbis
692 569 872 612 Evangelii
891 568 1010 600 illabili
1026 581 1060 601 ει
1081 581 1088 600 ;
1105 570 1260 602 Confiteor
1276 569 1350 610 tibi,

1374 514 1436 546 267

438 624 545 662 Pater,
573 623 704 656 Domine
719 624 791 656 coeli
807 628 841 656 et
857 628 949 655 terrae
960 649 969 665 ,
989 629 1053 657 ele.
1374 627 1438 657 275

395 679 446 710 De
463 678 580 709 verbis
598 679 779 720 Evangelii
795 678 924 711 Maiih.
946 690 981 712 xx
997 691 1004 711 :
1028 680 1141 712 Venite
1154 680 1194 711 ad
1211 690 1262 712 me
1277 691 1350 713 om—

436 743 493 765 nes
505 733 558 776 qui
579 733 747 774 laboratis,
763 738 796 766 et
812 736 936 766 onerati
949 735 1042 777 estis,
1062 739 1127 767 etc.
1375 737 1438 767 279

393 788 541 821 Rursum
559 787 600 821 de
617 789 734 821 verbis
755 789 934 834 Evangelii
952 790 1081 822 Matth.
1100 801 1134 822 ιι
1151 803 1162 821 .·
1185 791 1297 823 Venite
1313 791 1354 823 ad

441 854 494 876 me
510 854 620 876 omnes
637 843 690 887 qui
707 844 870 886 laboratis,
889 849 922 877 et
934 846 1057 878 onerati
1074 846 1163 885 estis,
1176 850 1209 878 et
1219 857 1277 887 ego
1299 857 1354 878 re-

436 899 541 931 ficiam
552 909 622 940 VOS,
638 904 704 931 etc.

394 956 450 986 De*
462 954 578 987 ver-bis
591 955 772 998 Evangelii
788 954 919 987 Manli.
934 966 979 986 xit
991 968 1002 986 -:
1025 955 1085 993 Qui
1093 955 1209 987 dixerit
1219 955 1354 987 verbum

441 1013 554 1042 contra
567 1009 717 1052 Spiritum
735 1014 894 1050 sanctum,
919 1021 981 1042 non
993 1011 1177 1043 remittetur
1194 1010 1237 1048 ei,
1252 1021 1355 1052 neque

437 1066 470 1097 in
482 1065 545 1097 hoc
562 1065 690 1107 saeculo,
709 1076 814 1107 neque
830 1065 861 1097 in
875 1066 996 1098 futuro.
1006 1066 1078 1098 Sive
1096 1065 1136 1097 cle
1149 1065 1355 1107 blasphemia

436 1122 472 1152 ιή
490 1121 650 1163 Spiritum
662 1129 828 1153 sanctum.

391 1177 440 1208 De
454 1176 570 1208 verbis
587 1177 766 1218 Evangelii
776 1176 907 1208 Manh.
924 1188 967 1208 xu
981 1189 988 1209 :
1005 1179 1068 1209 Aut
1087 1176 1187 1209 facile
1204 1176 1351 1209 arborem

434 1231 566 1272 honam,
585 1236 619 1263 ct
635 1231 775 1263 fructum
799 1232 868 1273 ejus
884 1232 1016 1274 bonum,
1035 1237 1100 1265 etc.
1378 1234 1441 1263 322

390 1289 436 1318 De
446 1286 555 1318 verbis
565 1285 724 1328 Evangelii
735 1287 856 1319 Matth.
875 1299 945 1328 1111,
956 1287 1011 1320 ubi
1027 1288 1175 1320 Dominus
1184 1289 1201 1319 J
1205 1297 1274 1319 esus
1289 1297 1349 1329 pa-

435 1341 559 1373 rabolas
570 1342 752 1373 seminantis
766 1342 908 1385 exponit.
1375 1344 1439 1373 327

394 1398 445 1428 De
463 1397 578 1429 verbis
595 1397 776 1438 Evangelii
791 1397 922 1429 Manli.
940 1408 996 1431 xm
1016 1410 1022 1429 :
1042 1398 1118 1430 Ideo
1134 1399 1236 1431 omnis
1252 1395 1354 1430 scriba

438 1452 577 1484 eruditus
596 1452 627 1483 in
644 1462 740 1494 regno
753 1452 824 1493 Dei,
842 1456 907 1485 etc.

391 1507 442 1538 De
456 1506 573 1537 verbis
585 1507 768 1550 Evangelii
779 1507 824 1538 M
825 1507 913 1539 aith.
927 1517 984 1537 x1v
1000 1520 1007 1538 z
1027 1507 1179 1539 Navicula
1198 1512 1305 1539 autem
1322 1508 1353 1539 in

436 1561 541 1593 medio
559 1562 638 1592 mari
652 1561 838 1601 jactabatur
859 1560 1023 1602 fluctibm,
1045 1566 1110 1593 etc.

388 1619 505 1649 Rursus
518 1617 550 1648 in
558 1617 672 1659 Matth.
683 1627 737 1648 xiv
753 1617 794 1649 de
805 1617 938 1648 Domino
954 1617 1138 1649 ambulante
1153 1627 1246 1659 super
1258 1627 1354 1659 aquas

438 1672 544 1712 maris,
564 1676 597 1703 et
608 1672 653 1703 'de
672 1674 765 1703 Petro
783 1671 956 1704 titubante.

392 1729 443 1760 De
468 1727 583 1759 verbis
597 1727 781 1769 Evangelii
803 1725 935 1758 IlIatllz.
953 1737 997 1759 xv
1015 1739 1021 1756 :
1042 1729 1190 1769 Egressus
1207 1729 1297 1759 Jesus
1313 1728 1353 1759 de

440 1782 655 1820 Genezareth,
678 1782 812 1813 secessit
829 1781 860 1813 in
878 1785 995 1823 partes·
1013 1782 1088 1822 Tyri
1106 1786 1139 1815 et
1159 1781 1280 1813 Sidonis
1294 1806 1303 1822 ,
1323 1787 1355 1813 et

438 1849 516 1870 ecce
534 1838 648 1869 mulier
660 1838 848 1876 Chananaea,
868 1843 930 1868 etc.

393 1894 445 1925 De
459 1893 574 1925 verbis
587 1893 770 1934 Evangelii
783 1891 912 1923 Manh.
933 1902 1001 1924 xvu
1018 1904 1025 1923 ε
1045 1894 1120 1924 Post
1138 1891 1204 1923 dies
1220 1902 1275 1923 sex
1297 1902 1352 1923 as-

439 1948 573 1989 sumpsit
590 1950 681 1979 ,lesus
711 1950 838 1979 Petrum
854 1972 862 1987 ‚
889 1951 922 1978 et
941 1946 1095 1978 Jacobum
1109 1971 1118 1987 ,
1137 1951 1170 1978 et
1198 1949 1352 1978 Joannem

434 2003 570 2034 fratrem
583 2003 651 2043 ejus
666 2027 674 2040 ‚
694 2005 759 2034 etc.

391 2059 525 2090 Rursum
543 2057 584 2090 de
613 2057 720 2090 verbis
737 2057 898 2099 Evangelii
915 2057 1028 2088 Matth.
1046 2068 1111 2088 xvn
1124 2081 1132 2097 ,
1147 2056 1202 2088 ubi
1214 2067 1248 2088 se
1263 2059 1278 2089 J
1284 2068 1353 2089 esus

437 2113 668 2145 demonstravit
688 2113 719 2144 in
741 2117 849 2145 monte
865 2113 968 2144 tribus
986 2112 1164 2154 Discipulis.

390 2171 442 2201 De
465 2169 582 2201 verbis
613 2168 799 2212 Evangelii
819 2167 947 2200 Manli.
965 2179 1028 2200 xvu
1050 2181 1057 2200 ;
1076 2171 1140 2201 Nos
1157 2179 1254 2211 quare
1280 2179 1350 2201 eum

432 2235 496 2256 non
516 2224 677 2266 potuimus
695 2224 816 2264 ejicere
830 2249 838 2263 ,
853 2227 918 2256 etc.
941 2223 1007 2255 Ubi
1024 2223 1064 2256 de
1086 2224 1260 2256 Oratione.

394 2283 440 2312 De
457 2279 565 2312 verbis
584 2278 745 2322 Evangelii
758 2279 878 2311 Manli.
898 2289 995 2320 xvm,
1014 2279 1069 2311 ubi
1086 2279 1290 2311 admonemur
1309 2279 1351 2311 ab

433 2335 588 2367 scandalis
601 2335 708 2366 mundi
726 2345 852 2367 cavere.

390 2392 439 2424 De
463 2390 579 2423 verbis
598 2390 780 2433 Evangelii
796 2389 929 2422 Manli.
950 2400 1049 2421 xvm:
1070 2390 1101 2422 Si
1119 2389 1303 2431 peccaverit
1320 2390 1351 2420 in

435 2451 468 2478 te
496 2446 593 2478 fraxer
620 2451 710 2487 tuus,
736 2446 863 2488 corripe
885 2456 955 2478 eum
973 2446 1056 2478 inter
1073 2450 1105 2477 te
1129 2449 1162 2477 et
1183 2446 1283 2487 ipsum
1301 2455 1351 2476 so-

437 2503 512 2544 lum,
536 2507 599 2535 etc.
616 2502 666 2534 Et
684 2500 725 2533 de
743 2501 856 2534 verbis
872 2501 1057 2535 Salomonis
1077 2520 1082 2532 .·
1104 2503 1252 2534 Annuens
1268 2512 1351 2533 ocu—

1227 2554 1275 2592 [21

1379 1456 1438 1485 331

1379 1564 1442 1594 335

1374 1673 1438 1704 342

1378 1839 1440 1869 350

1377 2004 1435 2034 361

1377 2116 1438 2146 36⁴)

1376 2225 1439 2255 3ch

1376 2336 1436 2365 377
