1898 3178
441 211 581 239 smmo
609 210 715 248 1111,
750 209 804 236 DE
835 206 982 236 veluus
1012 204 1178 236 ΜΑΤΤΗ.
1213 207 1255 234 v.
1463 193 1546 234 155

163 287 227 323 est
241 277 317 338 qui
338 291 429 321 non
445 275 564 320 velit.
586 277 723 321 Nemo
736 274 900 334 quippe
911 272 1096 319 inveniri
1112 279 1255 332 potest
1267 305 1280 326 ‚
1300 271 1376 331 qui
1394 271 1547 316 beatus

161 363 252 393 esse
274 346 400 392 nolit.
436 345 520 390 Sed
541 360 568 390 o
589 345 623 389 si
645 344 843 389 homines
864 344 1087 404 quomodo
1111 341 1358 388 desiderant
1380 356 1547 387 merce-

165 418 287 472 dem,
311 415 369 460 sic
385 429 496 474 opus
516 414 727 459 mercedis
747 429 837 459 non
859 413 1127 458 recusarent!
1154 413 1260 467 Quis
1281 427 1372 456 non
1393 412 1548 457 alacri-

166 497 231 532 ter
252 495 419 541 currat,
449 501 551 530 cum
571 485 612 530 ei
633 485 792 530 dicitur
817 502 826 528 :
858 487 1013 528 Beatus
1034 485 1142 528 eris?
1176 484 1382 528 Libenter
1402 482 1549 528 audiat

164 565 209 602 et
231 572 332 606 cum
345 556 529 602 dicitur:
553 556 596 601 Si
609 556 693 601 hoc
714 553 880 599 feceris.
901 556 1000 599 Non
1016 563 1240 599 recusetur
1252 562 1494 608 certamen,
1514 554 1549 597 si

160 626 357 685 diligitur
379 627 634 686 praemium3
664 632 709 670 et
730 624 991 670 accendatur
1015 625 1184 669 animus
1207 623 1263 669 ad
1284 623 1549 668 alacritatem

160 698 301 757 operis
335 697 715 743 commendatione
747 695 972 740 mercedis.
1008 694 1139 749 Quod
1166 694 1390 750 volumus,
1429 694 1551 755 quod

160 768 455 816 desideramus
471 803 481 822 ‚
507 768 628 828 quod
646 768 856 828 petimUS‚
880 775 979 826 post
995 767 1101 811 erit:
1122 765 1243 826 quod
1264 775 1412 812 autem
1428 766 1551 826 jube-

160 854 260 883 mur
279 849 329 883 ut
345 839 577 894 faciamus,
597 848 775 898 propter
796 837 909 882 illud
929 838 1051 898 quod
1072 846 1170 897 post
1193 838 1300 893 erit,
1323 837 1457 882 modo
1478 837 1547 882 sit.

159 911 273 959 Ecce
294 909 438 969 incipe
456 909 601 956 divina
622 910 738 953 dicta
752 908 963 964 recolere,
990 917 1034 952 et
1049 908 1142 968 ipsa
1157 907 1421 967 Evangelica
1437 923 1552 967 prae-

160 989 286 1040 cepta
307 979 377 1026 vel
403 995 601 1024 munera.
631 998 652 1023 «
674 980 796 1024 Beati
817 994 1029 1039 pauperes
1050 980 1227 1039 spiritu,
1251 979 1460 1039 quoniam
1482 979 1551 1038 ip-

163 1068 185 1093 »
219 1066 367 1099 sorum
386 1059 450 1095 est
466 1065 649 1109 regnum
673 1049 924 1095 coelorum1.
947 1054 1100 1095 Postea
1121 1051 1203 1096 erit
1220 1059 1347 1095 tuum
1363 1064 1550 1109 regnum

160 1121 378 1167 coelorum
392 1156 403 1176 ,
418 1120 551 1166 modo
563 1130 655 1165 esto
667 1135 834 1180 pauper
846 1120 1016 1180 spiritu.
1037 1121 1112 1166 Vis
1126 1129 1176 1166 ut
1196 1130 1346 1180 postea
1367 1135 1552 1179 regnum

161 1192 376 1237 coelorum
391 1200 520 1235 tuum
541 1191 619 1239 sit?
641 1190 752 1236 Vide
772 1189 907 1235 modo
925 1200 974 1235 tu
995 1191 1085 1250 ipse
1101 1192 1226 1251 cujus
1240 1191 1310 1235 sis,
1330 1192 1437 1236 Esto
1450 1206 1553 1250 pau-

161 1277 240 1321 per
260 1261 430 1321 spiritu.
457 1261 622 1314 Quaeris
643 1276 667 1305 a
688 1276 758 1304 me
780 1260 981 1316 fortasse,
1008 1260 1117 1320 quid
1136 1262 1192 1305 sit
1208 1276 1299 1306 esse
1315 1276 1553 1321 pauperem

162 1331 334 1392 spiritu.
359 1330 510 1379 Omnis
525 1330 701 1379 inflatus
719 1345 809 1375 non
826 1339 890 1375 est
907 1346 1073 1390 pauper
1089 1331 1270 1391 spiritu:
1295 1347 1398 1391 ergo
1411 1332 1554 1376 humi-

162 1402 214 1446 lis
234 1415 400 1461 pauper
421 1408 486 1448 est
506 1400 676 1460 spiritu.
701 1400 853 1446 Altum
885 1410 950 1446 est
970 1417 1154 1461 regnum
1173 1401 1388 1447 coelorum
1414 1421 1423 1447 :
1450 1401 1550 1459 sed,

170 1490 192 1514 «
223 1472 310 1526 Qui
331 1486 376 1516 se
396 1470 621 1527 humiliat,
645 1470 941 1516 exaltabitur2.
965 1490 986 1514 n

222 1545 283 1587 ΙΙ.
307 1541 501 1591 Attende
523 1541 646 1602 quod
666 1542 864 1602 sequitur
896 1561 907 1588 ;
942 1561 963 1586 «
998 1543 1120 1590 Beati
1138 1577 1150 1596 ‚
1190 1543 1335 1602 inquit
1349 1576 1362 1597 ,
1398 1541 1523 1587 mites
1539 1576 1551 1598 ,

165 1632 187 1659 n
220 1614 430 1675 quoniam
451 1613 533 1673 ipsi
558 1613 814 1657 haereditate
846 1612 1133 1672 possidebunt
1163 1615 1361 1658 terramss.
1399 1631 1421 1655 »
1455 1615 1554 1658 Jam

161 1685 226 1730 vis
246 1683 467 1743 possidere
487 1691 649 1727 terram
667 1701 676 1728 z
697 1682 797 1727 vide
811 1698 867 1727 ne
878 1682 1135 1742 possidearis
1152 1699 1176 1728 a
1197 1692 1326 1728 terra.
1354 1683 1554 1728 Posside-

163 1754 230 1798 bis
252 1754 366 1798 mitis
380 1788 392 1808 ‚
416 1752 703 1813 possideberis
727 1752 920 1798 immitis.
945 1755 1035 1799 Nec
1056 1768 1159 1798 cum
1180 1754 1303 1798 audis
1324 1754 1555 1813 praemium

162 1826 436 1884 propositum
447 1858 459 1878 ‚
480 1832 530 1868 ut
546 1823 764 1883 possideas
780 1832 938 1869 terram
957 1823 1162 1869 extendas
1178 1825 1367 1870 avaritiae
1382 1825 1525 1869 sinum
1540 1859 1551 1880 ‚

163 1910 251 1955 qua
270 1894 334 1940 vis
355 1893 574 1953 possidere
593 1894 726 1953 modo
747 1903 907 1938 terram
921 1928 932 1948 ‚
962 1893 1137 1938 excluso
1158 1894 1290 1939 etiam
1312 1903 1555 1955 utcumque

162 1966 307 2010 vicino
328 1974 406 2010 tuo
430 1986 442 2024 3
462 1980 552 2009 non
566 1973 611 2009 te
632 1964 712 2008 ista
726 1962 850 2008 fallat
871 1964 1036 2023 opinio.
1059 1966 1181 2007 Tunc
1197 1978 1298 2009 vere
1314 1965 1553 2023 possidebis

164 2044 323 2080 terram
335 2070 345 2090 ,
363 2034 541 2095 quando
553 2033 772 2078 inhaeseris
783 2033 822 2077 ei
834 2034 911 2094 qui
923 2033 1026 2078 fecit
1037 2032 1199 2083 coelum
1211 2043 1254 2078 et
1266 2043 1440 2079 terram.
1458 2036 1553 2080 Hoc

165 2104 282 2150 enim
299 2114 363 2154 est
374 2120 463 2149 esse
479 2105 649 2159 mitem,
667 2119 758 2149 non
771 2104 967 2149 resistere
981 2107 1072 2151 Deo
1092 2112 1170 2148 tuo
1192 2121 1202 2148 z
1227 2113 1278 2149 ut
1296 2104 1342 2148 in
1363 2119 1414 2149 eo
1433 2105 1555 2165 quod

165 2174 891 2235 benefacis,ipsetibiplaceat‚non
900 2184 948 2219 tu
957 2175 1055 2233 tibi;
1070 2175 1115 2220 in
1124 2173 1304 2236 eoquod
1317 2174 1428 2221 mala
1435 2176 1553 2236 juste

166 2243 325 2303 pateris
339 2277 351 2298 ‚
376 2243 468 2302 ipse
483 2247 565 2287 tihi
585 2262 676 2291 non
697 2246 944 2306 displiceat,
965 2245 1041 2291 sed
1063 2255 1113 2290 tu
1136 2246 1231 2290 tibi.
1261 2248 1413 2305 Neque
1436 2247 1553 2290 enim

166 2327 321 2373 parum
353 2320 439 2367 est,
463 2313 565 2371 quia
586 2312 777 2372 placebis
798 2317 837 2357 ei
855 2349 866 2365 ‚
899 2316 1130 2374 displicens
1165 2315 1267 2371 tihi,
1304 2314 1550 2375 displicebis

169 2392 314 2432 autem
335 2382 373 2426 ei
389 2417 400 2435 ‚
425 2381 598 2441 placens
619 2383 712 2426 tibi.

227 2461 307 2503 ΙΙΙ.
333 2458 521 2502 Attende
550 2458 726 2502 tertium
753 2478 761 2504 :
792 2478 811 2501 «
839 2460 959 2503 Beati
983 2459 1203 2518 lugentes,
1235 2462 1442 2522 quoniam
1469 2463 1553 2522 ipsi

218 2550 227 2565 ¹
244 2544 360 2576 Manli.
377 2555 411 2584 v,
428 2544 458 2575 3.
487 2558 527 2564 -—
546 2550 557 2565 ²
578 2544 653 2576 Luc.
672 2554 722 2575 xiv
734 2547 766 2575 et
783 2554 870 2575 xvlu.
892 2560 933 2566 —
954 2542 966 2566 3
985 2544 1082 2576 Matt.
1106 2555 1139 2586 v,
1161 2544 1196 2586 4.
