1898 3178
391 259 529 288 sEuMo
560 261 650 298 cm,
686 263 739 288 DE
771 260 916 289 vnnms
948 261 1041 288 Luc.
1076 261 1168 289 x111.
1389 251 1472 290 605

100 344 121 368 »
148 327 426 386 concupiscas
447 342 535 371 rem
555 327 738 386 proximi
760 328 852 372 tui¹
878 346 887 372 ι
910 346 930 369 »
957 327 1084 382 audi,
1117 336 1159 372 et
1184 328 1469 372 concordasti.

98 398 151 440 In
175 396 239 439 his
269 396 473 440 omnibus
501 412 599 441 cum
629 407 707 441 tuo
738 398 819 442 isto
845 397 1087 442 adversario
1109 396 1406 442 concordasti:
1434 407 1477 441 et

98 466 179 510 tibi
200 466 307 526 quid
324 467 576 527 perdidisti?
598 469 694 512 Non
710 468 849 512 solum
869 468 978 512 nihil
1000 468 1252 527 perdidisti,
1274 468 1349 514 sed
1371 478 1414 513 et
1436 478 1477 512 te

99 536 241 595 ipsum
256 572 267 592 ,
288 538 365 597 qui
382 538 567 597 perieras
586 572 596 591 ‚
622 538 837 582 invenisti.
865 539 943 582 Via
960 573 971 593 ‚
994 540 1080 582 vita
1097 539 1174 583 ista
1197 549 1260 583 est
1281 558 1288 583 :
1312 539 1347 583 si
1369 555 1477 584 con-

98 606 419 652 cordaverimus
438 623 537 652 cum
567 607 663 662 illo,
689 609 721 652 si
745 609 1087 653 consenserimus
1113 608 1174 653 illi
1199 631 1209 667 3
1234 611 1354 655 finita
1383 611 1474 665 via,

99 693 189 723 non
213 678 461 722 timebimus
477 679 669 739 judicem
685 714 695 733 ‚
721 679 962 722 ministrum
981 714 992 734 ,
1019 695 1248 724 carcerem.

160 751 234 792 IV.
260 748 446 802 Quando
464 749 614 792 finitur
629 749 724 793 via?
742 751 838 794 Non
856 750 1057 794 omnibus
1079 766 1165 794 una
1187 752 1291 795 hora
1309 752 1474 795 finitur.

100 819 408 879 Unusquisque
427 820 559 863 habet
581 820 731 864 horam
750 854 760 874 ,
786 819 964 879 quando
986 821 1108 865 finiat
1123 821 1252 866 viam.
1279 822 1372 877 Via,
1393 823 1480 867 vita

99 890 179 934 ista
207 889 320 933 dicta
347 900 408 934 est
437 908 446 934 z
478 889 611 934 finisti
627 890 751 934 istam
774 890 928 945 vitam,
955 891 1087 934 finisti
1109 891 1237 936 viam.
1265 893 1479 937 Ambula—

102 975 226 1018 mus3
258 969 301 1005 et
323 961 463 1020 ipsum
497 960 640 1004 vivere
657 995 667 1015 ‚
709 959 912 1005 accedere
934 970 1012 1005 est.
1041 961 1129 1006 Nisi
1155 961 1268 1006 forte
1291 964 1450 1022 putatis
1467 999 1478 1017 ,

100 1031 203 1091 quia
232 1040 405 1091 tempus
434 1031 633 1075 accedit?
667 1040 710 1075 et
739 1046 817 1075 nos
852 1033 1044 1076 stamus?
1075 1034 1171 1076 Non
1201 1042 1342 1092 potest
1371 1034 1477 1078 fieri.

102 1100 329 1154 Quomodo
352 1100 519 1145 accedit
542 1109 711 1160 tempus
726 1135 736 1154 ,
766 1099 1008 1145 accedimus
1023 1110 1065 1145 et
1082 1117 1159 1146 nos
1177 1121 1186 1146 2
1204 1112 1247 1147 et
1268 1119 1357 1148 non
1380 1105 1482 1147 anni

101 1172 227 1215 nobis
249 1170 462 1216 accedunt
479 1205 489 1225 ,
515 1170 589 1215 sed
609 1170 742 1229 magis
765 1170 998 1215 decedunt.
1025 1171 1163 1216 Valde
1181 1183 1325 1218 errant
1345 1174 1482 1218 homi-

101 1258 200 1297 nes,
220 1241 398 1302 quando
421 1241 604 1286 dicunt:
631 1245 744 1285 Puer
760 1241 839 1285 iste
868 1241 1011 1286 adhuc
1034 1243 1176 1288 minus
1202 1245 1337 1303 sapit,
1363 1260 1483 1289 acce-

101 1313 214 1356 dunt
239 1311 301 1356 illi
324 1312 454 1365 anni,
486 1321 528 1356 et
559 1310 749 1370 prudens
772 1313 867 1355 erit.
899 1312 1088 1356 Attende
1110 1313 1216 1373 quid
1240 1314 1370 1358 dicas.
1396 1319 1482 1359 Ac-

101 1382 282 1436 cedunt,
302 1381 445 1426 dixisti
465 1400 473 1426 :
494 1384 584 1438 Ego
606 1380 788 1426 ostendo
803 1382 905 1441 quia
920 1381 1154 1438 decedunt,
1176 1399 1274 1428 cum
1288 1394 1336 1428 tu
1354 1383 1480 1430 dicis:

105 1453 348 1498 Accedunt.
378 1455 436 1496 Et
458 1451 560 1496 audi
587 1467 720 1512 quam
743 1450 870 1495 facile
906 1451 950 1495 id
972 1453 1125 1511 probo.
1163 1457 1368 1499 Putemus
1407 1472 1485 1501 nos

103 1525 229 1569 scisse
254 1538 389 1568 annos
407 1523 541 1582 ipsius
557 1538 609 1566 ex
630 1537 719 1582 quo
739 1531 866 1566 natus
883 1531 946 1566 est
963 1541 972 1567 :
989 1523 1110 1566 verbi
1135 1525 1286 1582 gratia,
1307 1535 1357 1570 ut
1374 1527 1485 1571 bene

103 1593 166 1638 illi
195 1603 422 1654 optemuS,
453 1593 675 1651 octoginta
704 1607 839 1637 annos
862 1593 1056 1637 victurus
1083 1603 1166 1649 est,
1197 1606 1485 1654 perventurus

41 1655 46 1717 ἶ
104 1675 168 1709 est
199 1664 255 1709 ad
282 1673 565 1710 senectutem.
598 1664 751 1708 Scribe
781 1663 998 1720 octoginta
1032 1679 1182 1708 annos.
1212 1666 1326 1711 Vixit
1349 1683 1483 1712 unum

104 1751 269 1780 annum
289 1752 297 1777 :
318 1745 427 1796 quot
448 1735 583 1778 habes
605 1735 649 1778 in
671 1735 864 1778 summa?
885 1743 994 1792 quot
1016 1735 1221 1780 tenebas?
1236 1738 1482 1796 Octoginta.

105 1806 254 1852 Deduc
273 1821 424 1851 unum.
452 1805 569 1850 Vixit
587 1804 763 1849 decem:
789 1804 1059 1864 septuaginta
1082 1807 1346 1852 restiterunt.
1371 1809 1487 1854 Vixit

104 1877 258 1935 viginti
278 1895 287 1920 ι
311 1877 529 1933 sexaginta
549 1877 810 1919 restiterunt.
832 1877 959 1920 Certe
976 1876 1239 1921 accedebant
1261 1897 1269 1922 ε
1295 1879 1403 1939 quid
1424 1890 1487 1924 est

106 1947 214 1991 hoc?
241 1945 457 1999 Veniunt,
489 1952 538 1988 ut
556 1943 715 1988 abeant
736 1941 838 1985 anni
863 1945 997 1985 nostri
1017 1957 1027 1981 τ
1054 1947 1260 1998 veniunt,
1282 1948 1459 2005 inquam
1474 1982 1484 2001 ,

0 2042 1 2045 =
37 2034 49 2061 ε,
107 2026 157 2062 ut
178 2025 293 2061 eant.
319 2017 417 2061 Non
439 2014 554 2058 enim
577 2013 786 2067 veniunt,
811 2021 862 2056 ut
876 2020 991 2056 stent
1012 2013 1234 2058 nobiscum
1261 2033 1269 2059 z
1294 2015 1369 2060 sed
1386 2032 1487 2061 cum

110 2095 336 2133 transeunt
358 2100 434 2145 per
451 2099 552 2140 nos,
578 2092 727 2129 terunt
748 2097 825 2128 nos
840 2117 850 2137 ‚
871 2091 914 2126 et
931 2083 1075 2126 minus
1096 2085 1326 2146 minusque
1346 2086 1488 2131 valere

112 2174 191 2204 nos
212 2157 394 2202 faciunt.
432 2155 544 2200 Talis
566 2165 629 2200 est
651 2155 720 2199 via
737 2189 747 2209 ‚
774 2154 817 2197 in
840 2169 925 2213 qua
952 2153 1164 2199 venimus.
1195 2156 1310 2208 Quid
1331 2156 1490 2202 facturi

112 2243 260 2275 sumus
293 2242 392 2272 cum
427 2225 669 2270 adversario
695 2223 798 2279 illo,
834 2223 879 2267 id
915 2233 998 2277 est,
1035 2239 1132 2268 cum
1163 2241 1358 2272 sermone
1390 2230 1492 2274 Dei?

112 2298 339 2346 Concorda
357 2311 457 2341 cum
478 2294 569 2340 illo.
587 2295 732 2341 Nescis
750 2295 865 2338 enim
889 2294 1065 2353 quando
1079 2295 1146 2339 via
1168 2296 1357 2342 finiatur.
1379 2302 1491 2345 Cum

113 2371 182 2414 via
199 2370 320 2414 finita
338 2367 495 2421 fuerit,
518 2365 650 2426 judex
668 2375 818 2420 restat,
840 2375 881 2409 et
900 2365 1109 2421 minister,
1135 2376 1178 2411 et
1195 2384 1353 2414 carcer.
1381 2375 1436 2416 At
1459 2374 1492 2416 si

98 2439 348 2484 servaveris
371 2436 615 2482 adversario
638 2445 713 2480 tuo
744 2438 901 2479 bonam
923 2434 1215 2493 voluntatem,
1247 2449 1290 2484 et
1313 2456 1412 2486 cum
1442 2459 1493 2488 eo

116 2509 409 2556 consenseris:
441 2523 519 2567 pro
549 2506 695 2567 judice
726 2506 918 2550 invenies
951 2514 1143 2564 patrem,
1183 2523 1261 2566 pro
1299 2511 1494 2559 ministro

165 2603 174 2618 ¹
192 2596 290 2628 Exod.
311 2606 366 2637 xx,
390 2594 504 2636 [ἒν-ις.
