1898 3178
388 177 526 206 salmo
558 176 701 214 nvn,
735 175 790 203 DE
821 171 971 203 ovinus
1000 173 1050 202 m
1082 172 1229 200 EzEcn.
1459 160 1514 201 59
1566 193 1568 196 .

134 258 307 303 gemens
344 251 387 286 et
419 242 593 301 plorans
627 249 726 284 ante
761 243 928 296 Deum,
950 240 1027 301 qui
1056 254 1152 283 eam
1185 236 1316 292 fecit,
1341 237 1447 282 dicit
1468 237 1514 282 in

131 314 302 359 Psalmo
322 313 402 371 ipsi
424 311 611 356 Domino
629 320 732 355 ante
760 326 893 371 quem
912 311 1052 370 plorat
1073 329 1082 355 z
1108 328 1128 352 «
1147 312 1184 354 Α
1206 308 1367 353 finibus
1388 318 1512 353 terrae

134 402 154 426 »
173 384 228 428 ad
243 392 286 427 te
307 381 505 437 clamavi,
526 396 627 426 cum
651 389 880 439 angeretur
901 396 976 425 cor
992 394 1140 424 meum
1155 381 1214 422 ¹.»
1237 378 1347 422 Vide
1358 394 1515 438 quem-

131 453 366 499 admodum
388 468 432 497 se
454 451 657 497 humiliat
673 452 718 495 in
739 466 900 511 angore
912 452 1068 496 cordis.
1084 454 1142 495 Et
1157 449 1264 511 quid
1283 449 1363 493 sibi
1385 465 1514 509 praes-

129 524 257 569 titum
279 523 416 568 dicit?
438 526 490 569 In
510 531 633 583 petra
655 521 850 566 exaltasti
875 537 958 566 me.
987 524 1038 565 In
1059 530 1181 580 petra
1198 520 1371 566 Christo
1393 520 1512 564 exal-

127 595 226 639 tasti
244 629 255 650 ,
279 609 370 639 non
386 593 441 638 de
459 602 606 638 monte
624 596 793 637 Donato
814 592 1107 652 praecipitasti.
1131 594 1150 634 I
1173 606 1291 635 nunc
1305 625 1317 646 ‚
1343 599 1384 634 et
1396 592 1511 650 jacta

126 681 318 721 cornua,
350 664 531 710 extende
558 664 695 708 latera
713 699 724 719 ,
755 664 857 707 infla
880 664 1084 706 humeros
1110 670 1206 706 tuos
1222 697 1232 717 ,
1266 671 1310 706 et
1335 661 1512 721 impelle

125 752 253 795 oves,
283 746 327 781 et
353 737 423 780 dic
448 755 458 781 ε
484 738 633 780 Justus
654 750 766 779 sum.
793 732 1093 793 Respondebit
1126 731 1206 776 tibi
1246 732 1466 791 Scriptura
1499 752 1508 777 :

125 805 266 852 Malus
282 841 293 862 ‚
314 821 404 850 non
420 807 576 866 justus.
602 825 622 847 «
649 804 784 848 Filius
806 803 946 848 malus
968 803 1059 863 ipse
1080 817 1124 846 se
1149 803 1316 861 justum
1338 801 1458 845 dicit.
1491 823 1506 842 »

125 878 168 923 Si
184 878 326 937 justus
348 891 408 930 es,
430 875 538 936 quid
561 876 647 919 exis
668 874 783 919 foras
798 877 816 919 ἱ)
834 873 949 927 Quid
971 873 1088 934 ejicis
1109 871 1254 917 foras?
1272 871 1389 925 Quid
1410 886 1508 915 cum

122 947 188 994 his
210 961 320 1006 quos
343 946 459 1006 ejicis
482 945 585 989 facis
617 944 759 989 foras?
789 947 1013 1003 Tanquam
1049 943 1139 987 ovis
1176 942 1316 986 hircos
1345 941 1504 999 fugisti.

122 1016 276 1062 Melius
292 1017 346 1060 ab
359 1016 461 1075 ipsis
480 1031 504 1059 a
527 1025 696 1075 pastore
711 1014 767 1059 ad
782 1014 1002 1058 dexteram
1021 1012 1244 1072 separaris,
1261 1027 1391 1072 quam
1408 1027 1507 1055 cuni

120 1087 221 1146 ipsis
244 1086 298 1131 ad
321 1087 537 1132 sinistram
560 1085 812 1130 confutaris.
833 1085 953 1129 Hirci
976 1093 1116 1137 erant,
1134 1092 1184 1126 tu
1204 1082 1295 1126 ovis
1322 1101 1331 1126 ;
1357 1097 1506 1139 pasce-

119 1171 186 1200 res
210 1171 312 1200 cum
344 1156 488 1200 hircis.
515 1156 631 1209 Quid
655 1164 697 1199 te
719 1169 900 1213 pascua,
926 1152 1034 1213 quid
1055 1161 1099 1196 te
1132 1151 1274 1196 fontes
1308 1150 1504 1195 offende-

119 1228 248 1272 rant?
281 1229 502 1270 Postremo
529 1224 638 1285 quid
672 1233 714 1268 te
746 1225 837 1283 ipse
869 1232 1015 1282 pastor
1044 1221 1321 1266 offenderat?
1352 1221 1430 1281 qui
1451 1221 1503 1265 ad

118 1306 290 1356 tempus
323 1311 496 1355 gregem
539 1304 778 1354 utrumque
810 1292 1095 1353 permiscuit,
1129 1291 1207 1350 qui
1251 1291 1381 1335 etiam
1424 1292 1505 1335 sibi

117 1366 406 1427 quandolibet
442 1367 526 1410 hoc
563 1366 674 1410 bene
695 1364 895 1419 facienti,
935 1372 1085 1408 tamen
1115 1363 1429 1423 separationem
1460 1363 1502 1406 in

116 1438 249 1482 finem
268 1436 467 1482 servavit.
493 1442 639 1496 Neque
670 1436 786 1479 enim
809 1435 882 1478 ille
904 1434 1072 1478 etiamsi
1102 1432 1233 1477 modo
1263 1441 1500 1492 separaret,

114 1516 290 1552 erraret.
313 1507 392 1551 Ille
413 1507 457 1550 in
480 1507 613 1550 finem
636 1505 800 1561 differt,
820 1515 870 1550 tu
890 1514 989 1549 ante
1010 1514 1183 1563 tempus
1204 1519 1389 1563 separas.
1407 1507 1503 1549 Non

114 1587 310 1639 expectas
326 1579 459 1622 finem
475 1612 485 1632 ,
508 1578 704 1621 nesciens
727 1577 905 1636 quando
926 1576 1007 1619 tibi
1030 1575 1083 1619 sit
1099 1575 1214 1618 finis.
1241 1574 1367 1619 Unde
1386 1575 1467 1619 hoc
1482 1609 1499 1634 ᾖ,

112 1650 194 1694 nisi
211 1649 314 1710 quia
333 1658 377 1692 et
394 1649 507 1707 ipsos
529 1663 638 1711 quos
658 1655 865 1707 tanquam
888 1647 1031 1690 hircos
1054 1645 1280 1699 accusasti,
1305 1643 1414 1690 falso
1437 1661 1501 1690 ac-

112 1720 300 1765 cusasti?
326 1721 436 1764 Nam
460 1718 494 1762 si
517 1733 618 1762 vere
644 1732 885 1762 accusasses
904 1752 915 1772 ,
944 1732 1033 1761 non
1055 1725 1098 1761 te
1130 1731 1382 1775 separasses.
1411 1718 1501 1760 Tua

110 1789 321 1847 separatio
337 1823 348 1844 ,
373 1787 550 1832 illorum
577 1796 641 1831 est
662 1788 881 1847 purgatio.
905 1787 949 1831 Si
970 1787 1132 1830 zizania
1156 1794 1296 1841 erant,
1324 1786 1432 1845 quid
1451 1802 1499 1829 ea

109 1859 283 1905 voluisti
304 1868 404 1903 ante
419 1868 592 1917 tempus
615 1860 845 1916 separare?
866 1859 980 1902 Cum
1009 1857 1110 1916 ipsis
1131 1856 1396 1916 permixtum
1418 1856 1498 1910 tri-

109 1931 245 1976 ticum
262 1945 395 1984 esseS,
420 1939 464 1973 et
483 1928 639 1973 eodem
662 1943 766 1988 agro
788 1928 1039 1972 radicareris
1053 1963 1064 1982 ,
1090 1928 1241 1971 eadem
1263 1926 1411 1986 pluvia
1438 1928 1497 1970 ri-

110 2001 282 2061 gareris.
319 2002 463 2053 Quare
503 2014 607 2058 ergo
640 1999 795 2043 existi?
831 1997 1057 2058 Numquid
1092 1997 1260 2042 invenis
1298 1999 1497 2042 causam?

108 2074 227 2125 Quos
249 2085 419 2116 accusas
434 2105 444 2125 ,
473 2086 563 2114 non
586 2070 807 2114 convincis
827 2088 836 2114 ι
868 2068 1068 2113 exeundo
1092 2077 1237 2113 autem
1259 2077 1361 2115 ante
1382 2077 1495 2113 tem-

107 2156 217 2201 pus,
254 2149 298 2185 et
334 2149 377 2185 te
407 2139 675 2199 separando,
701 2140 791 2199 ipse
820 2140 1105 2184 convinceris.
1132 2139 1243 2183 Vide
1263 2139 1365 2199 quia
1383 2140 1496 2184 filius

107 2211 247 2254 malus
263 2225 336 2267 es,
360 2210 451 2269 ipse
473 2219 516 2254 te
533 2211 700 2270 justum
722 2209 850 2264 dicis,
885 2210 1052 2253 exitum
1074 2218 1222 2253 autem
1244 2218 1372 2253 tuum
1406 2225 1495 2253 non

106 2281 261 2326 abluis.
285 2284 379 2340 Ego
401 2296 489 2325 non
512 2280 610 2325 dico
633 2282 712 2325 tibi
737 2299 747 2325 z
775 2283 840 2325 Tu
858 2296 901 2324 es
917 2280 1062 2340 potius
1084 2280 1283 2324 traditor.
1310 2280 1440 2334 Quod
1462 2281 1494 2324 si

105 2351 248 2396 dicam
264 2387 275 2406 ‚
296 2350 421 2396 facile
441 2351 579 2409 probo
607 2370 615 2396 ε
641 2350 717 2395 sed
734 2350 831 2395 ideo
853 2351 956 2396 nolo
973 2344 1117 2395 dicere
1133 2385 1143 2405 ‚
1169 2350 1272 2410 quia
1291 2351 1353 2395 tui
1377 2351 1496 2395 fece-

104 2430 208 2467 runt
225 2456 236 2476 ,
253 2437 344 2466 non
365 2431 416 2466 tu
432 2420 586 2466 fecisti.
610 2424 708 2468 Non
722 2422 810 2466 tibi
832 2423 1002 2481 imputo
1023 2421 1138 2465 facta
1162 2421 1324 2476 aliena,
1358 2422 1485 2466 etiam

154 2512 164 2528 ¹
177 2506 258 2539 Psal.
282 2516 335 2547 Lx,
355 2505 385 2538 3.
