1898 3178
391 257 473 295 298
826 264 861 295 ε.
895 265 1125 296 Aueusnm
1155 269 1338 298 EPISCOPI

390 350 412 374 »
445 332 580 377 habet
602 332 895 377 remissionem
933 333 980 376 in
1013 341 1248 390 aeternum,
1288 332 1363 379 sed
1384 347 1480 378 reus
1513 333 1595 378 erit
1615 334 1766 379 aeterni

389 421 411 445 »
447 403 594 448 delicti
616 421 625 447 :
654 421 674 444 »
689 401 796 462 quid
813 411 876 447 est
890 401 1024 459 aliud,
1045 419 1178 464 quam
1193 403 1240 449 id
1260 404 1379 465 quod
1392 402 1634 449 secundum
1652 404 1767 449 Mat-

386 473 551 517 thaeum
589 472 750 531 legitur
776 492 786 518 ε
813 491 834 514 »
858 476 956 518 Non
977 475 1220 519 remittetur
1241 475 1302 531 ei,
1341 491 1485 535 neque
1503 475 1549 519 in
1576 475 1660 520 hoc
1681 489 1764 519 sae-

390 561 412 585 »
447 543 574 598 culo,
609 558 754 603 neque
788 544 833 587 in
866 542 1049 589 futuro?
1069 563 1090 586 »
1110 545 1217 590 Aliis
1254 546 1417 605 quippe
1449 545 1592 590 verbis
1618 554 1662 589 et
1682 545 1767 589 alio

385 612 594 672 loquendi
611 613 745 658 modo
766 613 918 659 eadem
934 615 1025 675 ipsa
1039 625 1102 660 est
1118 631 1311 676 expressa
1327 616 1553 660 sententia.
1574 618 1631 660 Et
1647 615 1771 675 quod

387 692 450 727 est
471 683 589 743 apud
610 685 868 729 Matthaeum
890 705 899 729 :
928 705 948 728 «
969 686 1054 739 Qui
1075 687 1230 730 dixerit
1251 687 1435 731 verbum
1457 694 1608 730 contra
1636 686 1769 745 Spiri-

390 772 409 795 »
445 763 540 798 tum
562 763 776 810 sanctum,
791 772 880 799 »ne
902 755 1020 800 aliud
1043 756 1207 817 aliquid
1221 772 1352 816 quam
1366 756 1680 816 blasphemiam
1702 756 1769 800 in-

388 823 698 883 telligeremus,
722 825 894 885 planius
915 825 986 869 alii
1005 826 1206 870 dixerunt
1226 847 1235 871 2
1259 844 1278 867 «
1298 827 1383 880 Qui
1405 825 1771 885 blasphemaverit

388 912 408 935 »
444 895 490 938 in
523 884 729 954 Spiritum
751 905 964 940 sanctum.
1000 915 1019 937 »
1044 896 1210 940 Eadem
1232 904 1378 940 tamen
1400 912 1465 940 res
1487 895 1542 940 ab
1564 896 1769 940 omnibus

386 964 500 1009 dicta
523 975 587 1009 est
613 986 622 1008 :
653 981 733 1010 nec
777 966 932 1026 aliquis
954 982 1104 1010 eorum
1127 983 1151 1010 a
1172 966 1390 1026 loquentis
1417 965 1642 1010 voluntate
1678 965 1769 1009 dis-

383 1035 529 1089 cessit,
553 1045 728 1094 propter
750 1052 882 1096 quam
905 1028 1234 1095 intelligendam
1256 1037 1388 1081 verba
1412 1036 1641 1091 dicuntur,
1666 1036 1770 1079 scri-

383 1105 579 1161 buntur,
604 1106 834 1163 leguntur,
860 1109 1114 1151 audiuntur.

441 1179 561 1220 XIV.
587 1177 670 1221 Sed
687 1178 746 1221 ait
768 1177 948 1237 aliquis:
967 1181 1079 1222 Ecce
1098 1178 1245 1236 accepi
1263 1186 1306 1221 et
1319 1176 1526 1232 intellein
1547 1178 1649 1236 quia
1670 1192 1771 1222 cum

383 1246 543 1290 dieitur
564 1246 854 1305 blasphemia,
889 1262 969 1291 nec
991 1247 1246 1307 exp1imitur
1267 1248 1406 1291 omnis
1436 1255 1511 1291 aut
1541 1245 1741 1306 quaedam
1757 1281 1768 1302 ‚

385 1326 527 1376 potest
547 1316 749 1376 quaedam
770 1316 981 1376 intelligi,
1006 1326 1081 1361 aut
1103 1318 1243 1362 omnis
1261 1338 1272 1375 3
1297 1318 1373 1361 sed
1395 1332 1486 1361 non
1506 1326 1570 1360 est
1599 1331 1772 1361 necesse

383 1396 434 1430 ut
468 1386 629 1442 omnis3
670 1386 750 1429 nisi
772 1395 919 1430 autem
950 1386 1154 1446 quaedam
1191 1386 1483 1445 intelligatur,
1524 1384 1682 1429 falsum
1709 1394 1775 1430 est

383 1455 502 1515 quod
527 1455 685 1500 dicitur
711 1475 720 1500 :
744 1456 804 1500 ita
839 1465 881 1500 et
918 1457 1100 1501 verbum
1135 1457 1170 1500 si
1202 1472 1293 1501 non
1316 1456 1486 1500 dicatur
1513 1471 1664 1511 omne,
1697 1471 1774 1500 seu

383 1525 622 1586 quoddam,
644 1542 733 1571 non
755 1535 818 1571 est
839 1543 1010 1571 necesse
1030 1537 1081 1571 ut
1102 1543 1232 1571 omne
1257 1526 1544 1586 intelligatur,
1581 1525 1657 1571 sed
1689 1526 1772 1570 nisi

386 1595 451 1638 vel
473 1594 695 1655 quoddam
719 1595 850 1640 fuerit
879 1596 1173 1651 intellectum,
1206 1595 1331 1640 nullo
1369 1596 1501 1641 modo
1534 1605 1677 1656 potest
1697 1611 1774 1640 ve-

386 1681 484 1709 rum
505 1681 594 1709 esse
616 1666 736 1725 quod
771 1665 946 1710 dicitur.
976 1667 1059 1711 Sed
1083 1666 1159 1711 ubi
1192 1667 1380 1725 legitur:
1408 1686 1427 1708 «
1464 1667 1549 1720 Qui
1569 1665 1773 1726 blasphe-

388 1755 409 1777 »
443 1737 624 1780 maverit
638 1772 648 1791 ,
677 1755 695 1777 .=›
717 1736 939 1796 quomodo
961 1736 1159 1796 intelligo
1182 1736 1419 1798 quamdam
1440 1726 1770 1796 blasphemiam,

386 1807 464 1851 ubi
483 1822 571 1851 non
601 1806 761 1866 legitur
783 1807 1053 1866 blasphemia
1075 1829 1086 1866 3
1106 1808 1174 1852 vel
1204 1807 1428 1868 quoddam
1449 1808 1656 1862 verbum,
1695 1807 1774 1852 ubi

386 1892 475 1921 non
509 1876 666 1934 legitur
687 1877 869 1921 verbum
887 1912 897 1932 ,
923 1876 999 1921 sed
1022 1887 1228 1938 tanquam
1263 1876 1520 1936 generaliter
1541 1877 1627 1921 dici
1647 1876 1773 1921 vide-

388 1956 458 1991 tur
483 1967 491 1991 :
521 1966 541 1989 «
561 1948 642 2000 Qui
660 1947 1022 2006 blasphemaverit
1040 1950 1058 1991 Ρ
1078 1967 1097 1989 »
1121 1948 1232 1992 Huic
1254 1946 1589 1992 contradictioni
1611 1947 1671 1991 sic
1689 1962 1774 1991 res-

392 2017 631 2077 pondemus
666 2037 675 2062 :
701 2018 811 2071 Quia
833 2018 961 2061 etiam
990 2019 1059 2062 hic
1089 2019 1123 2062 si
1154 2018 1371 2062 diceretur
1409 2037 1418 2062 :
1455 2018 1540 2071 Qui
1569 2015 1774 2076 blasphe-

390 2087 570 2131 maverit
606 2102 929 2147 quamcumque
967 2087 1284 2146 blasphemiam
1321 2087 1365 2130 in
1402 2086 1608 2146 Spiritum
1646 2102 1772 2130 sanc-

388 2167 504 2212 tum,
549 2155 659 2201 nihil
679 2166 788 2201 esset
810 2172 888 2200 cur
925 2155 1116 2216 aliquam
1150 2156 1461 2215 blasphemiam
1489 2155 1772 2216 quaerendam

388 2236 638 2286 putaremus
654 2262 665 2282 ,
703 2226 881 2286 quando
910 2241 1086 2289 omnem
1107 2225 1350 2285 intelligere
1372 2226 1630 2270 deberemus
1656 2246 1666 2271 ς
1693 2225 1768 2270 sed

387 2299 487 2357 quia
516 2298 654 2342 omnis
691 2313 780 2342 non
813 2306 952 2356 potest
983 2296 1195 2355 intelligi,
1231 2312 1285 2340 ne
1325 2297 1530 2354 Paganis,
1579 2295 1765 2352 Judaeis,
1807 2352 1813 2355 .

388 2368 618 2423 haereticis,
644 2368 851 2429 omnique
883 2367 1111 2412 hominum
1136 2368 1309 2426 generi,
1335 2368 1411 2427 qui
1439 2366 1616 2412 diversis
1652 2382 1771 2411 erro-

389 2437 507 2481 ribus
552 2447 595 2480 et
627 2437 1041 2482 contradictionibus
1074 2438 1159 2481 suis
1203 2437 1507 2496 blasphemant
1547 2437 1592 2479 in
1630 2432 1769 2495 *Spiri-

386 2515 479 2549 tum
507 2516 729 2562 sanctum,
769 2523 863 2567 spes
900 2506 1188 2560 remissionis,
1226 2507 1258 2550 si
1286 2522 1329 2550 se
1371 2506 1657 2560 correxerint,
1683 2522 1766 2550 au-

386 2574 574 2630 fer33tur
620 2586 749 2621 restat
790 2577 942 2637 utique
980 2585 1029 2620 ut
1073 2578 1116 2619 in
1158 2592 1208 2620 eo
1250 2576 1370 2635 quod
1405 2576 1612 2635 scriptum
1650 2586 1712 2619 est
1751 2595 1760 2620 ε

1830 2857 1840 2932 1⁵
