1898 3178
302 245 441 273 sERMo
471 243 654 282 Lxxxm,
688 242 743 271 DE
775 243 921 272 vmzms
950 239 1115 271 MATTH.
1151 244 1278 271 xv111.
1384 231 1470 273 407

96 309 307 354 Observet
329 324 432 368 ergo
452 309 592 368 ipsum
614 316 843 367 peccatum
869 327 878 353 ε
900 309 1003 368 quia
1037 321 1244 352 numerus
1275 309 1474 355 undena-

95 379 183 425 rius
197 381 473 439 transgressio
491 378 596 438 legis
618 387 695 422 est.
720 381 809 422 Lex
840 379 955 423 enim
986 378 1189 424 denarius
1204 414 1216 435 ,
1246 390 1474 439 peccatum

93 451 399 497 undenarium.
435 453 524 495 Lex
546 451 660 494 enim
682 464 758 510 per
780 448 929 494 decem
944 486 955 506 ‚
980 459 1206 510 peccatum
1223 466 1301 511 per
1330 451 1474 496 unde-

94 523 193 567 cim.
238 524 381 575 Quare
412 530 640 581 peccatum
671 536 749 581 per
783 520 1020 565 undecim?
1054 522 1165 576 Quia
1197 524 1474 583 transgressio

96 593 263 640 denarii
284 603 347 638 est
362 629 374 650 ‚
399 602 449 638 ut
467 608 536 638 eas
558 593 613 637 ad
633 593 939 638 undenarium.
966 596 1016 637 In
1037 593 1130 652 lege
1158 603 1304 638 autem
1320 595 1476 640 modus

93 666 201 710 fixus
223 673 286 709 est
306 685 315 710 :
337 665 613 725 transgressio
628 674 774 709 autem
790 674 1017 724 peccatum
1033 673 1111 709 est.
1133 667 1158 709 J
1161 681 1230 709 am
1246 666 1325 710 ubi
1339 675 1476 711 trans-

93 735 282 795 grederis
304 734 554 790 denarium,
578 735 632 780 ad
655 734 946 779 undenarium
967 735 1102 779 venis.
1128 734 1250 781 Adeo
1267 751 1476 796 magnum

93 807 346 864 mysterium
370 808 605 865 figuratum
627 815 714 861 est,
742 806 921 866 quando
934 807 1104 866 jussum
1126 816 1189 851 est
1216 808 1476 853 tabernacu-

91 877 184 923 lum
205 876 422 924 fabricari.
456 877 597 922 Multa
617 877 679 922 ibi
699 892 928 922 numerosa
956 877 1073 922 dicta
1101 887 1224 933 sunt,
1250 879 1297 922 in
1317 894 1477 939 magno

90 957 373 994 sacramento.
394 951 513 992 Inter
533 957 688 994 caetera
707 948 803 993 vela
824 947 992 995 cilicina
998 949 1116 1008 jussa
1133 958 1234 993 sunt
1245 949 1338 993 fieri
1354 984 1366 1005 ,
1386 965 1477 995 non

90 1018 264 1074 decem,
288 1019 364 1062 sed
386 1017 617 1063 undecim¹
645 1039 654 1063 :
679 1019 780 1080 quia
800 1034 878 1079 per
896 1016 1086 1063 cilicium
1109 1018 1352 1064 ostenditur
1368 1036 1478 1065 con-

88 1087 217 1134 fessio
264 1099 558 1149 peccatorum.
596 1089 715 1145 Quid
758 1099 906 1135 autem
945 1089 1131 1149 amplius
1178 1091 1367 1150 quaeris?
1403 1092 1479 1137 Vis

88 1175 214 1207 nosse
232 1163 377 1205 omnia
394 1170 571 1220 peccata
592 1161 809 1206 contineri
837 1176 1022 1205 numero
1051 1161 1134 1205 isto
1161 1162 1478 1221 septuagesimo

88 1231 304 1290 septimo?
334 1232 564 1290 Septulum
593 1232 703 1276 solet
730 1247 810 1291 pro
840 1241 933 1277 toto
963 1232 1209 1291 computari
1234 1252 1244 1278 ε
1268 1234 1477 1294 quoniam

88 1311 255 1361 septem
277 1300 432 1345 diebus
454 1301 646 1346 volvitur
663 1311 856 1362 tempus,
887 1311 931 1347 et
946 1303 1071 1347 finito
1088 1305 1352 1363 septenario,
1378 1320 1479 1349 rur-

0 1386 19 1412 ·;
87 1387 158 1416 sus
179 1370 234 1416 ad
254 1381 386 1430 caput
407 1370 597 1425 reditur,
621 1382 670 1415 ut
702 1372 853 1415 eadem
875 1371 1015 1417 forma
1037 1373 1252 1418 volvatur.
1278 1377 1360 1418 Per
1389 1375 1477 1420 hu-

13 1474 18 1483 .
83 1443 276 1503 jusmodi
296 1441 451 1487 formae
487 1442 784 1487 revolutiones
810 1443 970 1488 saecula
991 1452 1219 1490 transeunt
1243 1464 1253 1489 ε
1279 1461 1304 1489 a
1337 1454 1479 1506 septe-

87 1513 212 1563 nario
234 1521 381 1557 tamen
402 1528 587 1557 numero
608 1528 699 1558 non
733 1513 966 1559 receditur.
989 1514 1145 1559 Omnia
1167 1515 1283 1559 enim
1304 1526 1482 1575 peccata

88 1583 213 1640 dixit,
231 1584 410 1644 quando
433 1585 676 1644 septuagies
692 1585 848 1643 septies
865 1586 973 1630 dixit
994 1586 1122 1645 :quia
1142 1584 1254 1631 illud
1275 1587 1479 1632 undecim

88 1655 174 1703 duc
195 1657 352 1715 septies
369 1691 380 1707 ,
405 1657 520 1700 fiunt
541 1656 782 1714 septuagies
802 1656 972 1715 septies,
998 1656 1158 1700 Omnia
1186 1672 1287 1715 ergo
1317 1659 1478 1704 dimitti

85 1736 264 1787 peccata
282 1726 437 1781 voluit,
459 1728 536 1786 qui
557 1741 606 1770 ea
623 1726 938 1785 septuagesimo
954 1727 1138 1786 septimo
1155 1743 1338 1773 numero
1359 1745 1474 1789 prae-

24 1809 27 1811 ’
85 1798 284 1856 signavit.
303 1800 441 1843 Nemo
458 1805 609 1841 contra
630 1812 674 1840 se
686 1805 832 1841 teneat
853 1812 944 1841 non
964 1797 1232 1856 ignoscendo
1252 1833 1263 1854 ‚
1288 1814 1344 1844 ne
1364 1815 1473 1845 con-

7 1870 28 1910 ’.
86 1877 152 1912 tra
180 1867 306 1913 illum
327 1877 550 1922 teneatur,
580 1866 758 1927 quando
780 1876 888 1911 orat.
923 1867 1037 1911 Dicit
1068 1868 1184 1912 enim
1209 1871 1324 1914 Deus
1352 1889 1362 1916 :
1397 1873 1474 1916 Di—

86 1940 236 1995 mitte,
273 1948 317 1984 et
349 1939 594 1984 dimittetur
616 1938 710 1983 tibi.
740 1938 826 1983 Sed
848 1953 928 1998 ego
951 1938 1068 1998 prior
1094 1939 1236 1984 dimisi
1261 1960 1271 1986 ε
1300 1940 1472 1989 dimitte

86 2010 155 2054 vel
171 2022 336 2070 postea.
370 2012 480 2055 Nam
502 2010 536 2054 si
556 2025 647 2054 non
665 2008 899 2064 dimiseris,
924 2010 1139 2055 revocabo
1178 2020 1250 2070 te3
1273 2020 1317 2056 et
1340 2015 1472 2074 quid-

85 2080 196 2142 quid
227 2080 309 2125 tibi
330 2079 600 2135 dimiseram,
637 2080 858 2140 replicabo
879 2081 974 2125 tibi.
999 2083 1097 2127 Non
1117 2082 1232 2128 enim
1260 2084 1474 2130 mentitur

85 2153 280 2210 Veritas3
304 2167 394 2196 non
416 2152 533 2196 enim
547 2151 681 2207 fallit,
702 2161 779 2197 aut
799 2151 965 2198 fallitur
985 2154 1183 2199 Christus
1199 2189 1211 2198 .
1235 2155 1311 2216 qui
1327 2156 1474 2217 subje-

85 2223 166 2277 cit,
191 2223 340 2268 dicens
363 2243 372 2268 2
396 2242 416 2265 «
439 2223 508 2268 Sic
529 2232 573 2267 et
594 2223 716 2269 vobis
734 2223 865 2269 faciet
888 2228 1014 2269 Pater
1035 2234 1178 2271 vester
1193 2261 1205 2280 ‚
1224 2228 1300 2287 qui
1317 2228 1362 2272 in
1382 2243 1475 2273 coe-

19 2296 22 2303 ’
89 2311 111 2343 ῃ
144 2293 196 2338 lis
218 2297 322 2338 est2.
361 2311 383 2335 »
414 2294 586 2338 Invenis
609 2297 810 2351 Patrem,
845 2295 1014 2340 imitare
1053 2299 1242 2342 Patrem.
1277 2299 1321 2343 Si
1356 2299 1473 2343 enim

85 2364 245 2417 imitari
276 2381 366 2409 non
402 2365 485 2419 vis,
512 2365 775 2410 exhaeredari
809 2365 1017 2426 disponis.
1045 2386 1065 2410 «
1097 2370 1246 2413 Faclet
1278 2384 1379 2427 ergo
1410 2370 1470 2416 ita

55 2461 57 2471 ,
89 2453 111 2478 u
145 2436 267 2479 vobis
287 2470 298 2486 ,
321 2435 487 2495 inquit,
514 2439 640 2480 Pater
661 2446 800 2481 vester
820 2438 1029 2492 coelestis,
1049 2439 1081 2481 si
1105 2454 1193 2483 nou
1227 2440 1468 2485 remiseritis

137 2537 146 2553 Ξ
170 2532 269 2562 Fxod.
288 2542 374 2564 xxvi.
400 2543 416 2572 7
452 2540 518 2553 ——2
543 2532 648 2562 Vaut,
684 2543 777 2563 xvrir.
801 2532 840 2562 37,
