1898 3178
381 217 462 258 124
805 230 838 258 s.
873 227 1105 258 mensum
1136 230 1318 259 Enscom

378 296 494 351 Quid
511 310 612 355 ergo
625 296 679 341 de
694 296 848 341 tabulis
863 296 1092 341 recitatur?
1114 298 1371 343 Liberorum
1389 297 1759 356 procreandorum

377 383 520 413 causa.
551 368 748 426 Tergitur
768 366 888 410 frons
907 368 1038 426 patris
1061 376 1192 428 atque
1214 376 1460 422 serenatur,
1486 367 1634 412 audita
1655 382 1761 413 voce

379 438 640 484 tabularum.
682 436 916 482 Videamus
946 436 1135 483 frontem
1165 439 1245 484 viri
1262 427 1521 497 'accipientis
1556 453 1754 482 uxorem.

374 508 614 553 Erubescat
630 517 672 551 et
688 507 867 551 maritus
881 506 1004 552 aliter
1019 508 1227 568 accipere,
1247 509 1281 552 si
1304 508 1520 552 erubescit
1537 517 1661 567 pater
1683 507 1764 552 ali-

376 589 441 624 tcr
462 580 578 624 dare.
601 577 686 624 Sed
702 579 735 622 si
756 594 846 624 non
861 589 1042 639 possunt
1058 579 1317 640 (aliquando
1331 580 1422 639 jam
1438 580 1519 624 ista
1535 579 1760 636 diximus),

375 651 547 709 exigant
559 649 758 694 debitum
776 670 786 707 3
807 666 897 695 non
913 651 1248 710 progrediantur
1268 650 1383 694 ultra
1406 649 1625 694 debitores
1644 664 1759 694 suos.

374 725 429 766 Et
444 721 627 766 foemina
644 731 686 766 et
699 722 779 777 vir,
790 722 1086 768 infirmitatem
1101 738 1223 768 suam
1237 723 1283 766 in
1295 737 1339 767 se
1356 721 1652 767 consolentur.
1666 723 1764 768 Non

375 802 444 838 cat
464 793 536 838 ille
566 794 622 838 ad
644 793 844 850 alteram,
871 804 914 839 et
934 794 1008 839 illa
1030 795 1086 840 ad
1106 795 1317 839 alterum:
1348 793 1468 838 unde
1491 793 1760 853 appellatum

374 873 437 908 est
455 864 742 921 adulterium,
768 865 891 925 quasi
912 864 967 909 ad
990 863 1196 920 alterum,
1219 873 1263 909 et
1279 864 1314 908 si
1326 862 1612 923 egrediuntur
1627 872 1765 909 metas

374 935 705 980 matrimonialis
733 936 875 995 pacti,
904 951 994 981 non
1033 935 1314 995 egrediantur
1353 943 1490 979 metas
1526 933 1765 994 conjugalis

374 1006 503 1050 thori.
523 1006 749 1066 Numquid
765 1007 849 1051 hoc
870 1022 960 1051 non
976 1015 1039 1051 est
1057 1016 1285 1066 peccatum
1301 1040 1312 1061 ‚
1339 1004 1526 1065 amplius
1551 1020 1685 1065 quam
1709 1003 1765 1047 li-

372 1077 578 1121 berorum
601 1077 973 1137 procreandorum
1001 1079 1231 1123 necessitas
1257 1078 1397 1136 cogit,
1421 1077 1594 1136 exigere
1615 1092 1639 1120 a
1659 1091 1766 1120 con-

367 1148 469 1206 juge
490 1148 719 1192 debitum?
741 1151 818 1193 Est
841 1148 1019 1208 quidem
1041 1158 1287 1208 peccatum,
1312 1148 1389 1193 sed
1405 1147 1590 1193 veniale.
1615 1150 1758 1207 Apos-
1782 1197 1787 1201 .

376 1217 485 1261 tolus
508 1217 614 1263 dicit
634 1237 642 1263 ε
672 1237 692 1260 «
713 1220 806 1263 Hoc
828 1228 973 1263 autem
1003 1220 1100 1264 dico
1122 1219 1363 1264 secundum
1385 1219 1557 1264 veniam
1576 1236 1614 1261 ».
1651 1219 1765 1263 Cum

375 1287 474 1332 inde
496 1289 747 1348 loqueretur
766 1308 774 1334 ε
799 1308 818 1332 α
838 1290 1005 1345 Nolite,
1029 1291 1194 1351 inquit,
1216 1289 1418 1335 fraudare
1438 1290 1626 1334 invicem
1643 1323 1654 1344 ,
1683 1289 1762 1332 nisi

375 1376 396 1400 n
432 1374 485 1402 cx
503 1374 717 1403 consensu
732 1359 787 1404 ad
801 1369 988 1420 tempus,
1005 1370 1055 1405 ut
1070 1362 1228 1406 vacetis
1243 1361 1427 1406 orationi
1441 1381 1452 1417 3
1472 1369 1515 1404 et
1535 1360 1694 1403 iterum
1709 1358 1764 1403 ad

375 1447 395 1469 »
431 1428 620 1487 idipsum
636 1437 788 1484 estote,
813 1445 868 1474 ne
890 1446 966 1476 vos
989 1439 1129 1477 tentet
1151 1434 1328 1477 Satanas
1350 1439 1529 1490 propter
1549 1431 1764 1489 intempe÷

375 1517 396 1541 >i
432 1500 619 1544 rantiam
632 1509 819 1545 vestram
833 1503 893 1545 1».
920 1502 1036 1554 Quid
1050 1503 1232 1548 esthoc?
1251 1505 1314 1549 Ne
1328 1503 1443 1547 ultra
1462 1502 1573 1547 vires
1598 1500 1764 1561 aliquid

372 1570 493 1614 vobis
516 1571 772 1629 imponatis3
798 1587 853 1614 ne
875 1572 1141 1617 continendo
1161 1574 1323 1618 avobis
1344 1573 1548 1628 invicem,
1567 1573 1613 1616 in
1634 1570 1763 1616 adulm

375 1642 479 1685 [cria
501 1644 726 1686 corruatis.
768 1660 787 1683 «
803 1643 866 1687 Ne
888 1657 964 1686 vos
982 1651 1122 1687 tentet
1151 1645 1328 1688 Satanas
1346 1652 1524 1703 propter
1549 1644 1765 1701 intempe-

378 1732 394 1751 »
422 1712 606 1756 tantiam
627 1720 857 1756 vestram.»
883 1714 940 1756 Et
961 1727 1016 1756 ne
1037 1711 1150 1758 forte
1173 1712 1293 1773 quod
1310 1713 1592 1772 permittebat
1603 1713 1762 1773 jubere

371 1781 617 1839 videretur,
639 1781 775 1837 (aliud
789 1790 853 1826 est
873 1783 987 1826 enim
1005 1783 1162 1842 jubere
1182 1783 1350 1839 virtuti,
1375 1782 1495 1826 aliud
1512 1778 1762 1841 permittere
1860 1709 1865 1899 Ι

373 1852 638 1909 infirmitati)
666 1871 674 1896 :
695 1852 839 1895 statim
868 1852 1095 1912 subjunxit
1117 1872 1126 1897 ε
1156 1855 1288 1897 «Hoc
1321 1861 1466 1896 autem
1489 1851 1586 1896 dico
1602 1867 1761 1897 secun-

377 1942 395 1963 »
433 1922 537 1965 dum
559 1923 732 1966 veniam
753 1956 763 1976 ,
795 1937 884 1966 non
915 1922 1157 1966 secundum
1182 1922 1428 1981 imperium.
1468 1924 1577 1968 Nam
1605 1921 1761 1968 vellem

376 2011 396 2033 »
432 2008 582 2037 omnes
617 1994 814 2037 homines
843 2007 933 2036 esse
960 1994 1072 2037 sicut
1109 2007 1179 2036 me
1217 1993 1415 2051 ipsum».
1444 1995 1670 2053 Tanquam
1691 1992 1761 2037 di·
1851 1981 1855 2006 Ι

373 2073 488 2108 ceret
512 2083 520 2108 :
541 2066 639 2109 Non
658 2064 824 2122 impero
842 2072 892 2106 ut
914 2063 1095 2118 faciatis,
1121 2062 1198 2108 sed
1218 2064 1413 2122 ignosco,
1434 2064 1468 2107 si
1485 2063 1689 2109 feceritis.

431 2137 599 2178 XXIII.
632 2136 773 2193 Ergo,
811 2132 963 2178 fratres
990 2134 1091 2189 mei,
1129 2133 1358 2179 intendite.
1399 2136 1485 2187 Qui
1521 2134 1761 2179 liberorum

373 2203 745 2264 procreandorum
784 2219 911 2249 causa
932 2204 1098 2248 habent
1119 2219 1275 2249 uxores
1298 2205 1444 2262 magni
1465 2204 1570 2259 viri,
1607 2205 1759 2264 quales
1849 2218 1852 2282 1
1892 2260 1898 2265 μ

377 2276 502 2320 luisse
525 2280 670 2320 Patres
691 2275 874 2334 legimus
889 2310 900 2330 ‚
926 2284 969 2319 et
989 2275 1137 2319 multis
1163 2275 1439 2319 documentis
1474 2275 1721 2319 invenimus
1744 2310 1756 2331 ,
1847 2286 1852 2357 Ι

1847 2415 1849 2436 i

1846 2449 1849 2472 1

375 2345 664 2390 clamantibus
694 2347 872 2391 omnino
900 2346 989 2389 sine
1019 2343 1294 2389 dubitatione
1321 2345 1488 2404 paginis
1514 2345 1671 2389 sanctis
1694 2345 1759 2390 :si

375 2416 452 2475 qui
474 2431 574 2473 ergo
595 2418 675 2461 viri
702 2427 877 2477 propter
905 2416 1168 2462 creationem
1186 2415 1492 2460 tantummodo
1519 2415 1759 2460 liberorum

378 2500 530 2529 uxores
548 2486 732 2541 habent,
749 2488 782 2531 si
802 2488 860 2531 eis
881 2496 1022 2547 posset
1045 2487 1236 2546 praestari
1253 2496 1301 2532 ut
1320 2486 1532 2531 haberent
1546 2485 1655 2532 filios
1667 2487 1759 2531 sine

429 2576 435 2590 ¹
458 2579 470 2599 1
487 2566 562 2602 'Corn
584 2580 640 2611 vn,
661 2573 692 2611 ὅ,
715 2572 747 2604 6.
1853 2502 1856 2687 t
