1898 3178
421 225 503 262 370
856 232 890 261 S.
925 230 1157 261 Anousnm
1190 230 1370 261 Emscom

411 299 512 343 dere
532 299 755 357 fixumque
777 297 908 342 corde
931 298 1120 342 retinere
1137 332 1147 351 ‚
1169 298 1272 357 quia
1293 298 1376 341 hoc
1398 296 1479 341 tibi
1507 310 1598 341 non
1619 295 1694 340 dat
1719 300 1801 340 Pa—
1851 321 1854 351 y

416 378 480 413 ter
502 378 601 413 tuus
618 403 629 422 ‚
652 365 771 427 quod
793 367 874 411 scit
895 367 976 411 tibi
995 382 1085 412 non
1106 368 1321 426 expedire.
1348 366 1465 420 Quid
1487 367 1603 410 enim
1629 360 1801 410 deside-

413 455 478 483 res
512 448 561 483 tu
584 437 696 482 nosti
718 457 729 495 3
748 436 858 497 quid
879 438 960 482 tibi
986 438 1120 497 prosit
1140 437 1212 481 ille
1236 437 1371 482 novit.
1399 441 1509 481 Puta
1531 446 1575 481 te
1602 446 1692 481 esse
1720 436 1802 481 sub

412 508 608 562 medico,
638 516 681 551 et
723 522 816 551 esse
847 508 1096 563 infirmum,
1137 508 1248 552 sicut
1276 515 1320 551 et
1353 519 1505 552 verum
1530 517 1594 552 cst
1626 527 1636 552 2
1664 507 1804 551 omnis

416 579 532 623 enim
568 580 654 623 vita
690 579 768 623 ista
806 589 955 625 nostra
973 615 984 635 ‚
1027 580 1282 637 infirmita83
1326 589 1370 624 et
1401 580 1530 639 longa
1572 580 1658 624 vita
1695 578 1805 623 nihil

418 649 538 693 aliud
570 665 703 709 quarn
735 649 868 709 longa
902 650 1146 695 infirmitas.
1178 654 1288 694 Puta
1320 661 1424 708 ergo
1448 659 1490 693 te
1524 650 1606 693 sub
1636 649 1806 695 medico

412 725 640 778 aegrotare.
661 719 1147 775 Delectavitrecentem‚
1165 719 1399 764 delectavit
1416 729 1569 779 potum
1580 719 1670 763 vini
1684 729 1806 764 usur-

417 806 521 850 pare
552 799 700 850 petere
723 807 746 834 a
776 791 961 836 medico.
996 794 1094 836 Non
1129 790 1370 850 prohiberis
1399 799 1574 850 petere,
1605 800 1661 834 ne
1694 790 1806 836 forte

417 877 508 906 non
529 862 610 906 tibi
641 871 822 917 noceat,
847 872 890 908 et
910 862 1109 922 expediat
1131 862 1211 906 tibi
1236 862 1443 921 accipere.
1469 862 1568 907 Noli
1604 861 1806 906 dubitare

419 941 564 992 petere
589 951 598 978 :
624 941 748 992 pete,
785 933 876 977 noli
897 933 1121 990 cunctari3
1158 932 1234 977 sed
1263 933 1296 976 si
1317 948 1407 977 non
1437 933 1674 992 acceperis,
1716 932 1807 978 noli

416 1003 676 1067 contristari.
706 1004 749 1048 Si
769 1004 853 1048 hoc
871 1004 953 1048 sub
975 1003 1151 1048 homine
1174 1003 1345 1048 medico
1356 1005 1496 1048 carnis
1515 1013 1621 1059 tuae,
1638 1013 1806 1063 quanto

420 1075 555 1133 magis
577 1074 659 1118 sub
682 1077 772 1119 Deo
791 1073 961 1119 medico
978 1109 988 1129 ,
1014 1083 1208 1119 creatore
1223 1109 1234 1129 ‚
1266 1083 1511 1134 reparatore
1532 1082 1576 1118 et
1606 1075 1745 1119 carnis
1765 1082 1809 1118 et

419 1145 573 1188 animae
595 1146 715 1188 tuae?

477 1218 559 1259 III.
581 1215 786 1270 Proinde,
803 1215 1012 1275 quoniam
1035 1215 1079 1258 in
1096 1216 1180 1259 hoc
1202 1217 1394 1275 capitulo
1407 1216 1618 1260 Dominus
1639 1214 1694 1260 ad
1716 1227 1809 1260 ora-

422 1286 584 1330 tionem
603 1286 803 1330 hortatus
828 1294 921 1341 est,
946 1285 1023 1329 ubi
1046 1285 1154 1330 dixit
1176 1305 1184 1330 :
1211 1305 1232 1328 «
1255 1289 1436 1346 Propter
1456 1285 1807 1330 incredulitatem

421 1375 442 1398 »
478 1365 664 1401 vestram
702 1372 792 1401 non
813 1357 1014 1415 potuistis
1052 1357 1136 1401 hoc
1156 1356 1425 1401 daemonium
1458 1357 1662 1417 ejicere1.
1690 1375 1710 1397 »
1741 1355 1810 1400 Ad

421 1427 661 1471 orationem
683 1428 798 1470 enim
829 1427 1028 1470 hortatus
1048 1427 1108 1470 sic
1131 1426 1346 1470 conclusit
1369 1445 1376 1471 :
1403 1445 1422 1467 «
1443 1427 1537 1471 Hoc
1564 1441 1699 1485 genus
1720 1436 1811 1471 non

423 1516 443 1538 »
479 1497 670 1557 ejicitur,
697 1497 774 1540 nisi
791 1496 965 1556 jejuniis
987 1505 1030 1540 et
1051 1497 1319 1541 orationibus
1334 1500 1367 1539 ².
1389 1515 1409 1538 »
1433 1498 1475 1541 Si
1495 1505 1589 1541 orat
1613 1498 1744 1541 homo
1762 1505 1812 1541 ut

422 1568 564 1627 ejiciat
581 1566 847 1611 daemonium
872 1567 1084 1622 alienum,
1105 1576 1272 1626 quanto
1289 1568 1425 1626 magis
1444 1577 1494 1611 ut
1516 1568 1656 1628 ejiciat
1677 1567 1812 1612 avari·
1868 1619 1870 1622 .

422 1637 526 1680 tiam
559 1638 713 1680 suam?
741 1645 906 1696 quanto
928 1637 1061 1694 magis
1089 1645 1139 1680 ut
1160 1637 1303 1696 ejiciat
1338 1637 1622 1682 vinolentiam
1659 1639 1811 1682 suam?
1865 1656 1882 1697 *j

422 1717 588 1768 quanto
606 1707 741 1766 magis
771 1716 820 1751 ut
837 1707 978 1767 ejiciat
999 1706 1217 1751 luxuriam
1240 1710 1396 1753 suam?
1417 1717 1584 1768 quanto
1605 1709 1742 1767 magis
1763 1716 1812 1752 ut
1875 1727 1879 1748 s

423 1780 562 1839 ejiciat
583 1778 908 1823 immunditiam
930 1781 1085 1822 suam?
1109 1781 1283 1832 Quanta
1303 1788 1405 1825 sunt
1420 1781 1465 1823 in
1485 1780 1687 1834 homine,
1712 1795 1812 1838 quae
1868 1779 1876 1836 J
1896 1822 1898 1840 Ι

423 1851 457 1889 si
483 1850 850 1904 perseveraverint
866 1880 876 1899 ‚
903 1864 992 1889 non
1022 1847 1263 1889 admittunt
1284 1848 1338 1890 ad
1360 1862 1544 1905 regnum
1567 1847 1812 1892 coelorum?
1874 1903 1875 1907 Ἰ

426 1914 581 1959 Videte
598 1950 608 1969 ,
646 1914 801 1959 fratres
817 1950 828 1969 ‚
866 1914 1090 1975 quomodo
1125 1925 1300 1973 rogatur
1328 1917 1522 1961 medicus
1562 1933 1640 1977 pro
1675 1917 1812 1962 salute
1867 1938 1876 1979 μ·

428 1985 681 2046 temporali,
716 1986 941 2045 quomodo
979 1986 1013 2029 si
1054 1986 1285 2046 quisquam
1325 1986 1550 2046 desperate
1596 1997 1778 2047 aegrotet
1796 2023 1808 2044 ,

427 2055 643 2116 numquid
674 2057 810 2115 pudet
843 2055 966 2100 illum
984 2090 995 2110 ,
1032 2065 1107 2099 aut
1137 2057 1257 2116 piget
1289 2056 1456 2100 homini
1479 2057 1610 2117 pedes
1631 2060 1812 2104 tenere?
1870 2094 1875 2108 2

427 2128 684 2188 peritissimo
701 2127 914 2171 archiatro
935 2126 1139 2184 lacrymis
1160 2128 1338 2186 vestigia
1360 2127 1537 2173 lavare?
1557 2132 1614 2173 Et
1633 2129 1757 2190 quid,
1779 2130 1812 2175 si
1861 2119 1882 2193 ἐξ

428 2198 585 2242 dixerit
606 2198 645 2241 ei
667 2196 862 2241 medicus
885 2216 893 2241 :
917 2197 1065 2241 Sanari
1096 2196 1218 2240 aliter
1240 2213 1328 2241 non
1352 2207 1472 2256 potes
1491 2234 1502 2253 ,
1530 2199 1610 2242 nisi
1641 2208 1682 2242 te
1702 2194 1812 2257 liga-
1884 2188 1888 2197 ’

429 2286 548 2325 vero,
575 2269 802 2324 adussero,
824 2269 1032 2313 secuero?
1050 2269 1302 2327 Respondet
1320 2288 1328 2313 :
1355 2272 1441 2313 Fac
1463 2269 1581 2329 quod
1600 2270 1661 2313 vis
1677 2304 1688 2323 ‚
1712 2279 1811 2315 tan-

430 2350 524 2384 tum
546 2355 647 2384 sana
670 2354 754 2383 me.
779 2341 954 2392 Quanto
973 2337 1125 2382 ardore
1148 2339 1363 2384 desiderat
1383 2353 1621 2398 paucorum
1643 2340 1811 2384 dierum
1866 2331 1873 2380 J

432 2426 660 2470 vapoream
678 2411 904 2455 sanitatem
919 2445 931 2464 ,
953 2418 1002 2454 ut
1023 2425 1102 2469 pro
1119 2408 1191 2453 illa
1214 2419 1257 2454 et
1278 2409 1400 2468 ligari
1421 2410 1553 2465 velit,
1580 2419 1623 2455 et
1647 2412 1808 2465 secari,
1867 2400 1871 2403 ’

434 2491 476 2526 et
494 2483 581 2536 uri,
608 2491 650 2526 et
672 2480 879 2526 custodiri
898 2495 952 2525 ne
973 2479 1209 2526 manducet
1229 2481 1350 2541 quod
1377 2479 1564 2527 delectat
1580 2517 1592 2537 ,
1617 2497 1672 2526 ne
1692 2481 1810 2526 bibat
1877 2521 1891 2530 .,

479 2568 492 2589 ¹
509 2566 621 2600 Mauh.
638 2578 715 2609 xvu,
739 2579 791 2609 19.
812 2583 854 2591 —
874 2573 888 2590 ²
909 2566 989 2599 Ibid.
1006 2575 1059 2600 20.
