1898 3178
285 227 424 254 SERMo
457 227 524 263 m,
560 226 613 252 DE
644 224 878 253 couconmA
911 223 1074 252 ΜΑΤΤΗ.
1111 225 1163 250 ET
1195 223 1287 251 Luc.
1391 209 1473 250 105

95 294 210 334 enim
233 291 339 334 nihil
360 290 630 349 spectaretis,
657 289 764 333 nihil
793 291 1011 334 audiretis.
1038 289 1203 334 Videtis
1224 303 1327 346 ergo
1355 286 1476 347 quod

94 361 223 404 hodie
235 359 477 418 spectacula
495 375 583 403 non
599 360 930 418 contempsistiS,
945 359 1018 403 sed
1037 359 1235 418 elegistis.
1255 357 1378 402 Adsit
1393 357 1476 402 ita-

94 446 180 489 que
203 433 314 472 Deus
326 464 335 482 ,
356 428 463 471 dans
480 439 530 472 ut
547 429 695 472 amicis
713 429 862 471 vestris
880 444 987 487 quos
1005 428 1158 472 doletis
1171 427 1301 471 hodie
1317 426 1373 470 ad
1389 442 1477 471 am-

93 500 385 558 phitheatrum
411 499 674 553 cucurrisse,
702 507 745 542 et
769 498 822 542 ad
845 498 1066 542 ecclesiam
1091 499 1236 543 venire
1258 497 1444 542 noluisse
1461 532 1472 552 ‚

93 568 285 612 referatis
316 569 502 613 dulciter
537 579 675 612 vestra
699 568 941 627 spectacula
969 588 977 612 :
1014 579 1061 611 ut
1088 578 1131 612 et
1158 568 1239 612 illis
1269 568 1476 627 incipiant

91 638 295 682 vilescere
318 638 390 682 illa
405 674 415 692 ,
435 655 534 699 quae
552 640 738 683 amando
752 638 833 697 ipsi
850 638 1093 689 viluerunt;
1111 648 1153 681 et
1175 647 1322 682 ament
1333 638 1478 682 vobis-

91 724 190 752 cum
209 714 368 764 Deum,
393 709 448 753 de
469 725 558 770 quo
573 725 700 753 nemo
718 717 860 768 potest
882 718 1048 753 amator
1070 709 1323 753 erubescere
1339 744 1349 763 ,
1375 709 1475 768 quia

91 778 215 822 illum
239 789 353 822 amat
375 781 450 839 qui
474 796 562 824 non
582 789 722 839 potest
737 780 868 824 vinci.
891 783 1051 823 Ament
1071 779 1296 823 vobiscum
1326 779 1475 823 Chris-

92 857 206 902 tum,
222 849 298 908 qui
316 865 367 892 eo
392 851 484 908 ipso
501 865 591 909 quo
611 849 840 893 videbatur
860 850 1015 903 victus,
1040 848 1146 893 vicit
1167 848 1315 892 orbem
1340 857 1477 892 terra—

91 933 201 961 rum.
229 918 341 961 Vicit
364 919 476 962 enim
499 919 650 963 orbem
675 928 886 963 terrarum
908 919 1021 963 sicut
1041 917 1260 972 videmus,
1293 917 1444 961 fratres
1465 936 1474 961 :

90 987 271 1046 subjecit
286 1004 434 1031 omnes
459 997 711 1046 potestates,
732 989 976 1048 subjugavit
1009 1003 1151 1046 reges,
1176 1003 1267 1031 non
1289 986 1478 1045 superbo

87 1056 244 1111 milite,
269 1057 345 1101 sed
366 1058 485 1102 irrisa
508 1074 659 1114 cruce,
693 1075 785 1102 non
811 1059 989 1103 saeviens
1013 1057 1126 1102 ferro
1142 1093 1152 1113 ,
1178 1057 1252 1101 sed
1285 1056 1478 1116 pendens

88 1125 228 1183 ligno,
255 1127 460 1185 patiendo
483 1127 785 1186 corporaliter,
821 1127 1024 1171 faciendo
1061 1126 1322 1185 spiritaliter.
1358 1125 1477 1168 Illius

88 1211 244 1254 corpus
279 1197 524 1254 erigebatur
556 1199 598 1240 in
622 1212 776 1241 cruce:
804 1196 878 1240 ille
904 1206 1068 1240 mentes
1096 1196 1215 1240 cruci
1243 1194 1474 1239 subdebat.

93 1265 290 1323 Denique
307 1282 332 1323 q
341 1282 406 1308 uae
430 1281 600 1323 gemma
623 1267 848 1324 pretiosior
866 1266 911 1309 in
929 1265 1172 1309 diademate
1189 1300 1199 1320 ,
1224 1280 1356 1324 quam
1373 1280 1478 1308 crux

89 1334 246 1394 Christi
263 1335 536 1392 regnantium
552 1336 597 1378 in
612 1334 781 1379 fronte?
797 1338 924 1378 Hunc
942 1351 1016 1379 vos
1030 1331 1232 1388 amando,
1249 1349 1477 1393 nunquam

89 1403 353 1447 erubescitis.
371 1407 511 1456 Quam
529 1404 655 1447 multi
671 1405 786 1448 enim
802 1403 856 1448 de
873 1405 1193 1463 amphitheatro
1210 1404 1310 1448 victi
1329 1419 1477 1447 rever-

91 1482 242 1517 tuntur
260 1509 270 1528 ‚
295 1475 418 1518 victis
441 1475 500 1518 eis
517 1491 596 1534 pro
622 1475 781 1534 quibus
804 1475 1038 1518 insaniunt.
1067 1475 1149 1527 Qui
1174 1475 1307 1532 magis
1331 1474 1478 1517 vince-

88 1553 260 1598 rentur,
294 1545 327 1588 si
368 1545 606 1589 vincerent.
645 1544 944 1589 Subderentur
976 1545 1090 1588 enim
1131 1560 1254 1589 vanae
1290 1544 1473 1598 laetitiae,

89 1613 382 1658 subderentur
414 1615 664 1659 exultationi
688 1629 830 1672 pravae
855 1614 1134 1672 cupiditatis:
1165 1615 1242 1672 qui
1264 1615 1346 1656 hoc
1382 1614 1476 1672 ipso

86 1700 175 1744 quo
192 1684 297 1728 illuc
316 1694 524 1739 currunt,
550 1685 650 1727 victi
673 1694 789 1727 sunt.
816 1688 951 1736 Quam
971 1682 1130 1727 multos
1152 1683 1268 1726 enim
1285 1683 1447 1741 putatis
1461 1718 1472 1738 ,

90 1754 248 1798 fratres
264 1789 274 1807 ,
312 1755 533 1798 dubitasse
564 1754 694 1797 hodie
710 1788 721 1806 ,
745 1762 892 1796 utrum
913 1753 1000 1796 huc
1022 1754 1156 1807 irent,
1183 1768 1236 1796 an
1262 1751 1398 1796 illuc?
1421 1755 1476 1796 Et

86 1825 162 1883 qui
182 1824 227 1867 in
257 1825 347 1882 ipsa
371 1824 645 1867 dubitatione
668 1823 990 1867 considerantes
1011 1823 1231 1867 Christum
1255 1822 1308 1866 ad
1337 1822 1477 1866 eccle-

87 1894 192 1937 siam
210 1903 500 1937 cucurrerunt
521 1928 531 1947 ,
553 1894 752 1936 vicerunt
770 1908 855 1936 non
873 1891 1115 1951 quemlibet
1135 1893 1355 1935 hominem
1368 1926 1380 1946 ,
1400 1893 1475 1936 sed

37 2017 40 2021 .
85 1963 313 2008 diabolum
332 1964 472 2022 ipsum
491 1998 500 2014 ,
529 1963 660 2006 totius
681 1962 831 2005 mundi
853 1963 1083 2020 pessimum
1099 1965 1374 2005 Venatorem.
1393 1963 1475 2014 Qui

87 2043 232 2077 autem
256 2034 301 2077 iu
317 2033 388 2077 illa
418 2033 692 2077 dubitatione
713 2032 941 2090 elegerunt
961 2032 1105 2090 potius
1128 2031 1181 2075 ad
1199 2032 1474 2090 amphithea-

88 2111 202 2146 trum
220 2119 407 2157 currere,
435 2104 489 2147 ab
508 2103 583 2146 illo
602 2103 754 2161 utique
770 2103 872 2145 victi
885 2111 1003 2155 sunt,
1025 2116 1158 2161 quem
1174 2102 1242 2144 isti
1257 2102 1471 2145 vicerunt.

48 2219 53 2233 3
88 2172 296 2216 Vicerunt
319 2182 462 2217 autem
487 2173 532 2216 in
549 2172 624 2216 illo
652 2172 728 2231 qui
750 2171 834 2216 ait:
865 2190 884 2214 «
910 2172 1132 2225 Gaudete,
1169 2172 1268 2230 quia
1291 2186 1371 2229 ego
1393 2171 1477 2215 vici

0 2268 6 2277 ·
49 2246 54 2286 Ξ
90 2259 110 2282 »
145 2242 360 2285 mundum
385 2244 415 2284 ¹.
445 2260 465 2282 »
491 2243 601 2294 Quia
617 2250 845 2300 propterea
861 2241 1018 2285 tentari
1035 2256 1079 2284 se
1091 2255 1239 2299 passus
1253 2243 1473 2298 estlmpe-

52 2356 57 2376 ὅ
86 2321 225 2365 rator,
251 2320 299 2354 ut
320 2310 496 2355 doceret
514 2311 695 2355 militem
712 2310 932 2356 dimicare.

54 2378 57 2382 ⁴
145 2382 228 2424 ΙΙΙ.
250 2382 344 2424 Hoc
362 2394 463 2437 ergo
481 2388 530 2423 ut
546 2379 705 2424 faceret
723 2381 932 2424 Dominus
946 2389 1092 2424 noster
1112 2382 1136 2422 J
1140 2394 1235 2422 esus
1258 2379 1470 2433 Christus,

59 2472 61 2481 ·
83 2450 236 2509 utique
256 2450 474 2494 nascendo
496 2451 550 2495 de
572 2449 775 2506 foemina,
801 2449 914 2495 filius
936 2449 1122 2494 hominis
1140 2448 1278 2493 factus
1301 2458 1378 2493 est.
1417 2452 1474 2493 At

134 2538 144 2557 ¹
164 2534 253 2566 Joan.
277 2542 351 2573 xw,
370 2534 422 2565 33.
