1898 3178
431 285 568 313 §namo
601 284 722 324 XCIX,
758 286 810 312 nn
843 284 987 313 venais
1019 285 1111 313 Luc.
1148 287 1224 312 vn.
1429 274 1512 313 537

138 352 349 410 tergendo
365 385 376 405 ,
402 348 639 408 unguendo
657 351 787 409 pedes
810 354 901 410 ejus
920 370 927 394 z
956 351 1194 395 Pharisaeus
1216 350 1291 410 qui
1314 350 1516 395 invitavea

134 431 199 466 rat
225 421 460 465 Dominum
491 423 637 464 Jesum
660 421 881 465 Christum
903 457 914 476 ,
952 423 1054 481 quia
1077 436 1127 465 ex
1149 420 1226 466 illo
1248 435 1406 480 genere
1427 432 1517 465 erat

133 493 359 536 hominum
383 491 671 551 superborum
689 526 699 546 ,
725 490 779 535 de
810 492 970 551 quibus
994 496 1124 536 lsa'i'as
1146 492 1357 552 propheta
1379 492 1485 536 dicit
1507 511 1515 536 ι

139 582 159 604 «
194 563 275 615 Qui
297 561 449 605 dicunt
471 579 479 605 :
502 564 649 619 Longe
672 561 826 605 recede
847 578 868 605 a
893 577 978 617 me,
996 562 1087 607 noli
1104 577 1175 607 me
1197 573 1389 621 tangere,
1406 577 1519 621 quo-

139 652 160 675 »
194 633 311 677 niam
336 631 526 676 mundus
548 647 641 676 sum
662 634 672 656 ¹
693 651 701 676 ;
731 650 750 672 »
776 634 947 691 putavit
969 635 1204 678 Dominum
1226 634 1407 678 nescisse
1426 648 1520 677 mu-

137 703 301 748 lierem.
329 704 422 747 Hoc
444 701 562 762 apud
590 717 634 746 se
666 702 908 761 cogitabat,
931 713 974 748 et
996 703 1171 749 dicebat
1192 705 1236 748 in
1258 704 1388 749 corde
1410 718 1488 748 suo
1509 723 1517 747 :

143 792 162 816 «
197 774 277 819 Hic
295 774 328 818 si
350 783 458 818 esset
480 773 695 832 Propheta
711 807 721 827 ,
749 773 874 817 sciret
891 788 989 833 quae
1010 774 1166 818 mulier
1186 773 1250 818 illi
1272 774 1447 819 accessit
1468 772 1522 818 ad

142 864 163 886 »
198 845 342 904 pedes.
367 863 386 885 n
414 844 519 889 Ideo
541 859 640 888 eum
661 845 826 889 nescire
844 844 1027 888 credidit
1046 880 1056 900 ,
1079 846 1181 905 quia
1203 845 1319 889 illam
1341 860 1429 889 non
1451 860 1521 888 re-

137 914 265 976 pulit,
281 916 381 975 quia
396 914 674 959 accedentem
697 930 786 959 non
803 915 1046 974 prohibuit,
1065 916 1167 974 quia
1181 916 1302 973 tangi
1323 930 1366 958 se
1381 930 1403 958 a
1418 929 1522 974 pec-

136 987 292 1031 catrice
315 986 523 1045 permisit.
547 988 657 1031 Nam
692 984 817 1028 illum
839 986 1036 1041 nescisse,
1057 985 1175 1030 unde
1200 986 1387 1031 sciebat?
1409 985 1524 1038 Quid

136 1057 252 1101 enim
275 1056 308 1099 si
331 1055 493 1099 sciebat
512 1089 523 1109 ,
544 1070 570 1099 o
588 1055 803 1099 Pharisaee
821 1090 831 1110 ,
856 1056 1061 1100 invitator
1084 1065 1125 1099 et
1156 1056 1303 1099 irrisor
1319 1055 1525 1099 Domini?

136 1125 371 1171 Dominum
391 1126 526 1184 pascis
540 1160 555 1181 ,
576 1133 618 1168 ct
651 1140 673 1169 a
695 1141 784 1184 quo
804 1125 1045 1184 pascendus
1076 1126 1129 1169 sis
1144 1160 1158 1180 ,
1190 1140 1281 1169 non
1303 1124 1521 1183 intelligis.

138 1196 263 1240 Unde
280 1197 360 1240 scis
377 1230 386 1249 ,
411 1196 593 1240 nescisse
613 1196 847 1240 Dominum
867 1211 966 1254 quae
988 1195 1130 1239 fuerat
1151 1194 1224 1239 illa
1244 1194 1400 1238 mulier
1416 1230 1426 1249 ,
1445 1195 1526 1238 nisi

139 1267 241 1326 quia
263 1266 469 1325 permissa
490 1275 553 1309 est
570 1265 790 1319 accedere,
811 1265 891 1309 nisi
912 1266 1012 1324 quia
1028 1264 1103 1308 illo
1126 1266 1318 1324 patiente
1335 1264 1525 1309 osculata

145 1345 208 1380 est
229 1336 360 1394 pedes
377 1337 483 1395 ejus,
504 1336 584 1379 nisi
602 1336 703 1394 quia
724 1336 865 1389 tersit,
889 1336 969 1379 nisi
991 1336 1091 1395 quia
1115 1336 1273 1379 unxit?
1290 1337 1393 1379 Haec
1410 1335 1525 1378 enim

143 1422 231 1451 non
249 1405 403 1449 debuit
422 1405 612 1463 permitti
640 1404 780 1448 facere
803 1406 849 1448 in
868 1405 1053 1464 pedibus
1074 1405 1246 1449 mundis
1270 1405 1426 1449 mulier
1443 1406 1525 1448 im-

142 1476 336 1522 munda?
352 1474 421 1520 Ad
441 1475 556 1520 illius
571 1490 674 1534 ergo
687 1476 890 1519 Pharisaei
907 1477 1037 1534 pedes
1052 1477 1086 1519 si
1102 1476 1196 1519 talis
1215 1477 1368 1520 mulier
1382 1491 1527 1521 acces-

143 1548 285 1601 sisset,
306 1546 504 1590 dicturus
522 1554 612 1588 erat
630 1544 751 1605 quod
767 1548 898 1589 Isa'l'as
915 1546 969 1588 de
987 1544 1146 1589 talibus
1169 1544 1274 1590 dicit
1291 1565 1299 1591 :
1318 1565 1336 1587 «
1359 1546 1529 1590 Recede

145 1637 166 1660 »
203 1633 225 1662 a
243 1631 329 1672 me,
356 1616 445 1660 noli
468 1630 536 1659 me
560 1624 761 1673 tangere,
783 1616 990 1674 quoniam
1010 1615 1202 1659 mundus
1216 1631 1358 1659 sum.»
1380 1620 1530 1661 Acces-

144 1690 198 1733 sit
229 1697 373 1732 autem
407 1686 462 1731 ad
492 1687 725 1731 Dominum
764 1684 1012 1739 immunda,
1052 1694 1102 1729 ut
1139 1685 1299 1730 rediret
1332 1687 1495 1731 munda
1518 1707 1526 1732 :

146 1758 322 1803 accessit
343 1771 456 1814 aegra
470 1791 480 1811 ‚
507 1765 555 1800 ut
578 1754 736 1799 rediret
758 1770 859 1799 sana
882 1774 890 1799 :
917 1755 1091 1799 accessit
1113 1756 1325 1812 confessa,
1348 1767 1395 1802 ut
1418 1757 1532 1801 redi-

145 1838 211 1873 ret
232 1826 438 1887 professa.

206 1901 285 1943 ΙΙΙ.
298 1897 477 1942 Audivit
493 1898 608 1940 enim
627 1895 836 1940 Dominus
851 1896 1118 1940 Pharisaeum
1135 1897 1413 1954 cogitantem.
1436 1900 1531 1942 Jam

147 1969 249 2013 hinc
272 1966 483 2024 intelligat
507 1967 747 2010 Pharisaeus
762 2000 773 2020 ,
799 1966 833 2009 si
866 1980 954 2009 non
982 1974 1152 2024 poterat
1182 1966 1328 2010 videre
1351 1982 1535 2026 peccan-

148 2047 252 2092 tem,
273 2037 350 2097 qui
369 2037 511 2095 potuit
532 2035 682 2080 audire
697 2036 976 2094 cogitantem.
991 2036 1219 2094 Proposuit
1245 2050 1346 2094 ergo
1367 2037 1535 2081 homini

149 2106 479 2152 similitudinem
503 2106 557 2150 de
587 2106 761 2150 duobus
779 2140 789 2160 ,
815 2107 889 2164 qui
923 2104 1144 2150 debebant
1167 2107 1243 2149 uni
1268 2105 1531 2152 foeneratori.

149 2179 292 2223 Etiam
320 2178 461 2237 ipsum
486 2177 600 2220 enim
624 2191 773 2221 sanare
799 2176 1006 2235 cupiebat
1022 2211 1033 2231 ,
1066 2191 1121 2220 ne
1144 2178 1273 2235 gratis
1298 2179 1414 2237 apud
1437 2194 1535 2223 eum

151 2263 307 2309 panem
345 2247 591 2292 comederet
613 2266 621 2292 :
647 2248 788 2306 ipsum
825 2256 1075 2306 pascentem
1108 2248 1325 2293 esuriebat
1344 2283 1354 2303 ,
1396 2249 1538 2308 ipsum

151 2320 409 2374 emendare,
440 2319 582 2377 ipsum
604 2327 793 2362 mactare
809 2353 820 2373 ‚
846 2319 987 2378 ipsum
1016 2319 1304 2374 manducare,
1330 2320 1472 2379 ipsum
1493 2321 1539 2364 in

153 2405 280 2434 suum
302 2404 460 2447 corpus
484 2389 677 2447 trajicere
694 2388 871 2433 volebat
894 2408 901 2433 :
923 2389 1031 2433 sicut
1051 2398 1095 2432 et
1112 2389 1175 2432 illi
1195 2388 1367 2433 mulieri
1392 2393 1541 2435 Sama-

153 2460 305 2505 ritanae
323 2459 429 2503 dixit
451 2477 459 2503 :
491 2477 511 2499 «
533 2459 639 2503 Sitio
653 2461 686 2502 ².
715 2476 734 2500 ³›
761 2458 876 2512 Quid
899 2469 986 2515 est,
1015 2460 1120 2504 Sitio
1138 2461 1155 2501 ?
1185 2460 1388 2505 Desidero
1410 2461 1539 2506 fidem

155 2540 290 2575 tuam.
317 2530 533 2575 Dicuntur
550 2544 651 2587 ergo
668 2530 800 2574 verba
815 2531 987 2575 Domini
1005 2531 1049 2574 in
1071 2532 1152 2575 hac
1172 2530 1479 2590 similitudine,
1499 2542 1540 2576 et

205 2621 213 2636 ¹
232 2613 301 2646 lsai.
323 2624 396 2655 mxv,
411 2616 441 2645 5.
459 2630 499 2636 —
520 2620 532 2635 ²
551 2615 642 2645 Joan*
663 2624 708 2654 iv,
728 2624 762 2655 7.
