1898 3178
346 264 401 302 92
784 268 816 295 S.
851 266 1082 295 AUGUSTIM
1115 269 1300 297 EPISCOPI

346 337 460 380 duri.
490 336 577 388 Qui
606 335 651 377 in
679 331 823 392 lapide
845 335 1005 389 Legem
1028 341 1290 391 acceperunt
1306 367 1317 387 ‚
1345 330 1511 391 lapides
1534 332 1728 375 mittunt.

406 407 484 449 XI.
505 403 739 448 Videamus
754 435 765 455 ,
786 400 1049 455 charissimi,
1080 400 1304 446 videamus
1320 436 1331 456 ‚
1354 410 1595 461 spectemus
1609 415 1731 459 mag-

342 491 448 520 num
470 472 767 533 spectaculum
787 490 795 515 :
825 479 1068 530 spectemus
1090 481 1132 515 et
1155 471 1241 515 diei
1263 472 1453 516 crastino
1479 486 1733 531 proponen-

347 547 470 590 dum.
497 543 746 588 Videamus.
771 545 884 586 Ecce
908 543 1152 601 Stephanus
1173 542 1393 601 lapidatur
1408 576 1418 595 ‚
1447 543 1501 585 sit
1522 541 1736 585 constitu-

346 626 416 661 tus
434 614 557 675 quasi
580 623 680 657 ante
702 612 852 657 oculos
881 622 1065 658 nostros,
1091 613 1170 657 Eia
1186 612 1434 656 membrum
1456 611 1618 657 Christi
1637 646 1649 666 ‚
1670 612 1736 655 eia

348 685 510 731 athleta
531 685 710 739 Christi,
735 685 898 744 inspice
917 683 1042 728 illum
1065 685 1142 744 qui
1154 700 1233 743 pro
1250 693 1291 727 te
1313 682 1581 743 pependitin
1595 682 1733 742 ligno.

348 756 698 814 Crucifigebatur
712 754 805 809 ille,
826 764 874 799 tu
888 754 1105 814 lapidaris.
1123 754 1202 799 Ille
1216 754 1348 799 dixit:
1371 773 1391 796 «
1408 757 1551 808 Pater,
1565 754 1737 811 ignosce

351 846 371 869 η
408 826 491 870 illis
508 860 519 881 ,
551 826 651 886 quia
669 825 870 870 nesciunt
891 825 999 885 quid
1013 825 1218 870 faciunt1.
1246 843 1267 866 »
1294 827 1359 868 Tu
1383 823 1492 884 quid
1513 822 1641 877 dicis,
1667 838 1739 867 au-

349 898 482 943 diam.
507 897 690 941 Videam
713 905 777 948 te,
813 911 868 940 ne
890 895 1003 940 forte
1035 896 1194 955 possim
1229 894 1388 940 imitari
1416 894 1486 939 vel
1510 904 1566 938 te.
1593 893 1739 938 Primo

349 968 504 1012 beatus
534 967 778 1025 Stephanus
810 974 925 1010 stans
962 965 1101 1010 oravit
1121 981 1201 1025 pro
1222 981 1289 1021 se,
1320 974 1366 1010 et
1385 965 1444 1009 ait
1471 983 1480 1009 :
1509 984 1531 1007 «
1555 964 1740 1008 Domine

353 1056 374 1079 »
411 1040 436 1081 J
439 1053 514 1081 esu
525 1071 536 1092 ‚
558 1037 704 1096 accipe
719 1037 918 1096 spiritum
933 1051 1097 1080 meum.
1115 1035 1282 1080 Deinde
1298 1035 1448 1095 positis
1467 1034 1650 1093 genibus
1661 1049 1741 1093 pro

353 1128 374 1150 »
408 1107 724 1167 lapidatoribus
741 1123 896 1158 orans,
924 1108 1107 1152 Domine
1125 1140 1137 1161 ‚
1177 1106 1345 1166 inquit,
1382 1121 1438 1150 ne
1468 1115 1629 1150 statuas
1658 1104 1742 1148 illis

354 1197 375 1220 »
409 1179 493 1222 hoc
517 1187 763 1237 peccatum.
804 1179 898 1222 Hoc
932 1176 1049 1221 dicto
1070 1176 1373 1221 obdormivirt.
1399 1193 1420 1217 n
1446 1176 1484 1219 Ο
1502 1173 1605 1219 felix
1625 1189 1743 1219 som-

351 1265 433 1294 nus
449 1284 460 1303 ,
481 1258 524 1293 et
541 1250 710 1310 requies
731 1263 853 1293 vera.
887 1250 1000 1292 Ecce
1020 1246 1129 1307 quid
1151 1255 1215 1291 est
1237 1245 1507 1305 requiescere
1523 1279 1534 1299 ‚
1559 1260 1639 1304 pro
1659 1245 1744 1289 ini-

350 1320 471 1364 micis
502 1334 639 1364 orare.
668 1319 753 1363 Sed
774 1316 1004 1377 paululum
1039 1331 1188 1376 quaeso
1216 1325 1285 1370 te,
1312 1324 1459 1360 sancte
1494 1316 1738 1374 Stephane,

352 1406 519 1450 expone
533 1390 761 1443 mihihoc‚
783 1388 928 1433 nescio
946 1387 1053 1447 quid
1068 1422 1080 1442 ,
1104 1401 1239 1446 quare
1279 1401 1359 1446 pro
1382 1395 1424 1429 te
1446 1394 1561 1429 stans
1584 1387 1739 1440 orasti,

352 1471 396 1506 et
412 1476 491 1520 pro
510 1459 693 1504 inimicis
711 1475 826 1518 genu
838 1458 997 1503 fixisti?
1015 1456 1268 1517 Respondet
1285 1456 1465 1501 fortasse
1481 1456 1602 1516 quod
1615 1456 1745 1500 intel-

352 1532 528 1591 ligimus
552 1549 562 1575 :
588 1534 672 1574 Pro
692 1545 761 1573 me
782 1539 899 1574 stans
922 1528 1068 1581 oravi,
1100 1530 1202 1588 quia
1223 1542 1302 1586 pro
1331 1542 1401 1570 me
1418 1527 1495 1587 qui
1515 1535 1631 1571 recte
1654 1529 1744 1572 Deo

353 1602 507 1647 servivi
529 1600 671 1653 oravi,
691 1599 856 1644 orando
871 1608 914 1643 et
930 1596 1205 1657 impetrando
1223 1612 1312 1641 non
1329 1596 1538 1641 laboravi.
1560 1597 1644 1650 Qui
1663 1612 1744 1656 pro

346 1675 464 1733 justo
486 1679 601 1723 orat,
627 1685 716 1714 non
737 1669 908 1713 laborat
934 1687 943 1713 :
968 1667 1068 1712 ideo
1084 1676 1201 1711 stans
1220 1682 1299 1726 pro
1317 1682 1360 1710 se
1380 1667 1534 1711 oravit.
1553 1669 1746 1711 Ventum

354 1751 417 1786 est
438 1750 488 1785 ut
511 1748 653 1784 oraret
676 1754 753 1798 pro
770 1738 959 1793 Judaeis,
979 1752 1058 1797 pro
1084 1736 1439 1781 interfectoribus
1453 1736 1643 1790 Christi,
1666 1752 1746 1796 pro

354 1809 707 1856 interfectoribus
729 1818 978 1853 sanctorum
992 1843 1003 1863 ‚
1029 1823 1109 1867 pro
1132 1806 1449 1866 lapidatoribus
1477 1806 1562 1851 suis
1577 1840 1589 1861 ‚
1608 1815 1747 1852 atten-

355 1881 420 1927 dit
431 1881 609 1925 nimiam
624 1889 667 1924 et
681 1895 883 1938 magnam
899 1893 988 1922 esse
1002 1877 1270 1936 impietatem
1284 1877 1477 1936 ipsorum
1490 1911 1501 1930 ‚
1519 1891 1618 1936 quae
1631 1876 1747 1921 diffi-

356 1951 437 1995 cile
460 1950 614 1995 donari
631 1959 774 2009 posset
791 1984 803 2003 ‚
828 1958 871 1993 et
893 1962 1008 2006 genu
1029 1946 1135 1990 fixit.
1159 1945 1264 2003 Fige
1284 1961 1399 2005 genu
1423 1946 1469 1989 in
1492 1946 1572 1990 hac
1586 1946 1712 1990 vinea
1731 1980 1743 2001 ,

357 2038 384 2067 0
405 2022 528 2066 fortis
546 2021 739 2080 operarie
769 2040 777 2064 :
804 2020 910 2078 fige,
930 2019 1133 2078 inquam,
1159 2032 1274 2075 genu
1293 2017 1339 2059 in
1372 2031 1503 2076 opere
1529 2017 1659 2076 hujus
1681 2017 1747 2060 vi-

358 2108 474 2147 neae,
498 2091 728 2136 fortissime
749 2089 958 2149 operarie.
985 2091 1195 2146 Magnum
1217 2102 1326 2146 opus
1348 2096 1500 2142 tuum,
1525 2088 1747 2145 egregium

360 2173 403 2208 et
416 2163 685 2207 laudandum
709 2160 916 2205 multum.
934 2161 1125 2204 Multum
1146 2158 1285 2202 altum
1304 2157 1478 2212 fodisti,
1499 2158 1575 2218 qui
1593 2158 1746 2202 odium

360 2233 636 2277 inimicorum
657 2231 711 2276 de
723 2229 853 2275 corde
875 2230 1043 2274 exuisti.
1064 2228 1272 2274 Conversi
1289 2229 1345 2273 ad
1367 2228 1604 2272 Dominum
1620 2261 1633 2283 ‚
1657 2236 1740 2272 etc.

410 2334 421 2352 ¹
436 2329 512 2360 Luc.
527 2339 619 2369 xxm,
634 2326 687 2369 34.
710 2343 748 2351 --
767 2333 780 2350 ²
798 2329 869 2359 Act.
885 2337 941 2367 vu,
962 2325 1017 2366 58,
1036 2324 1095 2366 59.
