1898 3178
429 194 512 233 262
868 208 902 238 s.
937 208 1170 240 Aucusnm
1191 211 1374 241 nmscom

430 286 546 315 mors
575 272 752 329 animae,
790 275 866 318 Dei
888 275 1099 321 absentia.
1123 276 1198 322 Vis
1217 293 1342 323 nosse
1362 293 1463 339 quae
1494 278 1549 323 sit
1580 294 1698 324 mors
1720 280 1816 324 ani-

434 345 548 387 mae?
572 343 773 403 Intellige
800 347 1061 406 Prophetam
1084 347 1300 393 dicentem
1321 369 1330 394 :
1361 368 1382 392 «
1408 348 1605 395 Tollatur
1626 350 1786 411 impius
1801 386 1813 405 ,

434 431 455 455 »
491 423 540 458 ut
559 430 649 458 non
665 415 812 460 videat
831 417 1071 463 claritatem
1089 419 1263 464 Domini
1275 421 1306 463 1.
1321 439 1341 462 »
1361 420 1529 464 Timeat
1549 435 1652 479 ergo
1673 421 1817 466 anima

430 494 617 529 mortem
639 500 784 543 suam,
805 496 849 532 et
870 504 960 534 non
987 490 1137 535 timeat
1157 499 1343 536 mortem
1376 492 1570 551 corporis
1599 492 1680 536 sui.
1706 493 1818 546 Quia

431 556 466 599 si
488 556 682 601 timuerit
698 567 884 603 mortem
906 575 1046 616 suam,
1064 570 1107 605 et
1122 560 1276 606 vixerit
1295 561 1341 605 in
1363 564 1453 606 Deo
1480 577 1576 618 suo,
1601 578 1692 607 non
1717 578 1819 607 eum

431 627 699 675 offendendo
720 640 764 675 et
784 646 809 676 a
829 646 874 676 se
895 627 1169 692 repellendo,
1194 633 1434 677 merebitur
1454 633 1500 677 in
1517 634 1606 678 fine
1627 635 1818 694 recipere

431 714 590 758 corpus
611 716 738 744 suum
757 722 769 759 3
802 717 892 746 non
915 703 970 747 ad
991 718 1167 762 poenam
1191 712 1421 759 aeternam,
1441 704 1553 748 sicut
1575 705 1695 764 impii
1713 725 1723 762 3
1743 704 1818 749 sed

433 768 488 813 ad
504 770 640 815 vitam
663 780 893 828 aeternam,
912 773 1024 818 sicut
1037 773 1159 833 justi.
1186 773 1309 817 Illam
1333 783 1518 819 mortem
1540 774 1758 830 timentes,
1776 784 1819 819 et
1859 771 1866 834 ᾖ

433 841 554 886 illam
577 842 710 886 vitam
733 846 946 901 Martyres
974 843 1224 903 diligentes,
1244 846 1456 903 promissa
1477 846 1555 889 Dei
1578 855 1816 904 expectan-
1859 836 1866 854 ’

434 920 522 968 tes,
559 913 701 981 Jninas
739 924 1065 973 persecutorum
1107 923 1437 959 contemnentes
1453 950 1465 970 ,
1505 924 1548 959 et
1583 916 1665 974 ipsi
1703 916 1821 975 apud
1858 904 1863 923 ³

435 984 576 1027 Deum
605 984 803 1028 coronari
832 994 1109 1040 meruerunt,
1134 994 1179 1029 et
1198 985 1324 1030 nobis
1365 984 1628 1030 celebranda
1656 984 1730 1031 illa
1749 1001 1821 1031 so-
1864 973 1879 1001 ’ἴ

435 1053 596 1099 lemnia
612 1054 898 1115 reliquerunt.

433 1211 1823 1229 W!RAMMVWMMMWBMWQ'WMOEAMMMMMWWRAMWRKRAMMRMMMMMWNMMW
1862 1209 1877 1236 Ν

907 1339 1138 1386 SERMO
1186 1340 1353 1386 LXVI.

437 1505 499 1547 De
512 1503 656 1547 verbis
673 1501 897 1562 Evangelii
919 1503 1075 1547 Matth.
1103 1520 1149 1546 XI
1171 1519 1180 1546 :
1205 1500 1329 1546 Cum
1361 1497 1574 1544 audisset
1605 1498 1822 1545 Joannes
1872 1514 1876 1526 ⁴

495 1576 544 1618 in
565 1573 766 1618 vinculis
793 1590 943 1634 opera
972 1571 1180 1629 Christi,
1215 1573 1405 1616 mittens
1428 1569 1547 1615 duos
1578 1570 1638 1615 cle
1659 1570 1820 1615 Disci-

491 1644 619 1704 puli-5
640 1646 755 1701 sais,
772 1645 845 1689 ait
867 1643 956 1689 illi.-
985 1644 1059 1689 Τιι
1083 1660 1132 1689 es
1153 1644 1237 1703 qui
1252 1652 1477 1688 venturas
1500 1657 1565 1698 es,
1592 1657 1658 1686 (m
1673 1640 1822 1686 aliam
1867 1661 1869 1668 ·

496 1724 810 1775 expectamus
827 1710 854 1758 P
873 1724 960 1760 eto.

663 1864 805 1902 Prodit
822 1874 928 1902 nunc
944 1864 1114 1914 primum
1134 1874 1182 1901 ex
1202 1862 1330 1901 veteri
1351 1861 1500 1900 Codice
1521 1860 1597 1899 821

507 1926 749 1967 Colbertinae
769 1926 1161 1974 Bibliothaecae,ante
1175 1936 1300 1965 annos
1315 1924 1472 1965 circiter
1491 1924 1744 1975 octingentos

1046 1998 1208 2042 scripto.

493 2125 529 2167 Ι.
550 2125 710 2166 Lmno
733 2121 870 2165 sancti
890 2119 1116 2178 Evangelii
1138 2119 1424 2179 quaestionem
1447 2119 1575 2164 nobis
1595 2118 1821 2179 proposuit

433 2193 487 2237 de
526 2195 694 2237 Joanne
728 2191 932 2251 Baptista.
966 2190 1156 2250 Adjuvet
1178 2206 1257 2234 nos
1291 2190 1501 2234 Dominus
1521 2199 1570 2234 ut
1604 2189 1819 2234 solvamus

433 2278 528 2307 eam
550 2264 697 2319 vobis,
722 2261 946 2323 quomodo
976 2276 1071 2306 eam
1100 2260 1229 2306 solvit
1257 2261 1398 2305 nobis.
1435 2263 1625 2304 Joannes
1661 2259 1819 2304 Christi
1844 2288 1845 2291 =

435 2334 677 2379 testimonio
699 2333 902 2378 laudatus
939 2341 1032 2387 est,
1064 2342 1114 2376 ut
1134 2332 1339 2389 audistis3
1365 2340 1408 2376 et
1430 2331 1490 2376 sic
1522 2330 1748 2386 laudatus,
1770 2338 1817 2374 ut
1847 2347 1851 2391 ξ

432 2405 477 2447 in
499 2404 607 2448 natis
629 2403 863 2448 mulierum
886 2418 976 2447 non
1010 2402 1261 2447 surrexisset
1288 2403 1440 2462 major.
1471 2402 1555 2446 Sed
1585 2402 1721 2460 major
1742 2399 1816 2445 illo
1842 2397 1850 2456 ξ

432 2482 521 2516 erat
543 2483 668 2517 natus
695 2490 746 2517 ex
778 2474 969 2531 Virgine.
995 2475 1221 2526 Quantum
1260 2473 1425 2531 major?
1455 2474 1550 2531 Ipse
1580 2486 1724 2530 praeco
1746 2469 1814 2513 di·
1846 2458 1850 2534 Ι

483 2577 487 2590 “
511 2571 583 2601 Isa'i.
603 2581 692 2610 xxvi,
719 2581 767 2601 ιο.
1845 2589 1848 2662 Ι
