1898 3178
403 183 488 225 394
785 193 819 222 s.
866 192 1098 223 Aucusnm
1128 195 1311 223 muscom

402 261 531 306 traria
560 261 646 304 sint
680 268 897 320 praecepta
931 257 1095 304 divina.
1142 259 1226 305 Sed
1258 258 1551 318 intelligamus
1591 275 1680 306 esse
1722 262 1783 307 ibi

400 346 616 377 summam
640 328 941 386 concordiam,
974 345 1064 374 non
1086 330 1459 391 quemadmodum
1479 329 1657 392 quidam
1682 332 1783 377 vani

400 402 638 463 sapiamus,
664 400 740 460 qui
761 408 952 444 errantes
980 400 1218 460 opinantur
1239 400 1455 445 contraria
1479 400 1561 445 sibi
1581 415 1672 446 esse
1693 400 1783 447 duo

402 477 675 519 Testamenta
689 470 734 515 in
753 470 893 516 Libris
910 471 1139 517 Veteribus
1161 481 1204 516 et
1225 472 1380 530 Novis3
1398 481 1450 517 ut
1469 471 1568 517 ideo
1583 481 1784 530 putemus

400 545 483 589 hoc
500 558 590 587 esse
607 541 890 598 contrarium,
905 542 1115 603 quoniam
1131 541 1241 587 illud
1258 542 1379 586 estin
1395 542 1634 588 Salomonis
1650 542 1781 599 libro,

399 615 482 658 hoc
505 614 550 657 in
572 613 826 672 Evangelio.
853 613 897 658 Si
918 613 1034 657 enim
1056 612 1211 673 aliquis
1234 612 1459 672 imperitus
1481 622 1524 657 et
1539 612 1783 658 calumnia-

399 693 468 728 tor
489 683 735 729 divinarum
762 683 1084 743 Scripturarum
1107 681 1270 728 diceret
1294 697 1303 724 z
1331 685 1444 727 Ecce
1471 681 1550 727 ubi
1576 683 1659 728 sibi
1676 698 1784 729 con-

398 752 619 799 tradicunt
633 753 722 799 duo
740 756 1029 802 Testamenta.
1051 754 1262 798 Dominus
1280 751 1408 798 dicit:
1428 772 1448 796 «
1463 753 1643 813 Corripe
1658 752 1785 798 illum
1841 769 1844 776 ’

400 843 421 867 »
446 826 559 870 inter
579 834 622 870 te
643 834 687 870 et
702 825 846 885 ipsum
863 825 1022 870 solum.
1049 843 1070 867 »
1099 824 1305 870 Salomon
1326 823 1433 869 dicit
1455 843 1465 869 ε
1494 843 1514 867 «
1535 825 1621 878 Qui
1642 825 1785 884 arguit

400 914 420 938 »
447 895 591 955 palam
607 930 618 951 ,
639 911 790 956 pacem
812 896 933 940 facit.
959 913 979 937 »
1007 898 1124 954 Ergo
1148 896 1286 940 nescit
1302 896 1512 940 Dominus
1539 894 1649 956 quid
1670 911 1784 956 prae-

397 967 537 1025 cepit?
562 965 766 1011 Salomon
780 966 876 1011 vult
898 965 1110 1010 contundi
1129 965 1318 1010 frontem
1335 966 1574 1025 peccantis:
1590 967 1786 1012 Christus

397 1037 536 1096 parcit
557 1038 716 1096 pudori
738 1038 1048 1082 erubescentis.
1079 1038 1147 1082 Ibi
1169 1038 1285 1082 enim
1308 1038 1518 1098 scriptum
1540 1046 1604 1082 est
1623 1057 1632 1082 :
1662 1056 1680 1079 «
1701 1038 1788 1091 Qui

400 1126 420 1149 »
447 1107 591 1165 arguit
612 1107 779 1165 palam,
804 1123 956 1167 pacem
978 1108 1082 1153 facit
1108 1128 1117 1153 :
1145 1127 1166 1150 »
1192 1109 1264 1153 hic
1282 1117 1430 1154 autem
1455 1128 1464 1154 :
1494 1109 1711 1168 «Corripe
1732 1108 1788 1152 il-

400 1195 422 1219 »
448 1177 541 1221 lum
563 1177 677 1220 inter
698 1185 741 1220 te
769 1185 812 1220 et
836 1176 981 1234 ipsum
1004 1179 1170 1237 solum3
1197 1197 1218 1220 »
1244 1195 1334 1224 non
1363 1179 1531 1239 palam,
1555 1179 1632 1223 sed
1652 1180 1698 1221 in
1719 1193 1788 1223 se·
1846 1187 1847 1191 ’

1836 1937 1849 1997 ,,

1834 2028 1839 2192 ἒ

1833 2199 1838 2334 i

396 1257 515 1293 creto
532 1256 575 1292 et
594 1245 778 1292 occulte.
801 1247 877 1291 Vis
899 1261 1024 1291 nosse
1044 1248 1239 1306 quisquis
1265 1249 1368 1292 talia
1393 1250 1577 1305 cogitas,
1602 1263 1692 1292 non
1709 1249 1789 1293 sibi

397 1333 643 1378 repugnare
662 1317 751 1363 duo
771 1320 1045 1362 Testamenta
1059 1352 1070 1373 ‚
1092 1316 1318 1377 quiaillud
1334 1318 1380 1361 in
1397 1317 1511 1362 libro
1528 1318 1786 1375 Salomonis,

396 1390 481 1434 hoc
499 1389 546 1432 in
560 1387 799 1446 Evangelio
817 1388 1063 1446 reperitur?
1084 1387 1342 1446 Apostolum
1361 1388 1479 1432 audi.
1501 1389 1628 1433 Certe
1649 1391 1789 1449 Apos-

397 1459 512 1506 tolus
533 1458 729 1503 minister
754 1467 817 1502 est
838 1458 949 1503 Novi
973 1459 1250 1502 Testamenti.
1277 1457 1394 1502 Audi
1417 1473 1520 1517 ergo
1541 1458 1788 1518 apostolum

398 1530 583 1576 Paulum
601 1529 831 1575 Timotheo
848 1530 1174 1589 praecipientem
1189 1538 1229 1575 et
1249 1529 1466 1573 dicentem
1487 1544 1496 1570 :
1519 1548 1540 1573 «
1556 1533 1787 1575 Peccantes

402 1620 423 1643 »
448 1616 593 1646 coram
612 1600 816 1645 omnibus
834 1615 981 1658 argue,
999 1609 1109 1644 utet
1126 1600 1271 1644 caeteri
1292 1599 1493 1645 timorem
1506 1599 1739 1645 habeant2.
1762 1618 1783 1643 »

398 1675 494 1716 Jam
511 1686 601 1715 non
622 1670 864 1715 Salomonis
886 1670 999 1714 liber
1020 1685 1122 1715 cum
1145 1669 1407 1729 Evangelio,
1429 1668 1505 1714 sed
1523 1670 1646 1716 Pauli
1662 1686 1786 1730 apos-

398 1742 475 1788 toli
486 1741 679 1801 Epistola
692 1741 867 1786 videtur
884 1741 1135 1800 confligere.
1159 1741 1435 1786 Salomonem
1448 1740 1678 1801 paululum
1694 1742 1785 1787 sine

398 1812 555 1871 injuria
582 1825 842 1870 seponamus
867 1825 877 1852 z
905 1811 1129 1855 Christum
1152 1811 1387 1855 Dominum
1410 1820 1453 1855 et
1486 1810 1671 1855 Paulum
1693 1827 1786 1856 ser-

398 1898 504 1928 vum
527 1884 617 1942 ejus
639 1882 880 1926 audiamus.
907 1882 1024 1935 Quid
1046 1881 1151 1926 dicis
1168 1917 1179 1937 ,
1205 1882 1417 1927 Domine?
1438 1901 1459 1924 «
1477 1883 1522 1927 Si
1543 1883 1785 1942 peccaverit

402 1972 423 1996 »
448 1954 494 1997 in
512 1963 553 1997 te
567 1952 700 1997 frater
714 1962 814 1997 tuus
826 1987 837 2008 ‚
854 1953 1022 2012 corripe
1039 1951 1164 1996 illum
1177 1954 1290 1996 inter
1304 1961 1347 1996 te
1365 1961 1408 1997 et
1425 1953 1568 2012 ipsum
1583 1953 1741 1998 solum.
1760 1971 1781 1995 »
1835 1966 1849 2013 4ᾗ

399 2024 516 2077 Quid
537 2023 659 2078 dicis,
684 2022 923 2082 Apostole‘?
948 2041 966 2062 «
990 2026 1222 2066 Peccantes
1238 2037 1384 2066 coram
1406 2022 1610 2066 omnibus
1632 2038 1780 2083 argue,

401 2112 423 2136 »
449 2104 498 2139 ut
519 2104 562 2139 et
583 2094 728 2139 caeteri
750 2093 952 2138 timorem
984 2092 1215 2136 1131103013.
1239 2109 1260 2133 1)
1286 2091 1402 2145 Quid
1429 2091 1644 2138 facimus?
1667 2096 1784 2139 Con-

399 2164 651 2210 troversiam
674 2164 798 2208 istam
825 2162 947 2208 velut
970 2163 1139 2222 judices
1162 2162 1399 2208 audimus?
1420 2162 1559 2208 Absit.
1585 2166 1679 2209 Imo
1700 2164 1782 2209 sub

395 2234 542 2294 judice
561 2235 785 2280 constituti
808 2234 1051 2293 pulsemus,
1072 2234 1137 2277 uti
1157 2233 1283 2277 1101115
1300 2234 1454 2293 aperiri
1470 2234 1778 2312 impetremus:

401 2303 618 2364 fugiamus
633 2306 715 2349 sul)
739 2304 825 2348 alas
846 2304 1019 2348 Domini
1043 2304 1118 2348 Dei
1142 2305 1292 2349 nostri.
1314 2306 1412 2349 Non
1435 2305 1552 2347 enim
1574 2305 1782 2364 Apostolo
1834 2342 1837 2365 2

401 2390 478 2419 suo
500 2376 764 2420 contraiium
787 2375 958 2420 locutus
972 2384 1056 2429 est,
1077 2391 1104 2434 q
1113 2390 1177 2418 1113
1193 2384 1235 2419 et
1252 2376 1296 2418 in
1314 2374 1416 2419 1110
1406 2390 1496 2433 ipse
1510 2374 1683 2420 locutus
1699 2384 1778 2431 est,

401 2445 511 2489 sicut
532 2447 671 2492 dicit:
700 2466 719 2489 «
745 2449 813 2491 An
835 2444 965 2491 vultis
985 2446 1329 2504 expetimentum
1350 2446 1441 2504 eJ'us
1464 2445 1678 2504 acciper,e
1703 2445 1778 2504 qui

450 2531 660 2564 1Manichaei.
681 2549 723 2554 —
745 2539 757 2554 2
782 2543 793 2563 1
813 2530 892 2563 Tim.
918 2542 950 2570 v,
970 2539 1022 2563 20.
1041 2547 1081 2553 —-=
1103 2529 1115 2552 3
1133 2530 1240 2562 Florus
1259 2531 1298 2562 ad
1321 2542 1332 2562 1
1355 2530 1433 2562 Tim.
1451 2541 1483 2569 v
1502 2540 1556 2562 ¹20.

1832 2582 1835 2651 1

1831 2668 1835 2680 l

1831 2723 1834 2763 t

1890 2475 1898 2519 ι-ν-ει
1892 2404 1898 2430 Ι
1891 2333 1898 2361 -ι
1894 2265 1898 2290 Η
1892 2194 1898 2220 Α
1894 2114 1898 2145 ,-
1894 2035 1898 2077 -.
1895 1983 1898 2004 ,⁴
