<?xml version="1.0" encoding="UTF-8"?>
<!DOCTYPE html PUBLIC "-//W3C//DTD XHTML 1.0 Transitional//EN"
    "http://www.w3.org/TR/xhtml1/DTD/xhtml1-transitional.dtd">
<html xmlns="http://www.w3.org/1999/xhtml" xml:lang="en" lang="en">
 <head>
  <title>
</title>
<meta http-equiv="Content-Type" content="text/html;charset=utf-8" />
  <meta name='ocr-system' content='tesseract 3.04.00' />
  <meta name='ocr-capabilities' content='ocr_page ocr_carea ocr_par ocr_line ocrx_word'/>
</head>
<body>
  <div class='ocr_page' id='page_1' title='image "./operaomniaaccura18auguuoft_0619.png"; bbox 0 0 1898 3178; ppageno 0'>
   <div class='ocr_carea' id='block_1_1' title="bbox 0 0 73 2746">
    <p class='ocr_par' dir='ltr' id='par_1_1' title="bbox 0 0 73 2746">
     <span class='ocr_line' id='line_1_1' title="bbox 0 0 73 2746; baseline 0 0"><span class='ocrx_word' id='word_1_1' title='bbox 0 0 73 2746; x_wconf 95' lang='lat' dir='ltr'> </span> 
     </span>
    </p>
   </div>
   <div class='ocr_carea' id='block_1_2' title="bbox 439 237 1512 287">
    <p class='ocr_par' dir='ltr' id='par_1_2' title="bbox 439 237 1512 287">
     <span class='ocr_line' id='line_1_2' title="bbox 439 237 1512 287; baseline -0.002 -11"><span class='ocrx_word' id='word_1_2' title='bbox 439 248 577 276; x_wconf 69' lang='lat' dir='ltr'>semro</span> <span class='ocrx_word' id='word_1_3' title='bbox 608 250 684 287; x_wconf 76' lang='lat' dir='ltr'>cx,</span> <span class='ocrx_word' id='word_1_4' title='bbox 721 251 774 276; x_wconf 87' lang='lat' dir='ltr'>DE</span> <span class='ocrx_word' id='word_1_5' title='bbox 807 248 952 276; x_wconf 66' lang='lat' dir='ltr'><strong>VERBIS</strong></span> <span class='ocrx_word' id='word_1_6' title='bbox 985 250 1076 275; x_wconf 78' lang='lat' dir='ltr'>Luc.</span> <span class='ocrx_word' id='word_1_7' title='bbox 1113 249 1209 275; x_wconf 79' lang='lat' dir='ltr'>xm.</span> <span class='ocrx_word' id='word_1_8' title='bbox 1428 237 1512 276; x_wconf 90' lang='lat'>607</span> 
     </span>
    </p>
   </div>
   <div class='ocr_carea' id='block_1_3' title="bbox 131 311 1524 2275">
    <p class='ocr_par' dir='ltr' id='par_1_3' title="bbox 131 311 1521 1994">
     <span class='ocr_line' id='line_1_3' title="bbox 131 311 1516 372; baseline 0.001 -17"><span class='ocrx_word' id='word_1_9' title='bbox 131 311 340 371; x_wconf 75' lang='lat' dir='ltr'>prohibiti</span> <span class='ocrx_word' id='word_1_10' title='bbox 357 322 494 356; x_wconf 84' lang='lat' dir='ltr'>erant.</span> <span class='ocrx_word' id='word_1_11' title='bbox 518 316 669 356; x_wconf 79' lang='lat' dir='ltr'>Postea</span> <span class='ocrx_word' id='word_1_12' title='bbox 692 328 794 371; x_wconf 81' lang='lat' dir='ltr'>ergo</span> <span class='ocrx_word' id='word_1_13' title='bbox 813 328 944 372; x_wconf 82' lang='lat' dir='ltr'>quam</span> <span class='ocrx_word' id='word_1_14' title='bbox 962 311 1336 356; x_wconf 86' lang='lat' dir='ltr'>manducaverunt</span> <span class='ocrx_word' id='word_1_15' title='bbox 1358 321 1400 356; x_wconf 90' lang='lat' dir='ltr'>et</span> <span class='ocrx_word' id='word_1_16' title='bbox 1419 328 1516 371; x_wconf 88' lang='lat' dir='ltr'>pec·</span> 
     </span>
     <span class='ocr_line' id='line_1_4' title="bbox 133 382 1511 442; baseline 0.001 -17"><span class='ocrx_word' id='word_1_17' title='bbox 133 392 363 437; x_wconf 84' lang='lat' dir='ltr'>caverunt,</span> <span class='ocrx_word' id='word_1_18' title='bbox 400 392 550 426; x_wconf 87' lang='lat' dir='ltr'>natum</span> <span class='ocrx_word' id='word_1_19' title='bbox 584 392 648 426; x_wconf 84' lang='lat' dir='ltr'>est</span> <span class='ocrx_word' id='word_1_20' title='bbox 676 384 730 426; x_wconf 88' lang='lat' dir='ltr'>de</span> <span class='ocrx_word' id='word_1_21' title='bbox 755 383 839 427; x_wconf 86' lang='lat' dir='ltr'>illis</span> <span class='ocrx_word' id='word_1_22' title='bbox 875 399 1010 442; x_wconf 83' lang='lat' dir='ltr'>genus</span> <span class='ocrx_word' id='word_1_23' title='bbox 1035 384 1276 428; x_wconf 88' lang='lat' dir='ltr'>humanum</span> <span class='ocrx_word' id='word_1_24' title='bbox 1304 402 1312 426; x_wconf 73' lang='grc' dir='ltr'>ε</span> <span class='ocrx_word' id='word_1_25' title='bbox 1349 382 1393 426; x_wconf 90' lang='lat' dir='ltr'>id</span> <span class='ocrx_word' id='word_1_26' title='bbox 1427 392 1511 437; x_wconf 89' lang='lat' dir='ltr'>est,</span> 
     </span>
     <span class='ocr_line' id='line_1_5' title="bbox 131 453 1517 509; baseline 0.001 -12"><span class='ocrx_word' id='word_1_27' title='bbox 131 454 266 498; x_wconf 92' lang='lat' dir='ltr'>homo</span> <span class='ocrx_word' id='word_1_28' title='bbox 287 453 341 498; x_wconf 90' lang='lat' dir='ltr'>de</span> <span class='ocrx_word' id='word_1_29' title='bbox 363 455 554 508; x_wconf 92' lang='lat' dir='ltr'>homine,</span> <span class='ocrx_word' id='word_1_30' title='bbox 576 454 788 498; x_wconf 82' lang='lat' dir='ltr'>obnoxius</span> <span class='ocrx_word' id='word_1_31' title='bbox 807 453 861 498; x_wconf 86' lang='lat' dir='ltr'>de</span> <span class='ocrx_word' id='word_1_32' title='bbox 879 454 1092 509; x_wconf 81' lang='lat' dir='ltr'><strong>debitore,</strong></span> <span class='ocrx_word' id='word_1_33' title='bbox 1115 454 1307 498; x_wconf 84' lang='lat' dir='ltr'>mortalis</span> <span class='ocrx_word' id='word_1_34' title='bbox 1326 454 1380 497; x_wconf 89' lang='lat' dir='ltr'>de</span> <span class='ocrx_word' id='word_1_35' title='bbox 1398 469 1517 498; x_wconf 86' lang='lat' dir='ltr'>mor-</span> 
     </span>
     <span class='ocr_line' id='line_1_6' title="bbox 133 523 1515 584; baseline -0.001 -16"><span class='ocrx_word' id='word_1_36' title='bbox 133 523 237 579; x_wconf 91' lang='lat' dir='ltr'>tali,</span> <span class='ocrx_word' id='word_1_37' title='bbox 263 534 462 583; x_wconf 87' lang='lat' dir='ltr'>peccator</span> <span class='ocrx_word' id='word_1_38' title='bbox 484 523 540 568; x_wconf 88' lang='lat' dir='ltr'>de</span> <span class='ocrx_word' id='word_1_39' title='bbox 565 533 807 583; x_wconf 82' lang='lat' dir='ltr'>peccatore.</span> <span class='ocrx_word' id='word_1_40' title='bbox 835 527 923 569; x_wconf 91' lang='lat' dir='ltr'>Hos</span> <span class='ocrx_word' id='word_1_41' title='bbox 946 540 1049 583; x_wconf 80' lang='lat' dir='ltr'>ergo</span> <span class='ocrx_word' id='word_1_42' title='bbox 1071 523 1258 584; x_wconf 88' lang='lat' dir='ltr'>appellat</span> <span class='ocrx_word' id='word_1_43' title='bbox 1276 525 1322 568; x_wconf 92' lang='lat' dir='ltr'>in</span> <span class='ocrx_word' id='word_1_44' title='bbox 1341 524 1421 567; x_wconf 88' lang='lat' dir='ltr'>hac</span> <span class='ocrx_word' id='word_1_45' title='bbox 1444 539 1515 567; x_wconf 90' lang='lat' dir='ltr'>ar-</span> 
     </span>
     <span class='ocr_line' id='line_1_7' title="bbox 133 594 1516 655; baseline 0.001 -17"><span class='ocrx_word' id='word_1_46' title='bbox 133 595 265 650; x_wconf 83' lang='lat' dir='ltr'>bore,</span> <span class='ocrx_word' id='word_1_47' title='bbox 291 596 367 655; x_wconf 90' lang='lat' dir='ltr'>qui</span> <span class='ocrx_word' id='word_1_48' title='bbox 384 611 460 655; x_wconf 86' lang='lat' dir='ltr'>per</span> <span class='ocrx_word' id='word_1_49' title='bbox 487 611 616 640; x_wconf 91' lang='lat' dir='ltr'>omne</span> <span class='ocrx_word' id='word_1_50' title='bbox 642 605 814 655; x_wconf 87' lang='lat' dir='ltr'>tempus</span> <span class='ocrx_word' id='word_1_51' title='bbox 836 594 1029 640; x_wconf 87' lang='lat' dir='ltr'>fructum</span> <span class='ocrx_word' id='word_1_52' title='bbox 1050 595 1152 639; x_wconf 86' lang='lat' dir='ltr'>dare</span> <span class='ocrx_word' id='word_1_53' title='bbox 1176 595 1412 640; x_wconf 88' lang='lat' dir='ltr'>noluerunt</span> <span class='ocrx_word' id='word_1_54' title='bbox 1439 614 1448 640; x_wconf 77' lang='lat' dir='ltr'><em>z</em></span> <span class='ocrx_word' id='word_1_55' title='bbox 1473 604 1516 639; x_wconf 85' lang='lat' dir='ltr'>et</span> 
     </span>
     <span class='ocr_line' id='line_1_8' title="bbox 132 664 1516 724; baseline 0 -16"><span class='ocrx_word' id='word_1_56' title='bbox 132 674 310 724; x_wconf 87' lang='lat' dir='ltr'>propter</span> <span class='ocrx_word' id='word_1_57' title='bbox 332 666 416 710; x_wconf 92' lang='lat' dir='ltr'>hoc</span> <span class='ocrx_word' id='word_1_58' title='bbox 443 665 698 709; x_wconf 81' lang='lat' dir='ltr'>imminebat</span> <span class='ocrx_word' id='word_1_59' title='bbox 727 666 887 710; x_wconf 89' lang='lat' dir='ltr'>securis</span> <span class='ocrx_word' id='word_1_60' title='bbox 913 664 1131 709; x_wconf 85' lang='lat' dir='ltr'>radicibus</span> <span class='ocrx_word' id='word_1_61' title='bbox 1159 665 1323 710; x_wconf 81' lang='lat' dir='ltr'>arboris</span> <span class='ocrx_word' id='word_1_62' title='bbox 1346 665 1516 709; x_wconf 71' lang='lat' dir='ltr'>inti-uc-</span> 
     </span>
     <span class='ocr_line' id='line_1_9' title="bbox 131 735 1516 796; baseline -0.001 -16"><span class='ocrx_word' id='word_1_63' title='bbox 131 745 284 781; x_wconf 81' lang='lat' dir='ltr'>tuosae.</span> <span class='ocrx_word' id='word_1_64' title='bbox 305 736 541 780; x_wconf 86' lang='lat' dir='ltr'>Intercedit</span> <span class='ocrx_word' id='word_1_65' title='bbox 557 736 738 781; x_wconf 86' lang='lat' dir='ltr'>colonus</span> <span class='ocrx_word' id='word_1_66' title='bbox 753 771 764 792; x_wconf 90' lang='lat'>,</span> <span class='ocrx_word' id='word_1_67' title='bbox 791 736 992 780; x_wconf 83' lang='lat' dir='ltr'>differtur</span> <span class='ocrx_word' id='word_1_68' title='bbox 1009 736 1268 796; x_wconf 88' lang='lat' dir='ltr'>supplicium</span> <span class='ocrx_word' id='word_1_69' title='bbox 1285 772 1295 792; x_wconf 92' lang='lat'>,</span> <span class='ocrx_word' id='word_1_70' title='bbox 1320 746 1370 781; x_wconf 90' lang='lat' dir='ltr'>ut</span> <span class='ocrx_word' id='word_1_71' title='bbox 1390 735 1516 780; x_wconf 87' lang='lat' dir='ltr'>adhi-</span> 
     </span>
     <span class='ocr_line' id='line_1_10' title="bbox 132 805 1517 861; baseline 0 -11"><span class='ocrx_word' id='word_1_72' title='bbox 132 807 288 851; x_wconf 82' lang='lat' dir='ltr'>beatur</span> <span class='ocrx_word' id='word_1_73' title='bbox 310 805 534 850; x_wconf 79' lang='lat' dir='ltr'>auxilium.</span> <span class='ocrx_word' id='word_1_74' title='bbox 561 806 646 859; x_wconf 86' lang='lat' dir='ltr'>Qui</span> <span class='ocrx_word' id='word_1_75' title='bbox 664 816 811 851; x_wconf 85' lang='lat' dir='ltr'>autem</span> <span class='ocrx_word' id='word_1_76' title='bbox 832 806 1061 850; x_wconf 81' lang='lat' dir='ltr'>intercedit</span> <span class='ocrx_word' id='word_1_77' title='bbox 1078 806 1275 861; x_wconf 83' lang='lat' dir='ltr'>colonuS,</span> <span class='ocrx_word' id='word_1_78' title='bbox 1292 816 1356 851; x_wconf 87' lang='lat' dir='ltr'>est</span> <span class='ocrx_word' id='word_1_79' title='bbox 1377 806 1517 850; x_wconf 90' lang='lat' dir='ltr'>omnis</span> 
     </span>
     <span class='ocr_line' id='line_1_11' title="bbox 133 878 1517 938; baseline 0 -16"><span class='ocrx_word' id='word_1_80' title='bbox 133 888 329 933; x_wconf 84' lang='lat' dir='ltr'>sanctus,</span> <span class='ocrx_word' id='word_1_81' title='bbox 365 878 442 938; x_wconf 91' lang='lat' dir='ltr'>qui</span> <span class='ocrx_word' id='word_1_82' title='bbox 462 878 575 922; x_wconf 83' lang='lat' dir='ltr'>intra</span> <span class='ocrx_word' id='word_1_83' title='bbox 599 878 837 922; x_wconf 85' lang='lat' dir='ltr'>Ecclesiam</span> <span class='ocrx_word' id='word_1_84' title='bbox 864 887 958 922; x_wconf 88' lang='lat' dir='ltr'>orat</span> <span class='ocrx_word' id='word_1_85' title='bbox 981 893 1060 937; x_wconf 87' lang='lat' dir='ltr'>pro</span> <span class='ocrx_word' id='word_1_86' title='bbox 1083 879 1140 922; x_wconf 88' lang='lat' dir='ltr'>eis</span> <span class='ocrx_word' id='word_1_87' title='bbox 1163 878 1240 938; x_wconf 87' lang='lat' dir='ltr'>qui</span> <span class='ocrx_word' id='word_1_88' title='bbox 1265 887 1367 922; x_wconf 89' lang='lat' dir='ltr'>sunt</span> <span class='ocrx_word' id='word_1_89' title='bbox 1396 887 1517 922; x_wconf 84' lang='lat' dir='ltr'>extra</span> 
     </span>
     <span class='ocr_line' id='line_1_12' title="bbox 131 948 1517 1009; baseline 0.001 -17"><span class='ocrx_word' id='word_1_90' title='bbox 131 948 403 993; x_wconf 81' lang='lat' dir='ltr'>Ecclesiam1.</span> <span class='ocrx_word' id='word_1_91' title='bbox 423 951 479 992; x_wconf 90' lang='lat' dir='ltr'>Et</span> <span class='ocrx_word' id='word_1_92' title='bbox 502 948 610 1009; x_wconf 91' lang='lat' dir='ltr'>quid</span> <span class='ocrx_word' id='word_1_93' title='bbox 632 951 754 993; x_wconf 81' lang='lat' dir='ltr'>orat?</span> <span class='ocrx_word' id='word_1_94' title='bbox 776 968 795 990; x_wconf 89' lang='lat'>«</span> <span class='ocrx_word' id='word_1_95' title='bbox 818 949 1015 1004; x_wconf 86' lang='lat' dir='ltr'>Domine,</span> <span class='ocrx_word' id='word_1_96' title='bbox 1041 949 1211 992; x_wconf 85' lang='lat' dir='ltr'>dimitte</span> <span class='ocrx_word' id='word_1_97' title='bbox 1233 948 1350 992; x_wconf 85' lang='lat' dir='ltr'>illam</span> <span class='ocrx_word' id='word_1_98' title='bbox 1369 958 1412 992; x_wconf 89' lang='lat' dir='ltr'>et</span> <span class='ocrx_word' id='word_1_99' title='bbox 1434 949 1517 993; x_wconf 91' lang='lat' dir='ltr'>hoc</span> 
     </span>
     <span class='ocr_line' id='line_1_13' title="bbox 135 1018 1517 1079; baseline 0.001 -18"><span class='ocrx_word' id='word_1_100' title='bbox 135 1038 155 1061; x_wconf 90' lang='lat'>»</span> <span class='ocrx_word' id='word_1_101' title='bbox 182 1023 328 1064; x_wconf 74' lang='lat' dir='ltr'>anno²</span> <span class='ocrx_word' id='word_1_102' title='bbox 349 1039 358 1064; x_wconf 75' lang='grc' dir='ltr'>ε</span> <span class='ocrx_word' id='word_1_103' title='bbox 388 1038 407 1060; x_wconf 85' lang='lat'>»</span> <span class='ocrx_word' id='word_1_104' title='bbox 434 1018 480 1063; x_wconf 90' lang='lat' dir='ltr'>id</span> <span class='ocrx_word' id='word_1_105' title='bbox 498 1029 581 1073; x_wconf 86' lang='lat' dir='ltr'>est,</span> <span class='ocrx_word' id='word_1_106' title='bbox 608 1029 803 1079; x_wconf 87' lang='lat' dir='ltr'>tempore</span> <span class='ocrx_word' id='word_1_107' title='bbox 821 1020 903 1064; x_wconf 93' lang='lat' dir='ltr'>isto</span> <span class='ocrx_word' id='word_1_108' title='bbox 925 1020 1008 1064; x_wconf 86' lang='lat' dir='ltr'>sub</span> <span class='ocrx_word' id='word_1_109' title='bbox 1032 1020 1164 1077; x_wconf 81' lang='lat' dir='ltr'>gratia</span> <span class='ocrx_word' id='word_1_110' title='bbox 1179 1054 1189 1074; x_wconf 93' lang='lat'>,</span> <span class='ocrx_word' id='word_1_111' title='bbox 1215 1034 1343 1078; x_wconf 87' lang='lat' dir='ltr'>parce</span> <span class='ocrx_word' id='word_1_112' title='bbox 1365 1035 1517 1078; x_wconf 88' lang='lat' dir='ltr'>peeca-</span> 
     </span>
     <span class='ocr_line' id='line_1_14' title="bbox 132 1089 1516 1150; baseline 0 -16"><span class='ocrx_word' id='word_1_113' title='bbox 132 1091 323 1145; x_wconf 86' lang='lat' dir='ltr'>toribus,</span> <span class='ocrx_word' id='word_1_114' title='bbox 343 1105 469 1150; x_wconf 84' lang='lat' dir='ltr'>parce</span> <span class='ocrx_word' id='word_1_115' title='bbox 491 1089 758 1145; x_wconf 88' lang='lat' dir='ltr'>infidelibus,</span> <span class='ocrx_word' id='word_1_116' title='bbox 786 1106 912 1150; x_wconf 88' lang='lat' dir='ltr'>parce</span> <span class='ocrx_word' id='word_1_117' title='bbox 934 1090 1172 1145; x_wconf 87' lang='lat' dir='ltr'>sterilibus,</span> <span class='ocrx_word' id='word_1_118' title='bbox 1198 1105 1326 1149; x_wconf 84' lang='lat' dir='ltr'>parce</span> <span class='ocrx_word' id='word_1_119' title='bbox 1348 1089 1516 1134; x_wconf 80' lang='lat' dir='ltr'>infruc-</span> 
     </span>
     <span class='ocr_line' id='line_1_15' title="bbox 133 1160 1513 1219; baseline 0 -14"><span class='ocrx_word' id='word_1_120' title='bbox 133 1165 283 1205; x_wconf 88' lang='lat' dir='ltr'>tuosis.</span> <span class='ocrx_word' id='word_1_121' title='bbox 314 1181 333 1203; x_wconf 91' lang='lat'>«</span> <span class='ocrx_word' id='word_1_122' title='bbox 359 1160 659 1206; x_wconf 81' lang='lat' dir='ltr'>circumfodio</span> <span class='ocrx_word' id='word_1_123' title='bbox 681 1162 740 1216; x_wconf 91' lang='lat' dir='ltr'>ei,</span> <span class='ocrx_word' id='word_1_124' title='bbox 768 1170 810 1205; x_wconf 89' lang='lat' dir='ltr'>et</span> <span class='ocrx_word' id='word_1_125' title='bbox 828 1160 1015 1205; x_wconf 81' lang='lat' dir='ltr'>adhibeo</span> <span class='ocrx_word' id='word_1_126' title='bbox 1029 1161 1268 1219; x_wconf 83' lang='lat' dir='ltr'>cophinum</span> <span class='ocrx_word' id='word_1_127' title='bbox 1291 1161 1513 1205; x_wconf 86' lang='lat' dir='ltr'>stercoris:</span> 
     </span>
     <span class='ocr_line' id='line_1_16' title="bbox 136 1231 1519 1289; baseline 0 -15"><span class='ocrx_word' id='word_1_128' title='bbox 136 1251 156 1274; x_wconf 88' lang='lat'>»</span> <span class='ocrx_word' id='word_1_129' title='bbox 182 1233 216 1276; x_wconf 93' lang='lat' dir='ltr'>si</span> <span class='ocrx_word' id='word_1_130' title='bbox 240 1232 392 1277; x_wconf 84' lang='lat' dir='ltr'>fecerit</span> <span class='ocrx_word' id='word_1_131' title='bbox 428 1231 618 1276; x_wconf 87' lang='lat' dir='ltr'>fructum</span> <span class='ocrx_word' id='word_1_132' title='bbox 635 1267 645 1286; x_wconf 91' lang='lat'>,</span> <span class='ocrx_word' id='word_1_133' title='bbox 678 1233 817 1289; x_wconf 68' lang='lat' dir='ltr'>bene,</span> <span class='ocrx_word' id='word_1_134' title='bbox 848 1232 913 1276; x_wconf 90' lang='lat' dir='ltr'>sin</span> <span class='ocrx_word' id='word_1_135' title='bbox 943 1241 1088 1275; x_wconf 89' lang='lat' dir='ltr'>autem</span> <span class='ocrx_word' id='word_1_136' title='bbox 1118 1232 1283 1285; x_wconf 89' lang='lat' dir='ltr'>minus,</span> <span class='ocrx_word' id='word_1_137' title='bbox 1306 1231 1452 1275; x_wconf 87' lang='lat' dir='ltr'>venies</span> <span class='ocrx_word' id='word_1_138' title='bbox 1475 1240 1519 1275; x_wconf 92' lang='lat' dir='ltr'>et</span> 
     </span>
     <span class='ocr_line' id='line_1_17' title="bbox 137 1301 1513 1363; baseline 0.001 -18"><span class='ocrx_word' id='word_1_139' title='bbox 137 1322 157 1346; x_wconf 91' lang='lat'>»</span> <span class='ocrx_word' id='word_1_140' title='bbox 184 1304 431 1363; x_wconf 86' lang='lat' dir='ltr'>amputabis</span> <span class='ocrx_word' id='word_1_141' title='bbox 449 1319 542 1348; x_wconf 87' lang='lat' dir='ltr'>eam</span> <span class='ocrx_word' id='word_1_142' title='bbox 557 1306 588 1347; x_wconf 76' lang='lat'>3.</span> <span class='ocrx_word' id='word_1_143' title='bbox 610 1303 765 1347; x_wconf 87' lang='lat' dir='ltr'>Venies</span> <span class='ocrx_word' id='word_1_144' title='bbox 787 1319 794 1344; x_wconf 94' lang='lat'>:</span> <span class='ocrx_word' id='word_1_145' title='bbox 824 1322 843 1344; x_wconf 88' lang='lat'>»</span> <span class='ocrx_word' id='word_1_146' title='bbox 871 1302 1078 1363; x_wconf 84' lang='lat' dir='ltr'>quando?</span> <span class='ocrx_word' id='word_1_147' title='bbox 1096 1301 1326 1361; x_wconf 79' lang='lat' dir='ltr'>injudicio</span> <span class='ocrx_word' id='word_1_148' title='bbox 1347 1302 1513 1357; x_wconf 88' lang='lat' dir='ltr'>venies,</span> 
     </span>
     <span class='ocr_line' id='line_1_18' title="bbox 133 1373 1519 1434; baseline -0.002 -16"><span class='ocrx_word' id='word_1_149' title='bbox 133 1374 311 1434; x_wconf 85' lang='lat' dir='ltr'>quando</span> <span class='ocrx_word' id='word_1_150' title='bbox 347 1383 557 1418; x_wconf 83' lang='lat' dir='ltr'>venturus</span> <span class='ocrx_word' id='word_1_151' title='bbox 586 1389 629 1417; x_wconf 89' lang='lat' dir='ltr'>es</span> <span class='ocrx_word' id='word_1_152' title='bbox 647 1374 845 1433; x_wconf 85' lang='lat' dir='ltr'>judicare</span> <span class='ocrx_word' id='word_1_153' title='bbox 873 1374 991 1418; x_wconf 92' lang='lat' dir='ltr'>vivos</span> <span class='ocrx_word' id='word_1_154' title='bbox 1021 1382 1064 1417; x_wconf 90' lang='lat' dir='ltr'>et</span> <span class='ocrx_word' id='word_1_155' title='bbox 1094 1383 1302 1417; x_wconf 85' lang='lat' dir='ltr'>mortuos.</span> <span class='ocrx_word' id='word_1_156' title='bbox 1340 1373 1519 1416; x_wconf 87' lang='lat' dir='ltr'>Interim</span> 
     </span>
     <span class='ocr_line' id='line_1_19' title="bbox 133 1443 1519 1504; baseline -0.002 -15"><span class='ocrx_word' id='word_1_157' title='bbox 133 1446 265 1489; x_wconf 89' lang='lat' dir='ltr'>modo</span> <span class='ocrx_word' id='word_1_158' title='bbox 283 1446 490 1504; x_wconf 83' lang='lat' dir='ltr'>parcitur.</span> <span class='ocrx_word' id='word_1_159' title='bbox 516 1444 633 1497; x_wconf 89' lang='lat' dir='ltr'>Quid</span> <span class='ocrx_word' id='word_1_160' title='bbox 657 1453 718 1488; x_wconf 89' lang='lat' dir='ltr'>est</span> <span class='ocrx_word' id='word_1_161' title='bbox 740 1454 880 1488; x_wconf 86' lang='lat' dir='ltr'>autem</span> <span class='ocrx_word' id='word_1_162' title='bbox 905 1443 1042 1488; x_wconf 81' lang='lat' dir='ltr'>fossa?</span> <span class='ocrx_word' id='word_1_163' title='bbox 1066 1443 1173 1503; x_wconf 84' lang='lat' dir='ltr'>quid</span> <span class='ocrx_word' id='word_1_164' title='bbox 1196 1453 1258 1487; x_wconf 90' lang='lat' dir='ltr'>est</span> <span class='ocrx_word' id='word_1_165' title='bbox 1279 1443 1519 1488; x_wconf 84' lang='lat' dir='ltr'>circumfo-</span> 
     </span>
     <span class='ocr_line' id='line_1_20' title="bbox 133 1514 1518 1574; baseline -0.001 -16"><span class='ocrx_word' id='word_1_166' title='bbox 133 1516 251 1569; x_wconf 87' lang='lat' dir='ltr'>dere,</span> <span class='ocrx_word' id='word_1_167' title='bbox 269 1516 350 1559; x_wconf 89' lang='lat' dir='ltr'>nisi</span> <span class='ocrx_word' id='word_1_168' title='bbox 362 1515 653 1559; x_wconf 86' lang='lat' dir='ltr'>humilitatem</span> <span class='ocrx_word' id='word_1_169' title='bbox 672 1524 715 1559; x_wconf 88' lang='lat' dir='ltr'>et</span> <span class='ocrx_word' id='word_1_170' title='bbox 728 1515 1028 1574; x_wconf 87' lang='lat' dir='ltr'>poenitentiam</span> <span class='ocrx_word' id='word_1_171' title='bbox 1051 1514 1237 1558; x_wconf 75' lang='lat' dir='ltr'>docere?</span> <span class='ocrx_word' id='word_1_172' title='bbox 1255 1517 1383 1558; x_wconf 84' lang='lat' dir='ltr'>Fossa</span> <span class='ocrx_word' id='word_1_173' title='bbox 1403 1515 1518 1557; x_wconf 90' lang='lat' dir='ltr'>enim</span> 
     </span>
     <span class='ocr_line' id='line_1_21' title="bbox 133 1584 1515 1643; baseline -0.001 -14"><span class='ocrx_word' id='word_1_174' title='bbox 133 1585 311 1629; x_wconf 88' lang='lat' dir='ltr'>humilis</span> <span class='ocrx_word' id='word_1_175' title='bbox 330 1594 444 1629; x_wconf 80' lang='lat' dir='ltr'>terra</span> <span class='ocrx_word' id='word_1_176' title='bbox 465 1594 542 1629; x_wconf 90' lang='lat' dir='ltr'>est.</span> <span class='ocrx_word' id='word_1_177' title='bbox 571 1585 823 1643; x_wconf 88' lang='lat' dir='ltr'>Cophinum</span> <span class='ocrx_word' id='word_1_178' title='bbox 850 1584 1047 1628; x_wconf 87' lang='lat' dir='ltr'>stercoris</span> <span class='ocrx_word' id='word_1_179' title='bbox 1062 1618 1073 1639; x_wconf 92' lang='lat'>,</span> <span class='ocrx_word' id='word_1_180' title='bbox 1097 1584 1143 1627; x_wconf 91' lang='lat' dir='ltr'>in</span> <span class='ocrx_word' id='word_1_181' title='bbox 1166 1584 1284 1628; x_wconf 90' lang='lat' dir='ltr'>bono</span> <span class='ocrx_word' id='word_1_182' title='bbox 1307 1584 1515 1642; x_wconf 86' lang='lat' dir='ltr'>intellige.</span> 
     </span>
     <span class='ocr_line' id='line_1_22' title="bbox 137 1654 1520 1710; baseline -0.001 -10"><span class='ocrx_word' id='word_1_183' title='bbox 137 1657 292 1701; x_wconf 88' lang='lat' dir='ltr'>Sordes</span> <span class='ocrx_word' id='word_1_184' title='bbox 314 1665 442 1710; x_wconf 87' lang='lat' dir='ltr'>sunt,</span> <span class='ocrx_word' id='word_1_185' title='bbox 466 1655 543 1699; x_wconf 91' lang='lat' dir='ltr'>sed</span> <span class='ocrx_word' id='word_1_186' title='bbox 567 1655 758 1698; x_wconf 77' lang='lat' dir='ltr'>fructum</span> <span class='ocrx_word' id='word_1_187' title='bbox 790 1655 910 1698; x_wconf 87' lang='lat' dir='ltr'>dant.</span> <span class='ocrx_word' id='word_1_188' title='bbox 940 1654 1095 1698; x_wconf 88' lang='lat' dir='ltr'>Sordes</span> <span class='ocrx_word' id='word_1_189' title='bbox 1117 1654 1293 1699; x_wconf 86' lang='lat' dir='ltr'>cultoris</span> <span class='ocrx_word' id='word_1_190' title='bbox 1308 1689 1318 1709; x_wconf 91' lang='lat'>,</span> <span class='ocrx_word' id='word_1_191' title='bbox 1350 1654 1520 1699; x_wconf 91' lang='lat' dir='ltr'>dolores</span> 
     </span>
     <span class='ocr_line' id='line_1_23' title="bbox 134 1724 1521 1786; baseline -0.004 -13"><span class='ocrx_word' id='word_1_192' title='bbox 134 1737 237 1773; x_wconf 86' lang='lat' dir='ltr'>sunt</span> <span class='ocrx_word' id='word_1_193' title='bbox 270 1726 524 1786; x_wconf 85' lang='lat' dir='ltr'>peccatoris.</span> <span class='ocrx_word' id='word_1_194' title='bbox 567 1726 652 1779; x_wconf 86' lang='lat' dir='ltr'>Qui</span> <span class='ocrx_word' id='word_1_195' title='bbox 689 1734 822 1783; x_wconf 84' lang='lat' dir='ltr'>agunt</span> <span class='ocrx_word' id='word_1_196' title='bbox 864 1725 1168 1784; x_wconf 84' lang='lat' dir='ltr'>poenitentiam</span> <span class='ocrx_word' id='word_1_197' title='bbox 1188 1760 1198 1779; x_wconf 95' lang='lat'>,</span> <span class='ocrx_word' id='word_1_198' title='bbox 1234 1725 1280 1768; x_wconf 91' lang='lat' dir='ltr'>in</span> <span class='ocrx_word' id='word_1_199' title='bbox 1320 1724 1521 1769; x_wconf 89' lang='lat' dir='ltr'>sordibus</span> 
     </span>
     <span class='ocr_line' id='line_1_24' title="bbox 135 1796 1521 1855; baseline -0.001 -13"><span class='ocrx_word' id='word_1_200' title='bbox 135 1808 294 1855; x_wconf 86' lang='lat' dir='ltr'>agunt:</span> <span class='ocrx_word' id='word_1_201' title='bbox 320 1798 355 1842; x_wconf 88' lang='lat' dir='ltr'>si</span> <span class='ocrx_word' id='word_1_202' title='bbox 371 1807 518 1841; x_wconf 89' lang='lat' dir='ltr'>tamen</span> <span class='ocrx_word' id='word_1_203' title='bbox 539 1796 799 1854; x_wconf 84' lang='lat' dir='ltr'>intelligant,</span> <span class='ocrx_word' id='word_1_204' title='bbox 826 1805 869 1840; x_wconf 87' lang='lat' dir='ltr'>et</span> <span class='ocrx_word' id='word_1_205' title='bbox 884 1797 1095 1841; x_wconf 86' lang='lat' dir='ltr'>veraciter</span> <span class='ocrx_word' id='word_1_206' title='bbox 1116 1805 1261 1855; x_wconf 82' lang='lat' dir='ltr'>agant.</span> <span class='ocrx_word' id='word_1_207' title='bbox 1289 1797 1400 1840; x_wconf 89' lang='lat' dir='ltr'>Huic</span> <span class='ocrx_word' id='word_1_208' title='bbox 1418 1812 1521 1855; x_wconf 82' lang='lat' dir='ltr'>ergo</span> 
     </span>
     <span class='ocr_line' id='line_1_25' title="bbox 137 1865 1521 1926; baseline -0.001 -15"><span class='ocrx_word' id='word_1_209' title='bbox 137 1866 280 1912; x_wconf 86' lang='lat' dir='ltr'>arbori</span> <span class='ocrx_word' id='word_1_210' title='bbox 299 1865 482 1909; x_wconf 85' lang='lat' dir='ltr'>dicitur:</span> <span class='ocrx_word' id='word_1_211' title='bbox 506 1882 525 1905; x_wconf 91' lang='lat'>«</span> <span class='ocrx_word' id='word_1_212' title='bbox 543 1866 669 1921; x_wconf 80' lang='lat' dir='ltr'>Agite</span> <span class='ocrx_word' id='word_1_213' title='bbox 686 1866 1006 1922; x_wconf 77' lang='lat' dir='ltr'>poenitentiam,</span> <span class='ocrx_word' id='word_1_214' title='bbox 1024 1867 1388 1926; x_wconf 84' lang='lat' dir='ltr'>appropinquavit</span> <span class='ocrx_word' id='word_1_215' title='bbox 1404 1866 1521 1910; x_wconf 88' lang='lat' dir='ltr'>enim</span> 
     </span>
     <span class='ocr_line' id='line_1_26' title="bbox 141 1933 689 1994; baseline -0.009 -15"><span class='ocrx_word' id='word_1_216' title='bbox 141 1956 161 1979; x_wconf 86' lang='lat'>»</span> <span class='ocrx_word' id='word_1_217' title='bbox 187 1951 369 1994; x_wconf 83' lang='lat' dir='ltr'>regnum</span> <span class='ocrx_word' id='word_1_218' title='bbox 392 1933 644 1980; x_wconf 75' lang='lat' dir='ltr'>eoelorun1⁴.</span> <span class='ocrx_word' id='word_1_219' title='bbox 670 1952 689 1974; x_wconf 84' lang='lat'>»</span> 
     </span>
    </p>

    <p class='ocr_par' dir='ltr' id='par_1_4' title="bbox 136 2003 1524 2275">
     <span class='ocr_line' id='line_1_27' title="bbox 198 2003 1520 2060; baseline -0.004 -9"><span class='ocrx_word' id='word_1_220' title='bbox 198 2010 256 2051; x_wconf 85' lang='lat'>11.</span> <span class='ocrx_word' id='word_1_221' title='bbox 279 2006 390 2060; x_wconf 86' lang='lat' dir='ltr'>Quid</span> <span class='ocrx_word' id='word_1_222' title='bbox 412 2005 484 2050; x_wconf 89' lang='lat' dir='ltr'>illa</span> <span class='ocrx_word' id='word_1_223' title='bbox 506 2004 662 2048; x_wconf 89' lang='lat' dir='ltr'>mulier</span> <span class='ocrx_word' id='word_1_224' title='bbox 684 2004 834 2048; x_wconf 88' lang='lat' dir='ltr'>decem</span> <span class='ocrx_word' id='word_1_225' title='bbox 861 2013 908 2047; x_wconf 86' lang='lat' dir='ltr'>et</span> <span class='ocrx_word' id='word_1_226' title='bbox 929 2012 1028 2048; x_wconf 89' lang='lat' dir='ltr'>octo</span> <span class='ocrx_word' id='word_1_227' title='bbox 1047 2018 1182 2047; x_wconf 87' lang='lat' dir='ltr'>annos</span> <span class='ocrx_word' id='word_1_228' title='bbox 1205 2003 1367 2047; x_wconf 89' lang='lat' dir='ltr'>habens</span> <span class='ocrx_word' id='word_1_229' title='bbox 1389 2003 1435 2046; x_wconf 90' lang='lat' dir='ltr'>in</span> <span class='ocrx_word' id='word_1_230' title='bbox 1457 2004 1520 2046; x_wconf 87' lang='lat' dir='ltr'>in-</span> 
     </span>
     <span class='ocr_line' id='line_1_28' title="bbox 140 2073 1519 2134; baseline -0.003 -12"><span class='ocrx_word' id='word_1_231' title='bbox 140 2078 343 2123; x_wconf 86' lang='lat' dir='ltr'>firmitate</span> <span class='ocrx_word' id='word_1_232' title='bbox 357 2079 402 2118; x_wconf 85' lang='lat'>⁵?</span> <span class='ocrx_word' id='word_1_233' title='bbox 426 2080 505 2122; x_wconf 79' lang='lat' dir='ltr'>Sex</span> <span class='ocrx_word' id='word_1_234' title='bbox 522 2075 674 2120; x_wconf 87' lang='lat' dir='ltr'>diebus</span> <span class='ocrx_word' id='word_1_235' title='bbox 692 2079 807 2119; x_wconf 91' lang='lat' dir='ltr'>Deus</span> <span class='ocrx_word' id='word_1_236' title='bbox 829 2073 1012 2134; x_wconf 88' lang='lat' dir='ltr'>perfecit</span> <span class='ocrx_word' id='word_1_237' title='bbox 1033 2090 1161 2133; x_wconf 84' lang='lat' dir='ltr'>opera</span> <span class='ocrx_word' id='word_1_238' title='bbox 1185 2090 1275 2118; x_wconf 87' lang='lat' dir='ltr'>sua.</span> <span class='ocrx_word' id='word_1_239' title='bbox 1303 2077 1384 2118; x_wconf 85' lang='lat' dir='ltr'>Ter</span> <span class='ocrx_word' id='word_1_240' title='bbox 1405 2075 1519 2130; x_wconf 91' lang='lat' dir='ltr'>seni,</span> 
     </span>
     <span class='ocr_line' id='line_1_29' title="bbox 136 2144 1523 2203; baseline -0.004 -10"><span class='ocrx_word' id='word_1_241' title='bbox 136 2148 291 2193; x_wconf 85' lang='lat' dir='ltr'>decem</span> <span class='ocrx_word' id='word_1_242' title='bbox 305 2158 348 2192; x_wconf 92' lang='lat' dir='ltr'>et</span> <span class='ocrx_word' id='word_1_243' title='bbox 359 2157 459 2192; x_wconf 90' lang='lat' dir='ltr'>octo</span> <span class='ocrx_word' id='word_1_244' title='bbox 471 2146 673 2191; x_wconf 70' lang='lat' dir='ltr'>faciuntss.</span> <span class='ocrx_word' id='word_1_245' title='bbox 694 2144 824 2198; x_wconf 88' lang='lat' dir='ltr'>Quod</span> <span class='ocrx_word' id='word_1_246' title='bbox 835 2160 938 2203; x_wconf 83' lang='lat' dir='ltr'>ergo</span> <span class='ocrx_word' id='word_1_247' title='bbox 953 2144 1207 2203; x_wconf 85' lang='lat' dir='ltr'>significavit</span> <span class='ocrx_word' id='word_1_248' title='bbox 1226 2144 1461 2188; x_wconf 88' lang='lat' dir='ltr'>triennium</span> <span class='ocrx_word' id='word_1_249' title='bbox 1478 2145 1523 2188; x_wconf 89' lang='lat' dir='ltr'>in</span> 
     </span>
     <span class='ocr_line' id='line_1_30' title="bbox 141 2214 1524 2275; baseline -0.004 -11"><span class='ocrx_word' id='word_1_250' title='bbox 141 2220 296 2265; x_wconf 88' lang='lat' dir='ltr'>arbore</span> <span class='ocrx_word' id='word_1_251' title='bbox 316 2255 327 2275; x_wconf 90' lang='lat'>,</span> <span class='ocrx_word' id='word_1_252' title='bbox 363 2220 447 2264; x_wconf 92' lang='lat' dir='ltr'>hoc</span> <span class='ocrx_word' id='word_1_253' title='bbox 475 2218 627 2262; x_wconf 89' lang='lat' dir='ltr'>decem</span> <span class='ocrx_word' id='word_1_254' title='bbox 655 2226 699 2261; x_wconf 89' lang='lat' dir='ltr'>et</span> <span class='ocrx_word' id='word_1_255' title='bbox 733 2225 831 2261; x_wconf 89' lang='lat' dir='ltr'>octo</span> <span class='ocrx_word' id='word_1_256' title='bbox 853 2216 954 2260; x_wconf 86' lang='lat' dir='ltr'>anni</span> <span class='ocrx_word' id='word_1_257' title='bbox 986 2216 1032 2259; x_wconf 92' lang='lat' dir='ltr'>in</span> <span class='ocrx_word' id='word_1_258' title='bbox 1059 2214 1131 2260; x_wconf 87' lang='lat' dir='ltr'>illa</span> <span class='ocrx_word' id='word_1_259' title='bbox 1160 2215 1354 2259; x_wconf 89' lang='lat' dir='ltr'>muliere.</span> <span class='ocrx_word' id='word_1_260' title='bbox 1380 2218 1524 2260; x_wconf 88' lang='lat' dir='ltr'>Curva</span> 
     </span>
    </p>
   </div>
   <div class='ocr_carea' id='block_1_4' title="bbox 144 2335 1525 2551">
    <p class='ocr_par' dir='ltr' id='par_1_5' title="bbox 144 2335 1525 2551">
     <span class='ocr_line' id='line_1_31' title="bbox 207 2335 1525 2379; baseline -0.005 -6"><span class='ocrx_word' id='word_1_261' title='bbox 207 2347 216 2363; x_wconf 87' lang='lat'><em>¹</em></span> <span class='ocrx_word' id='word_1_262' title='bbox 236 2340 317 2373; x_wconf 78' lang='lat' dir='ltr'>cod.</span> <span class='ocrx_word' id='word_1_263' title='bbox 340 2342 425 2372; x_wconf 81' lang='lat' dir='ltr'>Cass,</span> <span class='ocrx_word' id='word_1_264' title='bbox 443 2350 500 2378; x_wconf 75' lang='lat' dir='ltr'>vn,</span> <span class='ocrx_word' id='word_1_265' title='bbox 519 2337 575 2370; x_wconf 87' lang='lat' dir='ltr'>fol.</span> <span class='ocrx_word' id='word_1_266' title='bbox 596 2336 662 2379; x_wconf 65' lang='lat'>49:</span> <span class='ocrx_word' id='word_1_267' title='bbox 683 2337 791 2369; x_wconf 85' lang='lat' dir='ltr'>Omnis</span> <span class='ocrx_word' id='word_1_268' title='bbox 809 2335 951 2368; x_wconf 83' lang='lat' dir='ltr'>Ecclesia</span> <span class='ocrx_word' id='word_1_269' title='bbox 969 2339 1041 2367; x_wconf 79' lang='lat' dir='ltr'>orat</span> <span class='ocrx_word' id='word_1_270' title='bbox 1059 2346 1116 2377; x_wconf 86' lang='lat' dir='ltr'>pro</span> <span class='ocrx_word' id='word_1_271' title='bbox 1147 2335 1184 2366; x_wconf 81' lang='lat' dir='ltr'>iis</span> <span class='ocrx_word' id='word_1_272' title='bbox 1204 2335 1257 2377; x_wconf 90' lang='lat' dir='ltr'>qui</span> <span class='ocrx_word' id='word_1_273' title='bbox 1287 2339 1360 2367; x_wconf 88' lang='lat' dir='ltr'>sunt</span> <span class='ocrx_word' id='word_1_274' title='bbox 1386 2339 1420 2367; x_wconf 86' lang='lat' dir='ltr'>et</span> <span class='ocrx_word' id='word_1_275' title='bbox 1443 2336 1525 2367; x_wconf 85' lang='lat' dir='ltr'>intra</span> 
     </span>
     <span class='ocr_line' id='line_1_32' title="bbox 144 2390 1525 2436; baseline -0.006 -7"><span class='ocrx_word' id='word_1_276' title='bbox 144 2396 319 2429; x_wconf 83' lang='lat' dir='ltr'>Ecclesiam</span> <span class='ocrx_word' id='word_1_277' title='bbox 349 2398 586 2436; x_wconf 83' lang='lat' dir='ltr'>contemptores</span> <span class='ocrx_word' id='word_1_278' title='bbox 602 2417 611 2433; x_wconf 92' lang='lat'>,</span> <span class='ocrx_word' id='word_1_279' title='bbox 632 2398 663 2425; x_wconf 87' lang='lat' dir='ltr'>et</span> <span class='ocrx_word' id='word_1_280' title='bbox 681 2397 770 2425; x_wconf 73' lang='lat' dir='ltr'>extra</span> <span class='ocrx_word' id='word_1_281' title='bbox 787 2391 960 2424; x_wconf 83' lang='lat' dir='ltr'>Ecclesiam</span> <span class='ocrx_word' id='word_1_282' title='bbox 978 2390 1130 2423; x_wconf 82' lang='lat' dir='ltr'>infideles.</span> <span class='ocrx_word' id='word_1_283' title='bbox 1150 2407 1190 2414; x_wconf 93' lang='lat'>-—</span> <span class='ocrx_word' id='word_1_284' title='bbox 1212 2397 1224 2413; x_wconf 91' lang='lat'>²</span> <span class='ocrx_word' id='word_1_285' title='bbox 1245 2392 1320 2422; x_wconf 84' lang='lat' dir='ltr'>Luc.</span> <span class='ocrx_word' id='word_1_286' title='bbox 1342 2401 1410 2430; x_wconf 68' lang='lat'>1111,</span> <span class='ocrx_word' id='word_1_287' title='bbox 1431 2390 1462 2422; x_wconf 87' lang='grc'>8.</span> <span class='ocrx_word' id='word_1_288' title='bbox 1484 2407 1525 2413; x_wconf 93' lang='grc'>--</span> 
     </span>
     <span class='ocr_line' id='line_1_33' title="bbox 148 2445 1523 2494; baseline -0.005 -9"><span class='ocrx_word' id='word_1_289' title='bbox 148 2453 160 2477; x_wconf 85' lang='lat'><strong>3</strong></span> <span class='ocrx_word' id='word_1_290' title='bbox 176 2453 259 2485; x_wconf 83' lang='lat' dir='ltr'>lbid.</span> <span class='ocrx_word' id='word_1_291' title='bbox 282 2464 316 2494; x_wconf 87' lang='lat'>9.</span> <span class='ocrx_word' id='word_1_292' title='bbox 332 2470 373 2475; x_wconf 96' lang='lat'>—</span> <span class='ocrx_word' id='word_1_293' title='bbox 391 2451 407 2481; x_wconf 72' lang='lat'>4</span> <span class='ocrx_word' id='word_1_294' title='bbox 425 2450 537 2483; x_wconf 78' lang='lat' dir='ltr'>Matth.</span> <span class='ocrx_word' id='word_1_295' title='bbox 558 2461 606 2490; x_wconf 84' lang='lat'>111,</span> <span class='ocrx_word' id='word_1_296' title='bbox 631 2460 662 2480; x_wconf 89' lang='lat'>2.</span> <span class='ocrx_word' id='word_1_297' title='bbox 682 2466 723 2471; x_wconf 85' lang='lat'><strong>—</strong></span> <span class='ocrx_word' id='word_1_298' title='bbox 741 2447 754 2470; x_wconf 84' lang='lat'>⁵</span> <span class='ocrx_word' id='word_1_299' title='bbox 773 2450 852 2480; x_wconf 88' lang='lat' dir='ltr'>Luc.</span> <span class='ocrx_word' id='word_1_300' title='bbox 874 2459 945 2487; x_wconf 76' lang='lat' dir='ltr'>xm,</span> <span class='ocrx_word' id='word_1_301' title='bbox 968 2459 1018 2478; x_wconf 87' lang='lat'>11.</span> <span class='ocrx_word' id='word_1_302' title='bbox 1039 2464 1079 2469; x_wconf 94' lang='lat'>——</span> <span class='ocrx_word' id='word_1_303' title='bbox 1095 2445 1110 2469; x_wconf 88' lang='lat'>6</span> <span class='ocrx_word' id='word_1_304' title='bbox 1133 2448 1211 2480; x_wconf 89' lang='lat' dir='ltr'>God.</span> <span class='ocrx_word' id='word_1_305' title='bbox 1233 2449 1320 2480; x_wconf 84' lang='lat' dir='ltr'>Cass.</span> <span class='ocrx_word' id='word_1_306' title='bbox 1337 2458 1371 2488; x_wconf 87' lang='lat' dir='ltr'>u,</span> <span class='ocrx_word' id='word_1_307' title='bbox 1386 2446 1440 2479; x_wconf 84' lang='lat' dir='ltr'>fol.</span> <span class='ocrx_word' id='word_1_308' title='bbox 1457 2446 1523 2489; x_wconf 69' lang='lat'>49:</span> 
     </span>
     <span class='ocr_line' id='line_1_34' title="bbox 152 2504 1296 2551; baseline -0.007 -8"><span class='ocrx_word' id='word_1_309' title='bbox 152 2509 313 2551; x_wconf 74' lang='lat' dir='ltr'>Recobte,</span> <span class='ocrx_word' id='word_1_310' title='bbox 334 2519 390 2541; x_wconf 80' lang='lat' dir='ltr'>sex</span> <span class='ocrx_word' id='word_1_311' title='bbox 406 2507 517 2540; x_wconf 88' lang='lat' dir='ltr'>dicbus</span> <span class='ocrx_word' id='word_1_312' title='bbox 534 2509 616 2539; x_wconf 81' lang='lat' dir='ltr'>Deus</span> <span class='ocrx_word' id='word_1_313' title='bbox 630 2504 768 2548; x_wconf 78' lang='lat' dir='ltr'>perfecit</span> <span class='ocrx_word' id='word_1_314' title='bbox 782 2515 880 2547; x_wconf 80' lang='lat' dir='ltr'>opera</span> <span class='ocrx_word' id='word_1_315' title='bbox 903 2515 970 2536; x_wconf 85' lang='lat' dir='ltr'>sua.</span> <span class='ocrx_word' id='word_1_316' title='bbox 992 2505 1052 2536; x_wconf 84' lang='lat' dir='ltr'>Ter</span> <span class='ocrx_word' id='word_1_317' title='bbox 1072 2504 1218 2546; x_wconf 81' lang='lat' dir='ltr'>senique,</span> <span class='ocrx_word' id='word_1_318' title='bbox 1232 2507 1296 2536; x_wconf 89' lang='lat' dir='ltr'>etc.</span> 
     </span>
    </p>
   </div>
  </div>
 </body>
</html>
