1898 3178
376 203 397 242 4
408 203 459 241 24
809 216 840 240 s.
879 212 1105 241 Auots‘rrm
1138 215 1319 242 Emscom

372 279 493 342 quod
511 279 628 324 dicas
648 294 736 323 non
754 279 977 323 habebis'.
1006 279 1090 325 Sed
1108 279 1284 325 divitem
1300 280 1426 325 illum
1443 290 1693 341 aspecturus
1711 298 1754 328 es

374 353 451 413 qui
471 352 600 396 tristis
633 350 860 405 abscessit,
890 359 933 394 et
953 350 999 394 in
1020 351 1256 411 Evangelio
1283 353 1569 412 reprehensus
1591 363 1680 412 est3
1712 363 1756 399 et

375 423 492 468 dices
522 422 601 465 tibi
633 420 747 465 forte
773 439 782 465 :
815 419 895 464 Ille
914 421 1033 466 dives
1054 421 1152 467 ideo
1181 422 1294 467 male
1324 422 1427 469 fecit
1458 440 1548 469 non
1569 424 1756 469 vendere

376 494 542 548 omnia,
567 501 608 536 et
630 490 733 536 dare
755 492 1042 552 pauperibus,
1068 493 1170 553 quia
1191 493 1302 538 filios
1323 509 1411 539 non
1433 495 1624 540 habebat
1643 510 1652 537 ε
1678 510 1758 554 ego

375 574 519 609 autem
538 563 680 608 habeo
697 562 830 621 filios3
849 564 992 608 habeo
1013 565 1173 624 quibus
1199 580 1379 609 servem.
1405 568 1462 609 Et
1480 566 1525 609 in
1541 567 1622 610 1130
1638 566 1759 611 infir-

374 635 523 678 mitate
541 633 735 678 consistit
748 633 827 678 tibi
845 635 1054 679 Dominus
1071 644 1187 679 tuus.
1207 634 1402 679 Audeam
1423 634 1566 680 dicere
1580 651 1658 696 per
1670 638 1760 697 ejus

376 704 715 750 misericordiam
733 724 741 750 :
769 704 951 750 audeam
974 704 1116 750 dicere
1137 703 1301 765 aliquid
1318 740 1329 761 ,
1349 721 1439 750 non
1463 706 1517 750 de
1534 721 1629 750 mea
1644 722 1755 766 prae-

378 777 624 835 sumptione
639 811 650 831 ,
676 776 750 820 sed
775 775 830 820 de
848 776 979 836 ipsius
1001 776 1292 821 miseratione.
1317 778 1445 822 Serva
1463 787 1507 822 et
1527 776 1624 822 filiis
1646 778 1758 836 tuis3
1836 821 1837 830 ,

376 846 451 891 sed
473 847 575 891 audi
601 861 687 891 me.
715 847 785 902 Si,
821 855 871 891 ut
898 856 1000 892 sunt
1028 848 1242 902 humana,
1269 847 1323 891 de
1345 847 1442 892 filiis
1463 849 1648 908 quisque
1677 848 1762 892 suis
1835 825 1894 1030 111

1858 1030 1863 1060 1

1857 1070 1863 1091 d

377 918 569 978 aliquem
590 918 779 962 amiserit
800 937 808 962 :
829 917 1065 973 intendite,
1087 916 1257 974 fratres,
1277 917 1492 963 intendite
1505 954 1516 974 ‚
1540 919 1642 979 quia
1661 934 1763 964 ava-

376 989 473 1032 ritia
495 989 814 1033 excusationem
836 1003 926 1034 non
946 989 1096 1043 habet,
1119 1003 1262 1048 neque
1280 988 1366 1043 hic,
1383 1004 1527 1048 neque
1546 990 1591 1033 in
1611 990 1765 1034 futuro
1836 961 1843 1054 1

377 1059 552 1104 saeculo.
578 1061 690 1103 Ecce
712 1068 754 1103 et
782 1059 974 1103 humana
1005 1067 1107 1103 sunt
1130 1074 1138 1099 z
1179 1074 1269 1103 non
1297 1059 1413 1102 enirn
1436 1068 1636 1119 optamus
1652 1094 1663 1115 ‚
1688 1059 1765 1104 sed
1887 1076 1898 1103 1

379 1129 575 1189 exempla
611 1129 916 1188 conspicimus.
954 1130 1146 1173 Amissus
1176 1138 1241 1174 est
1282 1129 1435 1189 aliquis
1472 1130 1763 1186 Christianus,
1836 1110 1842 1198 1
1861 1150 1863 1154 ⁴
1881 1130 1898 1175 11

378 1201 674 1247 Christianum
697 1199 836 1244 filium
859 1200 1034 1244 amisisti
1061 1219 1069 1244 :
1096 1216 1187 1245 non
1209 1215 1312 1259 ergo
1336 1200 1535 1255 amisisti,
1560 1199 1635 1244 sed
1655 1216 1768 1260 prae-
1858 1195 1861 1202 ¹

378 1272 544 1315 misisti.
565 1273 717 1331 Neque
734 1271 851 1315 enim
873 1269 946 1313 ille
969 1270 1150 1313 decessit
1164 1304 1174 1324 ,
1199 1270 1275 1313 sed
1290 1270 1519 1328 praecessit.
1544 1273 1768 1329 Interroga

381 1343 513 1388 fidem
534 1351 655 1386 tuam
678 1361 687 1387 ε
713 1351 830 1386 certe
848 1351 891 1385 et
911 1350 962 1385 tu
978 1340 1054 1385 illo
1070 1342 1209 1386 iturus
1227 1356 1270 1384 es
1285 1375 1295 1394 ‚
1318 1356 1406 1400 quo
1428 1340 1502 1384 ille
1524 1343 1764 1387 antecessit.

380 1417 491 1457 Rem
510 1413 686 1456 brevem
704 1411 823 1465 dico,
842 1411 912 1455 cui
935 1420 1041 1469 puto
1061 1410 1180 1469 quod
1198 1425 1327 1454 nemo
1350 1412 1623 1470 respondeat.
1649 1412 1770 1458 Vivit

382 1483 496 1527 filius
517 1484 644 1526 tuus?
667 1485 893 1539 Interroga
921 1481 1054 1524 fidem
1089 1489 1226 1524 tuam.
1261 1481 1304 1525 Si
1335 1495 1435 1538 ergo
1469 1482 1601 1537 vivit,
1633 1498 1768 1543 quare

384 1553 607 1597 invaditur
625 1567 702 1611 par
724 1553 814 1611 ejus
837 1567 860 1594 a
882 1549 1087 1594 fratribus
1109 1551 1228 1610 ejus?
1251 1549 1336 1595 Sed
1362 1552 1477 1596 dices
1503 1571 1511 1596 :
1543 1552 1770 1613 Numquid
1892 1597 1896 1601 .

385 1623 605 1667 rediturus
627 1631 711 1676 est,
737 1630 780 1665 et
800 1622 1094 1680 possessurus?
1113 1622 1314 1666 Mittatur
1335 1637 1438 1681 ergo
1456 1621 1520 1666 illi
1542 1638 1630 1682 quo
1651 1638 1765 1682 prae·
1880 1644 1898 1672 1]

384 1693 509 1738 cessit
524 1692 597 1736 1110
617 1711 625 1736 :
644 1692 698 1736 ad
714 1706 803 1735 rem
822 1705 944 1735 suam
961 1691 1109 1735 venire
1125 1707 1215 1736 non
1229 1701 1389 1751 potest,
1410 1707 1476 1736 res
1493 1693 1584 1752 ejus
1598 1691 1653 1737 ad
1670 1708 1771 1737 eum
1862 1630 1868 1746 1
1888 1710 1898 1742 11

386 1765 446 1807 ire
467 1771 623 1823 potest.
650 1761 761 1805 Vide
782 1777 884 1805 cum
906 1776 996 1820 quo
1019 1762 1086 1806 sit.
1116 1763 1158 1806 Si
1182 1762 1227 1805 in
1250 1763 1410 1822 palatio
1432 1762 1637 1808 militaret
1657 1763 1771 1808 filius
1887 1791 1895 1813 1

384 1845 511 1890 tuus,
537 1843 579 1878 et
599 1834 760 1878 amicus
776 1833 1046 1893 imperatoris
1067 1833 1190 1876 fieret
1204 1868 1214 1888 ‚
1235 1841 1277 1876 et
1300 1833 1461 1878 diceret
1478 1833 1557 1877 tibi
1584 1852 1593 1878 ε
1619 1833 1771 1878 Vende
1864 1859 1898 1885 11

385 1907 447 1951 ibi
468 1914 637 1966 partem
654 1919 812 1959 meam,
833 1913 875 1947 et
897 1903 1023 1947 mitte
1044 1903 1173 1947 mihi:
1192 1903 1409 1962 numquid
1432 1904 1646 1948 invenires
1663 1904 1772 1964 quid
1884 1929 1898 1972 ῃ

1894 1999 1898 2028 1

1883 2070 1898 2098 1

1891 2137 1896 2170 1

1892 2198 1898 2227 i

1896 2269 1898 2296 1

387 1977 700 2037 responderes?
723 1973 858 2020 Modo
890 1989 991 2019 cum
1015 1977 1280 2033 Imperatore
1308 1975 1504 2019 omnium
1534 1975 1771 2035 imperato-

389 2065 485 2094 rum
503 2084 513 2103 ,
535 2058 577 2093 et
599 2062 699 2092 cum
721 2050 841 2105 Rege
863 2046 1059 2090 omnium
1083 2060 1257 2103 regum,
1283 2054 1326 2089 et
1347 2061 1447 2090 curn
1471 2046 1656 2091 Domino
1678 2061 1772 2091 om-

391 2122 509 2165 nium
539 2119 815 2164 dominorum
846 2126 909 2160 est
938 2116 1054 2160 filius
1076 2125 1177 2160 tuus
1209 2136 1216 2160 :
1251 2117 1373 2161 mitte
1405 2115 1481 2160 illi.
1518 2120 1614 2162 Non
1637 2117 1734 2162 dico
1760 2136 1768 2162 :
1886 2166 1888 2168 ,

390 2190 687 2237 Necessarium
708 2187 842 2232 habet
863 2188 951 2247 ipse
971 2202 979 2227 :
999 2187 1208 2231 Dominus
1231 2188 1364 2246 ipsius
1380 2222 1391 2243 ‚
1417 2187 1535 2247 apud
1557 2203 1687 2247 quem
1710 2197 1774 2232 est
1842 2179 1853 2244 1
1885 2212 1898 2239 ς,ν

391 2262 504 2305 filius
527 2270 656 2314 tuus,
682 2268 778 2317 eget
798 2259 844 2301 in
865 2267 994 2302 terra.
1022 2258 1102 2301 Hic
1131 2257 1225 2301 vult
1255 2260 1447 2317 accipere
1475 2259 1594 2318 quod
1622 2257 1697 2302 dat
1727 2259 1772 2302 in
1842 2248 1846 2320 1

392 2332 520 2376 coelo.
545 2330 668 2384 Quod
686 2329 824 2374 facere
840 2327 1043 2373 nonnulli
1067 2329 1181 2372 avari
1199 2328 1364 2384 solent,
1383 2327 1449 2372 fac
1464 2329 1739 2389 trajectitium
1759 2347 1768 2374 ε

395 2404 448 2446 da
470 2404 515 2445 in
537 2402 805 2462 peregrinos⁷
827 2398 946 2459 quod
968 2399 1146 2458 recipias
1170 2400 1215 2444 in
1238 2400 1376 2460 patria
1402 2410 1492 2445 tua.

1842 2410 1846 2435 1

440 2500 453 2519 ἲ
472 2499 549 2531 Vide
568 2510 657 2540 supra
678 2500 779 2530 Sei-m.
801 2509 844 2538 111,
872 2509 901 2531 n.
923 2507 978 2540 20,
999 2507 1052 2531 21.
1842 2438 1846 2514 i

1843 2650 1847 2667 1

1843 2717 1846 2736 1
