1898 3178
325 215 464 244 sumo
497 214 675 251 Lxxxvi,
710 213 765 240 nr:
797 211 942 242 vEnms
973 210 1139 242 ΜΑΤΤΗ.
1174 212 1259 241 xix.
1394 201 1478 243 423

101 282 205 327 alios
226 282 400 342 propria
421 281 613 341 nequitia
641 278 761 340 quod
778 279 1056 339 possederant
1076 289 1378 325 consumentes
1404 301 1413 327 :
1439 291 1481 326 et

31 391 33 395 ,
100 361 326 397 remanent
345 351 495 410 inopes
513 349 591 394 filii
605 349 806 394 divitum.
829 350 996 394 Parcite
1013 350 1130 394 nasci
1143 350 1253 394 servi
1271 351 1477 396 avaritiae.

102 421 187 468 Sed
207 421 494 482 possidebunt
513 419 619 474 hoc,
645 419 805 479 inquit,
830 419 908 463 filii
925 420 1024 464 mei.
1047 423 1266 465 Incertum
1283 429 1372 466 est:
1392 437 1483 466 non

31 513 37 549 ς
99 493 198 538 dico
221 511 230 538 ι
255 491 432 537 Falsum
460 500 550 550 est,
575 491 650 536 sed
679 489 799 551 quod
825 490 1003 547 feceris,
1035 491 1252 536 incertum
1273 501 1352 537 est.
1378 495 1484 538 Pos-

99 573 256 619 tremo,
275 562 343 608 fac
356 571 524 607 certum
539 582 547 607 :
564 561 672 623 quid
687 561 746 606 eis
758 562 820 606 vis
837 561 1109 622 relinquere?
1122 562 1252 617 Quod
1264 563 1483 624 acquisisti

101 635 195 679 tibi.
218 636 345 680 Certe
369 633 490 695 quod
505 633 722 693 acquisisti
738 632 938 677 relictum
959 649 1049 678 non
1071 643 1183 690 erat,
1205 643 1248 679 et
1263 635 1413 679 habes.
1441 635 1485 680 Si

37 728 39 737 =
98 714 149 750 tu
171 705 330 749 habere
352 705 531 764 potuisti
551 703 671 765 quod
692 703 773 748 tibi
805 702 1007 748 relictum
1033 719 1123 749 non
1147 713 1236 761 est,
1271 714 1480 765 poterunt

100 790 201 834 ergo
222 776 384 820 habere
401 785 445 820 et
459 775 524 820 illi
546 775 665 837 quod
682 784 732 820 tu
754 790 844 820 non
859 775 1098 835 reliqueris.

157 847 216 892 X.
241 844 447 890 Refutata
469 855 571 890 sunt
593 845 771 891 consilia
790 845 979 890 avaritiae
996 844 1095 890 :sed
1112 846 1322 890 Dominus
1335 845 1486 890 eadem

34 941 43 957 -ι
99 914 236 972 dicat,
255 917 424 976 justitia
442 918 532 977 jam
555 917 761 976 loquatur
784 935 794 962 ε
818 917 910 976 ipsa
937 924 1065 960 erunt
1094 915 1225 960 verba
1240 951 1252 972 ,
1277 931 1365 961 non
1396 916 1487 975 ipsa

99 988 328 1032 sententia.
358 989 488 1032 Serva
516 988 593 1032 tibi
610 1023 620 1043 ,
647 988 706 1032 ait
728 987 940 1032 Dominus
966 996 1090 1043 tuus,
1115 987 1293 1032 consule
1315 987 1360 1030 in
1383 1001 1486 1046 pos-

36 1088 38 1093 «
99 1067 258 1102 terum.
285 1061 342 1103 Et
359 1059 477 1103 hunc
497 1059 716 1117 interroga
741 1074 750 1100 :
787 1058 871 1103 Ubi
894 1058 1101 1103 servabo?
1127 1076 1147 1100 «
1173 1058 1364 1102 Habebis
1385 1058 1487 1102 the-

0 1143 3 1169 ;
41 1154 47 1169 .,
101 1146 122 1170 n
148 1143 326 1173 saurum
348 1129 393 1173 in
415 1129 551 1184 coelo,
573 1129 651 1173 ubi
672 1129 746 1173 fur
763 1144 853 1173 non
872 1128 1066 1183 accedet,
1091 1143 1234 1188 neque
1251 1128 1369 1172 tinea
1390 1143 1487 1173 eor-

99 1215 121 1240 »
146 1208 335 1257 rumpet.
365 1216 385 1239 »
422 1201 473 1242 In
506 1208 722 1259 quantum
754 1207 975 1257 posterum
1007 1197 1228 1242 servabis?
1259 1216 1280 1241 ιι
1306 1198 1485 1254 Venite,

99 1285 120 1310 »
145 1267 366 1312 benedicti
379 1269 515 1312 Patris
533 1270 633 1321 mei,
648 1268 858 1327 percipite
877 1282 1076 1326 regnum,
1093 1267 1214 1328 quod
1229 1267 1350 1312 vobis
1364 1283 1483 1328 para-

46 1362 48 1372 »
98 1356 119 1380 »
149 1347 246 1382 tum
268 1347 331 1382 est
353 1338 409 1382 ab
432 1338 596 1395 origiue
618 1338 818 1381 mundi¹.
848 1356 868 1379 »
895 1341 989 1382 Hoc
1014 1353 1197 1396 regnum
1219 1347 1486 1399 quantorum

39 1429 45 1445 ι
96 1407 265 1453 dierum
288 1417 372 1463 est,
398 1407 588 1453 ostendit
608 1408 705 1452 finis
722 1408 814 1467 ipse
831 1408 1073 1452 sententiae.
1099 1411 1212 1453 Cum
1233 1408 1288 1452 de
1305 1409 1487 1454 sinistris

39 1452 49 1515 i
95 1478 282 1524 diceret:
310 1498 330 1521 «
353 1479 419 1524 Sic
431 1479 559 1523 ibunt
580 1478 644 1522 illi
661 1480 705 1522 in
719 1478 1040 1523 ambustionem
1056 1488 1264 1524 aeternam
1281 1500 1292 1537 3
1310 1497 1331 1521 »
1358 1480 1416 1524 ait
1431 1480 1486 1524 de

39 1521 50 1586 ἓ
95 1549 280 1593 dexteris
303 1568 313 1595 2
338 1568 358 1591 «
376 1549 487 1593 Justi
509 1557 656 1592 autem
679 1549 724 1592 in
742 1549 876 1592 vitam
898 1557 1124 1593 aeternam.
1143 1551 1274 1593 »Hoc
1297 1558 1360 1593 est
1377 1565 1485 1594 con—

93 1759 168 1804 Ait
189 1759 306 1803 enim
325 1759 504 1819 quidam
530 1774 538 1798 :
570 1777 590 1800 «
614 1760 671 1802 Ut
686 1759 881 1803 habitem
903 1759 949 1802 iu
969 1758 1100 1803 domo
1128 1759 1303 1803 Domini
1323 1759 1369 1803 in
1386 1759 1486 1804 lon-

0 1863 12 1882 ».
43 1872 53 1900 4
97 1847 119 1873 »
145 1830 389 1889 gitudinem
411 1829 622 1890 dierum²‚
652 1847 671 1870 »
703 1844 805 1873 cum
836 1829 891 1873 de
921 1828 1005 1873 illis
1033 1829 1188 1874 diebus
1214 1828 1393 1875 diceret.
1427 1833 1485 1876 Et

0 1909 13 1953 i.
44 1907 55 1962 fi
95 1901 186 1946 dies
200 1900 340 1945 dictus
355 1909 438 1945 est:
455 1903 578 1958 «Ego
590 1900 721 1945 hodie
734 1900 865 1959 genui
877 1901 951 1944 te3.
962 1918 981 1942 »
994 1902 1051 1944 Et
1063 1899 1127 1944 illi
1138 1899 1228 1945 dies
1242 1916 1354 1945 unus
1368 1901 1481 1947 dies:

41 1947 55 2012 i
94 1972 196 2032 quia
204 1973 296 2032 jam
310 1986 390 2016 nec
402 1980 573 2030 tempus
590 1987 597 2011 :
621 1970 708 2015 dies
724 1970 798 2015 ille
815 1986 896 2015 nec
913 1970 967 2015 ab
981 1971 1184 2016 hesterno
1200 1972 1479 2031 praeceditur,

94 2058 174 2087 nec
190 2042 376 2087 crastino
393 2042 652 2086 excluditur.
671 2044 786 2100 Ergo
803 2043 849 2086 in
870 2042 1013 2101 ipsum
1030 2051 1255 2102 posterum
1276 2042 1481 2088 consula-

95 2128 214 2158 mus:
231 2122 273 2157 et
290 2128 379 2157 non
397 2112 564 2157 diversa
581 2121 683 2157 sunt
699 2113 833 2158 verba
845 2148 856 2168 ,
877 2128 975 2174 quae
993 2113 1073 2157 tibi
1091 2112 1265 2159 dicebat
1281 2113 1480 2172 avaritia,

53 2239 55 2245 ,
95 2192 139 2229 et
160 2198 305 2229 eversa
322 2191 386 2227 est
407 2192 598 2228 avaritia.

53 2253 55 2261 '
152 2255 233 2297 XI.
257 2256 406 2298 Restat
427 2261 477 2298 ut
494 2252 610 2297 dicas
632 2272 640 2297 z
663 2255 721 2297 Et
740 2253 848 2313 quid
871 2267 950 2311 ago
973 2252 1028 2297 de
1049 2252 1145 2297 filiis
1161 2253 1294 2298 meis?
1311 2253 1425 2298 Audi
1442 2263 1486 2299 et

54 2327 55 2330 ’
94 2322 198 2368 inde
219 2324 449 2369 consilium
479 2324 652 2368 Domini
676 2324 756 2368 tui.
794 2325 837 2370 Si
869 2324 949 2368 tibi
975 2323 1090 2370 dicat
1112 2325 1321 2370 Dominus
1343 2334 1444 2370 tuus
1467 2340 1477 2367 ·.

95 2395 250 2440 Melius
270 2411 351 2454 ego
371 2395 514 2453 cogito
533 2395 608 2454 qui
626 2396 783 2451 creavi,
800 2411 929 2455 quam
950 2405 996 2439 tu
1013 2396 1087 2454 qui
1110 2397 1318 2454 generasti
1336 2415 1345 2441 2
1370 2396 1481 2441 forte

140 2492 151 2509 ¹
172 2490 291 2521 Matth.
313 2501 389 2526 ην,
406 2489 457 2530 ἥ.
479 2506 517 2510 —-
540 2496 551 2510 ²
571 2490 647 2519 [³013.
666 2500 743 2526 vti,
760 2489 792 2519 (ἶ.
814 2507 851 2511 —
876 2488 887 2511 Τ(
909 2491 952 2521 Μ.
975 2501 1007 2522 η,
1026 2500 1055 2530 7.
