1898 3178
382 219 466 260 442
808 231 840 257 s.
877 228 1106 257 Anansnm
1138 229 1318 257 13121500121

381 296 562 356 sumpsit
589 295 704 339 enim
730 308 886 352 corpus
908 292 1112 348 mortale,
1138 293 1184 337 in
1204 309 1292 354 quo
1315 293 1532 339 occideret
1553 304 1754 340 mortem.

386 386 406 408 «
430 369 486 411 Et
508 364 702 425 quamvis
720 363 948 407 crucifixus
966 372 1029 407 est
1047 378 1099 406 ex
1114 363 1366 408 infirmitate
1382 374 1551 421 nostra,
1575 365 1686 409 sicut
1700 366 1758 410 ait

385 454 404 479 ι)
428 435 659 496 Apostolus
687 453 696 479 z
721 433 795 478 sed
816 434 922 479 vivit
943 449 994 478 ex
1015 433 1173 479 virtute
1202 435 1320 480 Dei1.
1343 453 1363 476 »
1389 434 1596 496 Ejusdem
1616 439 1758 496 Apos-

383 507 458 552 toli
471 506 603 551 verba
615 513 739 549 sunt:
761 523 780 546 «
798 507 854 548 Et
867 505 1066 565 quiajam
1083 520 1173 550 non
1189 505 1390 560 moritur,
1407 515 1449 549 et
1462 520 1578 550 mors
1590 506 1629 550 ei
1646 505 1760 551 ultra

384 592 505 620 »non
518 575 992 620 dominabitur2.»Haec
1003 591 1105 635 ergo
1118 577 1229 620 bene
1243 585 1345 620 nota
1360 585 1462 619 sunt
1473 576 1575 620 fidei
1587 586 1755 622 vestrae.

383 646 519 692 Simul
542 655 585 690 et
605 647 688 691 hoc
721 661 988 707 consequens
1010 656 1096 703 est,
1118 656 1168 691 ut
1188 646 1436 691 noverimus
1455 646 1598 691 omnia
1629 647 1759 691 mira-

380 717 476 762 cula
489 753 499 773 ‚
518 733 616 777 quae
632 717 911 778 corporaliter
927 717 1046 774 fecit,
1066 718 1209 763 valere
1227 717 1281 761 ad
1299 717 1641 762 admonitionem
1658 733 1760 763 nos·-

380 797 518 844 tram,
543 797 594 832 ut
625 789 912 848 percipiamus
945 789 999 833 ab
1023 804 1074 833 eo
1099 788 1219 848 quod
1239 803 1330 831 non
1357 796 1420 831 est
1447 787 1730 832 transiturum
1746 823 1757 844 ‚

380 874 521 919 neque
539 860 669 903 finem
689 860 956 904 habiturum.
982 858 1142 904 Oculos
1162 857 1352 903 reddidit
1370 860 1493 903 caecis
1508 893 1519 914 ‚
1539 874 1648 918 quos
1670 868 1761 903 erat

379 930 533 990 utique
556 946 671 975 mors
697 930 932 991 aliquando
963 930 1161 974 clausura
1187 949 1196 974 ;
1236 930 1504 974 resuscitavit
1525 933 1758 986 Lazarum,

379 1001 536 1045 iterum
554 1002 829 1046 moriturum.
854 1005 909 1046 Et
931 1016 1224 1062 quaecumque
1246 1000 1301 1045 ad
1322 999 1506 1045 salutem
1529 1016 1762 1061 corporum

379 1071 484 1115 fecit
499 1106 509 1126 ‚
535 1087 625 1116 non
647 1071 701 1115 ad
721 1072 804 1116 hoc
828 1071 946 1128 fecit,
966 1082 1014 1116 ut
1028 1073 1288 1131 sempiterna
1304 1081 1445 1116 essent
1463 1091 1472 1117 2
1492 1086 1594 1116 cum
1617 1081 1763 1117 tamen

380 1140 559 1185 daturus
577 1142 631 1185 sit
643 1142 773 1185 etiam
790 1143 870 1201 ipsi
888 1144 1058 1202 corpori
1069 1143 1114 1186 in
1132 1143 1218 1187 fine
1235 1144 1541 1203 sempiternam
1558 1141 1760 1187 salutem.

382 1211 466 1256 Sed
483 1212 583 1271 quia
603 1210 677 1255 illa
696 1228 796 1272 quae
817 1228 906 1257 non
930 1213 1209 1267 videbantur,
1234 1229 1323 1258 non
1345 1213 1663 1270 credebantur-3
1686 1227 1764 1271 per

378 1282 456 1327 ista
469 1281 721 1342 temporalia
733 1298 832 1343 quae
845 1281 1106 1328 videbantur
1118 1282 1362 1328 aedificabat
1373 1283 1502 1327 fidem
1514 1282 1568 1327 ad
1580 1282 1654 1327 illa
1664 1299 1763 1343 quae

379 1368 469 1397 non
485 1352 762 1397 videbantur.

440 1426 498 1467 ΙΙ.
524 1426 661 1469 Nemo
688 1424 860 1484 itaque,
885 1424 1039 1468 fratres
1055 1458 1065 1478 ‚
1097 1423 1212 1467 dicat
1239 1438 1329 1468 non
1351 1422 1493 1467 facere
1523 1423 1604 1467 ista
1629 1423 1762 1468 modo

382 1494 615 1538 Dominum
636 1503 834 1538 nostrum
855 1497 1005 1538 Jesum
1026 1494 1266 1546 Christum,
1292 1502 1335 1537 et
1354 1501 1531 1553 propter
1552 1493 1635 1538 hoc
1657 1509 1764 1553 prae-

378 1564 572 1607 sentibus
589 1564 790 1608 Ecclesiae
814 1564 1083 1622 temporibus
1106 1564 1247 1622 priora
1269 1578 1539 1623 praeponere.
1560 1563 1760 1617 Quodam

379 1635 542 1694 quippe
562 1634 659 1678 loco
681 1633 799 1677 idem
822 1634 1032 1677 Dominus
1060 1633 1332 1688 videntibus,
1360 1642 1404 1677 et
1424 1633 1522 1678 ideo
1545 1633 1761 1678 credenti-

380 1705 485 1760 bus,
521 1704 735 1764 praeponit
768 1719 840 1748 eos
873 1705 948 1764 qui
977 1720 1066 1748 non
1094 1704 1245 1748 vident
1273 1713 1316 1748 et
1337 1704 1538 1749 credunt.
1564 1707 1762 1764 Namque

379 1791 517 1836 usque
533 1791 585 1820 eo
606 1774 681 1819 illo
703 1785 898 1835 tempore
919 1775 1238 1834 Discipulorum
1263 1777 1353 1835 ejus
1368 1775 1554 1819 nutabat
1573 1775 1762 1819 infirmi-

380 1856 466 1902 tas,
502 1856 551 1891 ut
572 1861 702 1906 quem
734 1846 941 1890 videbant
958 1847 1048 1905 jam
1071 1846 1347 1890 resurrexisse
1363 1880 1375 1901 ,
1407 1846 1534 1888 etiam
1558 1854 1758 1890 contrec-

380 1917 560 1962 tandum
582 1926 811 1976 putarent,
838 1926 887 1961 ut
906 1917 1176 1961 crederentss.
1202 1919 1299 1961 Non
1321 1915 1563 1959 sufficiebat
1596 1916 1730 1960 oculis
1745 1951 1757 1972 ‚

378 1989 498 2047 quod
531 1988 730 2032 viderent
745 2022 755 2041 ‚
792 1987 870 2031 nisi
899 1995 943 2030 et
970 2002 1124 2030 manus
1159 1985 1494 2030 admoverentur
1527 1986 1755 2041 membris,

379 2066 422 2102 et
437 2058 653 2102 cicatrices
671 2057 910 2100 recentium
931 2055 1163 2100 vulnerum
1182 2064 1462 2115 tangerentur
1483 2074 1492 2100 ε
1512 2065 1570 2100 υῐ
1589 2055 1663 2100 ille
1683 2057 1760 2116 qui

379 2127 609 2171 dubitabat
626 2125 886 2185 Discipulus,
904 2135 1081 2185 repente
1097 2125 1219 2170 tactis
1235 2135 1278 2169 et
1291 2126 1473 2184 cognitis
1487 2126 1759 2171 cicatricibus

380 2198 660 2244 exclamaret:
688 2217 708 2239 «
730 2196 938 2241 Dominus
963 2211 1085 2239 meus
1114 2205 1157 2240 et
1190 2199 1302 2239 Deus
1323 2211 1460 2240 meus.
1484 2214 1504 2238 »
1528 2197 1759 2241 Cicatrices

380 2269 665 2312 ostendebant
687 2282 814 2322 eum,
849 2266 926 2326 qui
952 2266 1097 2310 omnia
1118 2265 1300 2310 vulnera
1328 2267 1374 2310 in
1396 2265 1487 2311 aliis
1518 2276 1755 2311 sanaverat.

381 2337 598 2398 Numquid
633 2354 722 2383 non
748 2346 919 2398 poterat
949 2336 1158 2381 Dominus
1188 2337 1280 2380 sine
1313 2336 1584 2381 cicatricibus
1613 2351 1759 2381 resur-

382 2411 504 2466 gere?
523 2409 607 2453 Sed
622 2409 665 2452 in
683 2408 814 2454 corde
833 2407 1151 2466 Discipulorum
1170 2406 1352 2451 vulnera
1369 2416 1564 2462 noverat,
1582 2417 1760 2467 propter

380 2494 477 2537 quae
499 2479 690 2524 sananda
707 2480 926 2525 cicatrices
943 2479 989 2523 in
1003 2494 1183 2538 corpore
1204 2494 1283 2524 suo
1299 2488 1556 2524 servaverat.
1576 2481 1634 2524 Et
1650 2479 1757 2539 quid

430 2569 439 2583 ¹
461 2570 479 2594 2
498 2564 570 2594 Cor.
591 2563 708 2605 x111‚4.
732 2580 773 2586 -
797 2570 810 2586 ²
825 2566 918 2595 Joan.
938 2573 992 2604 xx,
1012 2571 1065 2604 29.
1090 2578 1129 2585 v-
1156 2560 1168 2585 3
1191 2562 1272 2595 Ibid.
1294 2562 1349 2595 28.
