<?xml version="1.0" encoding="UTF-8"?>
<!DOCTYPE html PUBLIC "-//W3C//DTD XHTML 1.0 Transitional//EN"
    "http://www.w3.org/TR/xhtml1/DTD/xhtml1-transitional.dtd">
<html xmlns="http://www.w3.org/1999/xhtml" xml:lang="en" lang="en">
 <head>
  <title>
</title>
<meta http-equiv="Content-Type" content="text/html;charset=utf-8" />
  <meta name='ocr-system' content='tesseract 3.04.00' />
  <meta name='ocr-capabilities' content='ocr_page ocr_carea ocr_par ocr_line ocrx_word'/>
</head>
<body>
  <div class='ocr_page' id='page_1' title='image "./operaomniaaccura18auguuoft_0409.png"; bbox 0 0 1898 3178; ppageno 0'>
   <div class='ocr_carea' id='block_1_1' title="bbox 0 565 3 1256">
    <p class='ocr_par' dir='ltr' id='par_1_1' title="bbox 0 565 3 1256">
     <span class='ocr_line' id='line_1_1' title="bbox 0 565 3 1256; baseline 0 0"><span class='ocrx_word' id='word_1_1' title='bbox 0 565 3 1256; x_wconf 95' lang='lat' dir='ltr'> </span> 
     </span>
    </p>
   </div>
   <div class='ocr_carea' id='block_1_2' title="bbox 0 1677 3 2181">
    <p class='ocr_par' dir='ltr' id='par_1_2' title="bbox 0 1677 3 2181">
     <span class='ocr_line' id='line_1_2' title="bbox 0 1677 3 2181; baseline 0 0"><span class='ocrx_word' id='word_1_2' title='bbox 0 1677 3 2181; x_wconf 95' lang='lat' dir='ltr'> </span> 
     </span>
    </p>
   </div>
   <div class='ocr_carea' id='block_1_3' title="bbox 313 227 1478 269">
    <p class='ocr_par' dir='ltr' id='par_1_3' title="bbox 313 227 1478 269">
     <span class='ocr_line' id='line_1_3' title="bbox 313 227 1478 269; baseline 0.004 -8"><span class='ocrx_word' id='word_1_3' title='bbox 313 235 452 262; x_wconf 80' lang='lat' dir='ltr'>SERMO</span> <span class='ocrx_word' id='word_1_4' title='bbox 483 232 647 269; x_wconf 72' lang='lat' dir='ltr'>LXXXII,</span> <span class='ocrx_word' id='word_1_5' title='bbox 681 234 735 262; x_wconf 80' lang='lat' dir='ltr'>DE</span> <span class='ocrx_word' id='word_1_6' title='bbox 767 233 914 263; x_wconf 80' lang='lat' dir='ltr'>VERBIS</span> <span class='ocrx_word' id='word_1_7' title='bbox 946 233 1110 264; x_wconf 78' lang='grc' dir='ltr'><strong>ΜΑΤΤΗ.</strong></span> <span class='ocrx_word' id='word_1_8' title='bbox 1145 235 1268 264; x_wconf 83' lang='lat' dir='ltr'>xv111.</span> <span class='ocrx_word' id='word_1_9' title='bbox 1394 227 1478 265; x_wconf 83' lang='lat'>397</span> 
     </span>
    </p>
   </div>
   <div class='ocr_carea' id='block_1_4' title="bbox 86 297 1483 2473">
    <p class='ocr_par' dir='ltr' id='par_1_4' title="bbox 86 297 1483 2473">
     <span class='ocr_line' id='line_1_4' title="bbox 97 297 1478 360; baseline 0.003 -18"><span class='ocrx_word' id='word_1_10' title='bbox 97 300 188 342; x_wconf 86' lang='lat' dir='ltr'>Hac</span> <span class='ocrx_word' id='word_1_11' title='bbox 216 298 428 343; x_wconf 83' lang='lat' dir='ltr'>charitate</span> <span class='ocrx_word' id='word_1_12' title='bbox 445 297 617 357; x_wconf 84' lang='lat' dir='ltr'>praediti</span> <span class='ocrx_word' id='word_1_13' title='bbox 639 313 728 343; x_wconf 91' lang='lat' dir='ltr'>esse</span> <span class='ocrx_word' id='word_1_14' title='bbox 753 299 977 345; x_wconf 86' lang='lat' dir='ltr'>debemus.</span> <span class='ocrx_word' id='word_1_15' title='bbox 1000 300 1125 345; x_wconf 84' lang='lat' dir='ltr'>Unde</span> <span class='ocrx_word' id='word_1_16' title='bbox 1143 299 1379 360; x_wconf 85' lang='lat' dir='ltr'>aliquando</span> <span class='ocrx_word' id='word_1_17' title='bbox 1395 303 1478 347; x_wconf 92' lang='lat' dir='ltr'>ho-</span> 
     </span>
     <span class='ocr_line' id='line_1_5' title="bbox 95 367 1481 430; baseline 0.004 -19"><span class='ocrx_word' id='word_1_18' title='bbox 95 368 232 413; x_wconf 91' lang='lat' dir='ltr'>mines</span> <span class='ocrx_word' id='word_1_19' title='bbox 248 367 576 427; x_wconf 91' lang='lat' dir='ltr'>reprehendunt</span> <span class='ocrx_word' id='word_1_20' title='bbox 588 383 682 423; x_wconf 88' lang='lat' dir='ltr'>nos,</span> <span class='ocrx_word' id='word_1_21' title='bbox 700 368 820 429; x_wconf 91' lang='lat' dir='ltr'>quod</span> <span class='ocrx_word' id='word_1_22' title='bbox 838 370 960 429; x_wconf 88' lang='lat' dir='ltr'><strong>quasi</strong></span> <span class='ocrx_word' id='word_1_23' title='bbox 975 386 1065 416; x_wconf 92' lang='lat' dir='ltr'>non</span> <span class='ocrx_word' id='word_1_24' title='bbox 1079 370 1360 430; x_wconf 87' lang='lat' dir='ltr'>corripiamus</span> <span class='ocrx_word' id='word_1_25' title='bbox 1377 390 1385 416; x_wconf 90' lang='lat'>:</span> <span class='ocrx_word' id='word_1_26' title='bbox 1405 381 1481 416; x_wconf 87' lang='lat' dir='ltr'>aut</span> 
     </span>
     <span class='ocr_line' id='line_1_6' title="bbox 93 436 1481 501; baseline 0.004 -20"><span class='ocrx_word' id='word_1_27' title='bbox 93 446 253 497; x_wconf 90' lang='lat' dir='ltr'>putant</span> <span class='ocrx_word' id='word_1_28' title='bbox 266 452 344 482; x_wconf 91' lang='lat' dir='ltr'>nos</span> <span class='ocrx_word' id='word_1_29' title='bbox 357 438 464 482; x_wconf 90' lang='lat' dir='ltr'>scire</span> <span class='ocrx_word' id='word_1_30' title='bbox 477 436 598 498; x_wconf 92' lang='lat' dir='ltr'>quod</span> <span class='ocrx_word' id='word_1_31' title='bbox 610 438 839 494; x_wconf 90' lang='lat' dir='ltr'>nescimus,</span> <span class='ocrx_word' id='word_1_32' title='bbox 857 449 931 484; x_wconf 88' lang='lat' dir='ltr'>aut</span> <span class='ocrx_word' id='word_1_33' title='bbox 945 449 1103 499; x_wconf 89' lang='lat' dir='ltr'>putant</span> <span class='ocrx_word' id='word_1_34' title='bbox 1115 456 1193 485; x_wconf 93' lang='lat' dir='ltr'>nos</span> <span class='ocrx_word' id='word_1_35' title='bbox 1205 449 1346 485; x_wconf 88' lang='lat' dir='ltr'>tacere</span> <span class='ocrx_word' id='word_1_36' title='bbox 1359 442 1481 501; x_wconf 91' lang='lat' dir='ltr'>quod</span> 
     </span>
     <span class='ocr_line' id='line_1_7' title="bbox 92 506 1480 568; baseline 0.001 -15"><span class='ocrx_word' id='word_1_37' title='bbox 92 506 360 553; x_wconf 89' lang='lat' dir='ltr'>scimus.Sed</span> <span class='ocrx_word' id='word_1_38' title='bbox 370 507 483 552; x_wconf 84' lang='lat' dir='ltr'>sorte</span> <span class='ocrx_word' id='word_1_39' title='bbox 494 507 615 568; x_wconf 90' lang='lat' dir='ltr'>quod</span> <span class='ocrx_word' id='word_1_40' title='bbox 625 508 721 564; x_wconf 84' lang='lat' dir='ltr'>scis,</span> <span class='ocrx_word' id='word_1_41' title='bbox 732 518 775 553; x_wconf 93' lang='lat' dir='ltr'>et</span> <span class='ocrx_word' id='word_1_42' title='bbox 783 523 861 567; x_wconf 88' lang='lat' dir='ltr'>ego</span> <span class='ocrx_word' id='word_1_43' title='bbox 876 510 976 555; x_wconf 87' lang='lat' dir='ltr'>scio:</span> <span class='ocrx_word' id='word_1_44' title='bbox 988 510 1063 554; x_wconf 87' lang='lat' dir='ltr'>sed</span> <span class='ocrx_word' id='word_1_45' title='bbox 1076 526 1165 555; x_wconf 89' lang='lat' dir='ltr'>non</span> <span class='ocrx_word' id='word_1_46' title='bbox 1181 526 1327 556; x_wconf 88' lang='lat' dir='ltr'>coram</span> <span class='ocrx_word' id='word_1_47' title='bbox 1335 520 1379 556; x_wconf 89' lang='lat' dir='ltr'>te</span> <span class='ocrx_word' id='word_1_48' title='bbox 1390 527 1480 557; x_wconf 92' lang='lat' dir='ltr'>cor-</span> 
     </span>
     <span class='ocr_line' id='line_1_8' title="bbox 93 577 1481 639; baseline 0.002 -16"><span class='ocrx_word' id='word_1_49' title='bbox 93 578 204 638; x_wconf 90' lang='lat' dir='ltr'>ripio</span> <span class='ocrx_word' id='word_1_50' title='bbox 219 598 231 636; x_wconf 83' lang='lat'><em>3</em></span> <span class='ocrx_word' id='word_1_51' title='bbox 251 579 354 639; x_wconf 90' lang='lat' dir='ltr'>quia</span> <span class='ocrx_word' id='word_1_52' title='bbox 370 593 522 624; x_wconf 89' lang='lat' dir='ltr'>curare</span> <span class='ocrx_word' id='word_1_53' title='bbox 535 577 652 635; x_wconf 88' lang='lat' dir='ltr'>volo,</span> <span class='ocrx_word' id='word_1_54' title='bbox 671 593 761 624; x_wconf 91' lang='lat' dir='ltr'>non</span> <span class='ocrx_word' id='word_1_55' title='bbox 775 594 991 625; x_wconf 88' lang='lat' dir='ltr'>accusare.</span> <span class='ocrx_word' id='word_1_56' title='bbox 1011 583 1122 626; x_wconf 87' lang='lat' dir='ltr'>Sunt</span> <span class='ocrx_word' id='word_1_57' title='bbox 1139 582 1337 626; x_wconf 89' lang='lat' dir='ltr'>homines</span> <span class='ocrx_word' id='word_1_58' title='bbox 1354 580 1481 626; x_wconf 87' lang='lat' dir='ltr'>adul-</span> 
     </span>
     <span class='ocr_line' id='line_1_9' title="bbox 93 648 1480 712; baseline 0.002 -19"><span class='ocrx_word' id='word_1_59' title='bbox 93 649 174 694; x_wconf 86' lang='lat' dir='ltr'>teri</span> <span class='ocrx_word' id='word_1_60' title='bbox 193 650 240 694; x_wconf 94' lang='lat' dir='ltr'>in</span> <span class='ocrx_word' id='word_1_61' title='bbox 260 648 464 696; x_wconf 90' lang='lat' dir='ltr'>domibus</span> <span class='ocrx_word' id='word_1_62' title='bbox 480 650 588 706; x_wconf 87' lang='lat' dir='ltr'>suis,</span> <span class='ocrx_word' id='word_1_63' title='bbox 607 650 653 695; x_wconf 92' lang='lat' dir='ltr'>in</span> <span class='ocrx_word' id='word_1_64' title='bbox 670 660 836 696; x_wconf 91' lang='lat' dir='ltr'>secreto</span> <span class='ocrx_word' id='word_1_65' title='bbox 853 661 1037 711; x_wconf 86' lang='lat' dir='ltr'>peccant</span> <span class='ocrx_word' id='word_1_66' title='bbox 1051 686 1062 708; x_wconf 87' lang='lat'>‚</span> <span class='ocrx_word' id='word_1_67' title='bbox 1096 651 1333 712; x_wconf 88' lang='lat' dir='ltr'>aliquando</span> <span class='ocrx_word' id='word_1_68' title='bbox 1355 653 1480 698; x_wconf 90' lang='lat' dir='ltr'>nobis</span> 
     </span>
     <span class='ocr_line' id='line_1_10' title="bbox 90 718 1479 782; baseline 0.002 -19"><span class='ocrx_word' id='word_1_69' title='bbox 90 718 342 779; x_wconf 89' lang='lat' dir='ltr'>produntur</span> <span class='ocrx_word' id='word_1_70' title='bbox 371 721 427 765; x_wconf 91' lang='lat' dir='ltr'>ab</span> <span class='ocrx_word' id='word_1_71' title='bbox 457 721 664 766; x_wconf 86' lang='lat' dir='ltr'><strong>uxoribus</strong></span> <span class='ocrx_word' id='word_1_72' title='bbox 693 722 779 766; x_wconf 88' lang='lat' dir='ltr'>suis</span> <span class='ocrx_word' id='word_1_73' title='bbox 806 722 1067 782; x_wconf 88' lang='lat' dir='ltr'>plerumque</span> <span class='ocrx_word' id='word_1_74' title='bbox 1095 722 1364 778; x_wconf 85' lang='lat' dir='ltr'>zelantibus,</span> <span class='ocrx_word' id='word_1_75' title='bbox 1399 722 1479 767; x_wconf 87' lang='lat' dir='ltr'>ali-</span> 
     </span>
     <span class='ocr_line' id='line_1_11' title="bbox 91 788 1479 853; baseline 0.001 -19"><span class='ocrx_word' id='word_1_76' title='bbox 91 788 270 849; x_wconf 89' lang='lat' dir='ltr'>quando</span> <span class='ocrx_word' id='word_1_77' title='bbox 283 791 540 836; x_wconf 85' lang='lat' dir='ltr'>maritorum</span> <span class='ocrx_word' id='word_1_78' title='bbox 563 790 746 836; x_wconf 88' lang='lat' dir='ltr'>salutem</span> <span class='ocrx_word' id='word_1_79' title='bbox 767 792 1093 852; x_wconf 73' lang='lat' dir='ltr'>quaerentibus,</span> <span class='ocrx_word' id='word_1_80' title='bbox 1120 808 1198 837; x_wconf 91' lang='lat' dir='ltr'>nos</span> <span class='ocrx_word' id='word_1_81' title='bbox 1219 808 1310 838; x_wconf 93' lang='lat' dir='ltr'>non</span> <span class='ocrx_word' id='word_1_82' title='bbox 1327 793 1479 853; x_wconf 90' lang='lat' dir='ltr'>prodi-</span> 
     </span>
     <span class='ocr_line' id='line_1_12' title="bbox 89 859 1478 922; baseline 0.001 -17"><span class='ocrx_word' id='word_1_83' title='bbox 89 875 188 905; x_wconf 89' lang='lat' dir='ltr'>mus</span> <span class='ocrx_word' id='word_1_84' title='bbox 204 859 364 920; x_wconf 89' lang='lat' dir='ltr'>palam‚</span> <span class='ocrx_word' id='word_1_85' title='bbox 389 860 466 906; x_wconf 91' lang='lat' dir='ltr'>sed</span> <span class='ocrx_word' id='word_1_86' title='bbox 484 862 529 906; x_wconf 89' lang='lat' dir='ltr'>in</span> <span class='ocrx_word' id='word_1_87' title='bbox 551 870 716 907; x_wconf 90' lang='lat' dir='ltr'>secreto</span> <span class='ocrx_word' id='word_1_88' title='bbox 739 862 973 920; x_wconf 84' lang='lat' dir='ltr'>arguimus.</span> <span class='ocrx_word' id='word_1_89' title='bbox 992 862 1075 906; x_wconf 89' lang='lat' dir='ltr'>Ubi</span> <span class='ocrx_word' id='word_1_90' title='bbox 1096 863 1280 922; x_wconf 85' lang='lat' dir='ltr'>contigit</span> <span class='ocrx_word' id='word_1_91' title='bbox 1296 863 1478 918; x_wconf 82' lang='lat' dir='ltr'>malum,</span> 
     </span>
     <span class='ocr_line' id='line_1_13' title="bbox 90 931 1478 992; baseline 0.002 -17"><span class='ocrx_word' id='word_1_92' title='bbox 90 931 151 976; x_wconf 90' lang='lat' dir='ltr'>ibi</span> <span class='ocrx_word' id='word_1_93' title='bbox 169 932 380 976; x_wconf 88' lang='lat' dir='ltr'>moriatur</span> <span class='ocrx_word' id='word_1_94' title='bbox 401 931 581 977; x_wconf 90' lang='lat' dir='ltr'>malum.</span> <span class='ocrx_word' id='word_1_95' title='bbox 607 935 706 979; x_wconf 91' lang='lat' dir='ltr'>Non</span> <span class='ocrx_word' id='word_1_96' title='bbox 721 942 867 978; x_wconf 88' lang='lat' dir='ltr'>tamen</span> <span class='ocrx_word' id='word_1_97' title='bbox 882 932 1041 978; x_wconf 91' lang='lat' dir='ltr'>vulnus</span> <span class='ocrx_word' id='word_1_98' title='bbox 1063 932 1175 977; x_wconf 91' lang='lat' dir='ltr'>illud</span> <span class='ocrx_word' id='word_1_99' title='bbox 1191 933 1478 992; x_wconf 83' lang='lat' dir='ltr'>negligimus:</span> 
     </span>
     <span class='ocr_line' id='line_1_14' title="bbox 89 1003 1482 1064; baseline 0.001 -17"><span class='ocrx_word' id='word_1_100' title='bbox 89 1010 190 1047; x_wconf 88' lang='lat' dir='ltr'>ante</span> <span class='ocrx_word' id='word_1_101' title='bbox 210 1003 359 1048; x_wconf 86' lang='lat' dir='ltr'>omnia</span> <span class='ocrx_word' id='word_1_102' title='bbox 379 1003 656 1048; x_wconf 86' lang='lat' dir='ltr'>ostendentes</span> <span class='ocrx_word' id='word_1_103' title='bbox 678 1003 846 1048; x_wconf 89' lang='lat' dir='ltr'>homini</span> <span class='ocrx_word' id='word_1_104' title='bbox 867 1004 913 1047; x_wconf 90' lang='lat' dir='ltr'>in</span> <span class='ocrx_word' id='word_1_105' title='bbox 937 1003 1013 1049; x_wconf 90' lang='lat' dir='ltr'>tali</span> <span class='ocrx_word' id='word_1_106' title='bbox 1037 1012 1217 1064; x_wconf 86' lang='lat' dir='ltr'>peccato</span> <span class='ocrx_word' id='word_1_107' title='bbox 1243 1005 1482 1049; x_wconf 90' lang='lat' dir='ltr'>constituto</span> 
     </span>
     <span class='ocr_line' id='line_1_15' title="bbox 89 1072 1482 1132; baseline 0.001 -16"><span class='ocrx_word' id='word_1_108' title='bbox 89 1072 366 1132; x_wconf 85' lang='lat' dir='ltr'>sauciamque</span> <span class='ocrx_word' id='word_1_109' title='bbox 389 1074 557 1132; x_wconf 82' lang='lat' dir='ltr'>gerenti</span> <span class='ocrx_word' id='word_1_110' title='bbox 578 1074 889 1119; x_wconf 84' lang='lat' dir='ltr'>conscientiam</span> <span class='ocrx_word' id='word_1_111' title='bbox 905 1109 916 1128; x_wconf 90' lang='lat'>,</span> <span class='ocrx_word' id='word_1_112' title='bbox 941 1073 1054 1118; x_wconf 89' lang='lat' dir='ltr'>illud</span> <span class='ocrx_word' id='word_1_113' title='bbox 1075 1073 1236 1118; x_wconf 87' lang='lat' dir='ltr'>vulnus</span> <span class='ocrx_word' id='word_1_114' title='bbox 1255 1088 1345 1118; x_wconf 88' lang='lat' dir='ltr'>esse</span> <span class='ocrx_word' id='word_1_115' title='bbox 1361 1089 1482 1118; x_wconf 89' lang='lat' dir='ltr'>mor-</span> 
     </span>
     <span class='ocr_line' id='line_1_16' title="bbox 88 1141 1482 1204; baseline 0.001 -18"><span class='ocrx_word' id='word_1_116' title='bbox 88 1141 266 1187; x_wconf 86' lang='lat' dir='ltr'>tiferum</span> <span class='ocrx_word' id='word_1_117' title='bbox 295 1161 305 1187; x_wconf 74' lang='lat'>2</span> <span class='ocrx_word' id='word_1_118' title='bbox 342 1143 464 1204; x_wconf 93' lang='lat' dir='ltr'>quod</span> <span class='ocrx_word' id='word_1_119' title='bbox 492 1143 729 1204; x_wconf 88' lang='lat' dir='ltr'>aliquando</span> <span class='ocrx_word' id='word_1_120' title='bbox 759 1145 836 1204; x_wconf 92' lang='lat' dir='ltr'>qui</span> <span class='ocrx_word' id='word_1_121' title='bbox 870 1144 1153 1187; x_wconf 90' lang='lat' dir='ltr'>committunt</span> <span class='ocrx_word' id='word_1_122' title='bbox 1171 1178 1181 1198; x_wconf 85' lang='lat'><strong>‚</strong></span> <span class='ocrx_word' id='word_1_123' title='bbox 1217 1144 1363 1188; x_wconf 88' lang='lat' dir='ltr'>nescio</span> <span class='ocrx_word' id='word_1_124' title='bbox 1395 1161 1482 1203; x_wconf 86' lang='lat' dir='ltr'>qua</span> 
     </span>
     <span class='ocr_line' id='line_1_17' title="bbox 87 1212 1481 1271; baseline 0.002 -16"><span class='ocrx_word' id='word_1_125' title='bbox 87 1214 366 1271; x_wconf 89' lang='lat' dir='ltr'>perversitate</span> <span class='ocrx_word' id='word_1_126' title='bbox 390 1217 734 1270; x_wconf 76' lang='lat' dir='ltr'>contemnunt13</span> <span class='ocrx_word' id='word_1_127' title='bbox 766 1221 809 1256; x_wconf 88' lang='lat' dir='ltr'>et</span> <span class='ocrx_word' id='word_1_128' title='bbox 837 1212 982 1256; x_wconf 89' lang='lat' dir='ltr'>nescio</span> <span class='ocrx_word' id='word_1_129' title='bbox 999 1212 1116 1257; x_wconf 85' lang='lat' dir='ltr'>unde</span> <span class='ocrx_word' id='word_1_130' title='bbox 1134 1214 1214 1257; x_wconf 90' lang='lat' dir='ltr'>sibi</span> <span class='ocrx_word' id='word_1_131' title='bbox 1238 1215 1481 1259; x_wconf 88' lang='lat' dir='ltr'>testimonia</span> 
     </span>
     <span class='ocr_line' id='line_1_18' title="bbox 88 1280 1482 1341; baseline 0.002 -15"><span class='ocrx_word' id='word_1_132' title='bbox 88 1282 210 1326; x_wconf 88' lang='lat' dir='ltr'>nulla</span> <span class='ocrx_word' id='word_1_133' title='bbox 234 1290 277 1326; x_wconf 88' lang='lat' dir='ltr'>et</span> <span class='ocrx_word' id='word_1_134' title='bbox 297 1297 409 1326; x_wconf 87' lang='lat' dir='ltr'>vana</span> <span class='ocrx_word' id='word_1_135' title='bbox 435 1281 724 1341; x_wconf 77' lang='lat' dir='ltr'>conquirunt,</span> <span class='ocrx_word' id='word_1_136' title='bbox 753 1280 944 1326; x_wconf 84' lang='lat' dir='ltr'>dicentes</span> <span class='ocrx_word' id='word_1_137' title='bbox 967 1302 976 1328; x_wconf 73' lang='grc' dir='ltr'><strong><em>ι</em></strong></span> <span class='ocrx_word' id='word_1_138' title='bbox 1004 1286 1185 1328; x_wconf 87' lang='lat' dir='ltr'>Peccata</span> <span class='ocrx_word' id='word_1_139' title='bbox 1212 1285 1350 1329; x_wconf 86' lang='lat' dir='ltr'>carnis</span> <span class='ocrx_word' id='word_1_140' title='bbox 1369 1288 1482 1329; x_wconf 88' lang='lat' dir='ltr'>Deus</span> 
     </span>
     <span class='ocr_line' id='line_1_19' title="bbox 87 1351 1482 1412; baseline 0.002 -14"><span class='ocrx_word' id='word_1_141' title='bbox 87 1368 179 1398; x_wconf 90' lang='lat' dir='ltr'>non</span> <span class='ocrx_word' id='word_1_142' title='bbox 199 1361 338 1398; x_wconf 86' lang='lat' dir='ltr'>curat.</span> <span class='ocrx_word' id='word_1_143' title='bbox 367 1352 450 1396; x_wconf 89' lang='lat' dir='ltr'>Ubi</span> <span class='ocrx_word' id='word_1_144' title='bbox 465 1361 528 1396; x_wconf 84' lang='lat' dir='ltr'>est</span> <span class='ocrx_word' id='word_1_145' title='bbox 550 1351 671 1412; x_wconf 89' lang='lat' dir='ltr'>quod</span> <span class='ocrx_word' id='word_1_146' title='bbox 700 1351 830 1397; x_wconf 91' lang='lat' dir='ltr'>hodie</span> <span class='ocrx_word' id='word_1_147' title='bbox 853 1353 1121 1399; x_wconf 83' lang='lat' dir='ltr'>audivimus:</span> <span class='ocrx_word' id='word_1_148' title='bbox 1146 1373 1165 1396; x_wconf 91' lang='lat'>«</span> <span class='ocrx_word' id='word_1_149' title='bbox 1182 1357 1482 1401; x_wconf 87' lang='lat' dir='ltr'>Fornicatores</span> 
     </span>
     <span class='ocr_line' id='line_1_20' title="bbox 89 1423 1482 1487; baseline 0.005 -22"><span class='ocrx_word' id='word_1_150' title='bbox 89 1442 111 1466; x_wconf 85' lang='lat'>»</span> <span class='ocrx_word' id='word_1_151' title='bbox 136 1433 180 1469; x_wconf 91' lang='lat' dir='ltr'>et</span> <span class='ocrx_word' id='word_1_152' title='bbox 215 1423 435 1468; x_wconf 90' lang='lat' dir='ltr'>adulteros</span> <span class='ocrx_word' id='word_1_153' title='bbox 466 1423 636 1483; x_wconf 85' lang='lat' dir='ltr'>judicat</span> <span class='ocrx_word' id='word_1_154' title='bbox 673 1425 817 1468; x_wconf 77' lang='lat' dir='ltr'>Deus?</span> <span class='ocrx_word' id='word_1_155' title='bbox 841 1443 860 1465; x_wconf 87' lang='lat'>»</span> <span class='ocrx_word' id='word_1_156' title='bbox 894 1426 1007 1469; x_wconf 89' lang='lat' dir='ltr'>Ecce</span> <span class='ocrx_word' id='word_1_157' title='bbox 1042 1425 1218 1470; x_wconf 88' lang='lat' dir='ltr'>attende</span> <span class='ocrx_word' id='word_1_158' title='bbox 1233 1461 1244 1482; x_wconf 79' lang='lat'>,</span> <span class='ocrx_word' id='word_1_159' title='bbox 1288 1427 1482 1487; x_wconf 89' lang='lat' dir='ltr'>quisquis</span> 
     </span>
     <span class='ocr_line' id='line_1_21' title="bbox 89 1494 1482 1558; baseline 0.002 -19"><span class='ocrx_word' id='word_1_160' title='bbox 89 1494 164 1539; x_wconf 89' lang='lat' dir='ltr'>tali</span> <span class='ocrx_word' id='word_1_161' title='bbox 181 1495 336 1540; x_wconf 89' lang='lat' dir='ltr'>morbo</span> <span class='ocrx_word' id='word_1_162' title='bbox 366 1494 553 1540; x_wconf 85' lang='lat' dir='ltr'>laboras.</span> <span class='ocrx_word' id='word_1_163' title='bbox 579 1494 706 1548; x_wconf 85' lang='lat' dir='ltr'>Quod</span> <span class='ocrx_word' id='word_1_164' title='bbox 728 1494 834 1540; x_wconf 90' lang='lat' dir='ltr'>dicit</span> <span class='ocrx_word' id='word_1_165' title='bbox 852 1498 965 1540; x_wconf 92' lang='lat' dir='ltr'>Deus</span> <span class='ocrx_word' id='word_1_166' title='bbox 984 1495 1087 1540; x_wconf 89' lang='lat' dir='ltr'>audi</span> <span class='ocrx_word' id='word_1_167' title='bbox 1113 1513 1121 1538; x_wconf 74' lang='grc' dir='ltr'>ε</span> <span class='ocrx_word' id='word_1_168' title='bbox 1150 1513 1240 1542; x_wconf 93' lang='lat' dir='ltr'>non</span> <span class='ocrx_word' id='word_1_169' title='bbox 1258 1499 1380 1558; x_wconf 88' lang='lat' dir='ltr'>quod</span> <span class='ocrx_word' id='word_1_170' title='bbox 1401 1499 1482 1543; x_wconf 87' lang='lat' dir='ltr'>tibi</span> 
     </span>
     <span class='ocr_line' id='line_1_22' title="bbox 87 1564 1481 1625; baseline 0.001 -14"><span class='ocrx_word' id='word_1_171' title='bbox 87 1565 195 1612; x_wconf 87' lang='lat' dir='ltr'>dicit</span> <span class='ocrx_word' id='word_1_172' title='bbox 220 1564 370 1611; x_wconf 84' lang='lat' dir='ltr'>favens</span> <span class='ocrx_word' id='word_1_173' title='bbox 389 1565 576 1625; x_wconf 90' lang='lat' dir='ltr'>peccatis</span> <span class='ocrx_word' id='word_1_174' title='bbox 599 1565 684 1610; x_wconf 92' lang='lat' dir='ltr'>tuis</span> <span class='ocrx_word' id='word_1_175' title='bbox 711 1567 880 1610; x_wconf 90' lang='lat' dir='ltr'>animus</span> <span class='ocrx_word' id='word_1_176' title='bbox 904 1575 1004 1611; x_wconf 91' lang='lat' dir='ltr'>tuus</span> <span class='ocrx_word' id='word_1_177' title='bbox 1021 1602 1032 1621; x_wconf 86' lang='lat'><strong>‚</strong></span> <span class='ocrx_word' id='word_1_178' title='bbox 1058 1577 1134 1611; x_wconf 89' lang='lat' dir='ltr'>aut</span> <span class='ocrx_word' id='word_1_179' title='bbox 1160 1567 1313 1612; x_wconf 88' lang='lat' dir='ltr'>eadem</span> <span class='ocrx_word' id='word_1_180' title='bbox 1336 1579 1481 1614; x_wconf 89' lang='lat' dir='ltr'>tecum</span> 
     </span>
     <span class='ocr_line' id='line_1_23' title="bbox 86 1635 1481 1696; baseline 0.002 -15"><span class='ocrx_word' id='word_1_181' title='bbox 86 1637 328 1696; x_wconf 85' lang='lat' dir='ltr'>iniquitatis</span> <span class='ocrx_word' id='word_1_182' title='bbox 349 1645 503 1681; x_wconf 89' lang='lat' dir='ltr'>catena</span> <span class='ocrx_word' id='word_1_183' title='bbox 519 1635 679 1695; x_wconf 78' lang='lat' dir='ltr'>ligatus</span> <span class='ocrx_word' id='word_1_184' title='bbox 701 1636 866 1680; x_wconf 89' lang='lat' dir='ltr'>amicus</span> <span class='ocrx_word' id='word_1_185' title='bbox 882 1644 983 1680; x_wconf 91' lang='lat' dir='ltr'>tuus</span> <span class='ocrx_word' id='word_1_186' title='bbox 998 1670 1008 1690; x_wconf 83' lang='lat'>‚</span> <span class='ocrx_word' id='word_1_187' title='bbox 1028 1636 1098 1680; x_wconf 87' lang='lat' dir='ltr'>vel</span> <span class='ocrx_word' id='word_1_188' title='bbox 1118 1638 1263 1696; x_wconf 90' lang='lat' dir='ltr'>potius</span> <span class='ocrx_word' id='word_1_189' title='bbox 1280 1639 1481 1684; x_wconf 86' lang='lat' dir='ltr'>inimicus</span> 
     </span>
     <span class='ocr_line' id='line_1_24' title="bbox 88 1705 1477 1766; baseline 0.002 -14"><span class='ocrx_word' id='word_1_190' title='bbox 88 1716 190 1752; x_wconf 91' lang='lat' dir='ltr'>tuus</span> <span class='ocrx_word' id='word_1_191' title='bbox 211 1716 255 1752; x_wconf 92' lang='lat' dir='ltr'>et</span> <span class='ocrx_word' id='word_1_192' title='bbox 268 1721 386 1752; x_wconf 88' lang='lat' dir='ltr'>suus.</span> <span class='ocrx_word' id='word_1_193' title='bbox 412 1705 529 1751; x_wconf 79' lang='lat' dir='ltr'>Audi</span> <span class='ocrx_word' id='word_1_194' title='bbox 547 1721 650 1765; x_wconf 86' lang='lat' dir='ltr'>ergo</span> <span class='ocrx_word' id='word_1_195' title='bbox 667 1706 788 1766; x_wconf 94' lang='lat' dir='ltr'>quod</span> <span class='ocrx_word' id='word_1_196' title='bbox 813 1706 919 1750; x_wconf 89' lang='lat' dir='ltr'>dicit</span> <span class='ocrx_word' id='word_1_197' title='bbox 940 1706 1175 1765; x_wconf 83' lang='lat' dir='ltr'>Apostolus</span> <span class='ocrx_word' id='word_1_198' title='bbox 1198 1723 1206 1748; x_wconf 89' lang='lat'>:</span> <span class='ocrx_word' id='word_1_199' title='bbox 1233 1726 1253 1750; x_wconf 91' lang='lat'>«</span> <span class='ocrx_word' id='word_1_200' title='bbox 1273 1710 1477 1754; x_wconf 89' lang='lat' dir='ltr'>Honora-</span> 
     </span>
     <span class='ocr_line' id='line_1_25' title="bbox 90 1777 1480 1839; baseline 0.003 -17"><span class='ocrx_word' id='word_1_201' title='bbox 90 1797 112 1822; x_wconf 87' lang='lat'>»</span> <span class='ocrx_word' id='word_1_202' title='bbox 136 1778 269 1834; x_wconf 77' lang='lat' dir='ltr'>biles,</span> <span class='ocrx_word' id='word_1_203' title='bbox 293 1778 460 1839; x_wconf 84' lang='lat' dir='ltr'>inquit,</span> <span class='ocrx_word' id='word_1_204' title='bbox 482 1777 648 1838; x_wconf 86' lang='lat' dir='ltr'>nuptiae</span> <span class='ocrx_word' id='word_1_205' title='bbox 669 1777 716 1821; x_wconf 92' lang='lat' dir='ltr'>in</span> <span class='ocrx_word' id='word_1_206' title='bbox 740 1777 965 1833; x_wconf 81' lang='lat' dir='ltr'>omnibus,</span> <span class='ocrx_word' id='word_1_207' title='bbox 988 1787 1032 1823; x_wconf 89' lang='lat' dir='ltr'>et</span> <span class='ocrx_word' id='word_1_208' title='bbox 1054 1779 1207 1823; x_wconf 91' lang='lat' dir='ltr'>thorus</span> <span class='ocrx_word' id='word_1_209' title='bbox 1224 1780 1480 1826; x_wconf 88' lang='lat' dir='ltr'>immacula-</span> 
     </span>
     <span class='ocr_line' id='line_1_26' title="bbox 92 1846 1417 1908; baseline 0 -16"><span class='ocrx_word' id='word_1_210' title='bbox 92 1868 113 1892; x_wconf 91' lang='lat'>»</span> <span class='ocrx_word' id='word_1_211' title='bbox 139 1858 224 1895; x_wconf 89' lang='lat' dir='ltr'>tus.</span> <span class='ocrx_word' id='word_1_212' title='bbox 249 1849 552 1894; x_wconf 87' lang='lat' dir='ltr'>Fornicatores</span> <span class='ocrx_word' id='word_1_213' title='bbox 565 1856 711 1892; x_wconf 87' lang='lat' dir='ltr'>autem</span> <span class='ocrx_word' id='word_1_214' title='bbox 734 1857 776 1891; x_wconf 86' lang='lat' dir='ltr'>et</span> <span class='ocrx_word' id='word_1_215' title='bbox 794 1846 1014 1893; x_wconf 88' lang='lat' dir='ltr'>adulteros</span> <span class='ocrx_word' id='word_1_216' title='bbox 1026 1849 1193 1908; x_wconf 87' lang='lat' dir='ltr'>judicat</span> <span class='ocrx_word' id='word_1_217' title='bbox 1210 1853 1366 1895; x_wconf 73' lang='lat' dir='ltr'>Deus2.</span> <span class='ocrx_word' id='word_1_218' title='bbox 1397 1870 1417 1893; x_wconf 92' lang='lat'>»</span> 
     </span>
     <span class='ocr_line' id='line_1_27' title="bbox 147 1917 1480 1979; baseline 0.003 -15"><span class='ocrx_word' id='word_1_219' title='bbox 147 1922 252 1964; x_wconf 87' lang='lat' dir='ltr'>XII.</span> <span class='ocrx_word' id='word_1_220' title='bbox 271 1922 364 1979; x_wconf 85' lang='lat' dir='ltr'>Age</span> <span class='ocrx_word' id='word_1_221' title='bbox 390 1933 518 1977; x_wconf 83' lang='lat' dir='ltr'>ergo,</span> <span class='ocrx_word' id='word_1_222' title='bbox 542 1917 693 1973; x_wconf 83' lang='lat' dir='ltr'>frater,</span> <span class='ocrx_word' id='word_1_223' title='bbox 719 1926 811 1962; x_wconf 90' lang='lat' dir='ltr'>esto</span> <span class='ocrx_word' id='word_1_224' title='bbox 832 1927 1068 1963; x_wconf 88' lang='lat' dir='ltr'>correctus.</span> <span class='ocrx_word' id='word_1_225' title='bbox 1100 1920 1239 1964; x_wconf 88' lang='lat' dir='ltr'>Times</span> <span class='ocrx_word' id='word_1_226' title='bbox 1259 1936 1315 1965; x_wconf 92' lang='lat' dir='ltr'>ne</span> <span class='ocrx_word' id='word_1_227' title='bbox 1344 1931 1388 1966; x_wconf 90' lang='lat' dir='ltr'>te</span> <span class='ocrx_word' id='word_1_228' title='bbox 1409 1924 1480 1968; x_wconf 85' lang='lat' dir='ltr'>in-</span> 
     </span>
     <span class='ocr_line' id='line_1_28' title="bbox 89 1988 1482 2049; baseline 0.001 -12"><span class='ocrx_word' id='word_1_229' title='bbox 89 1991 248 2037; x_wconf 90' lang='lat' dir='ltr'>scribat</span> <span class='ocrx_word' id='word_1_230' title='bbox 268 1990 496 2049; x_wconf 77' lang='lat' dir='ltr'>inimicu53</span> <span class='ocrx_word' id='word_1_231' title='bbox 520 1998 563 2033; x_wconf 91' lang='lat' dir='ltr'>et</span> <span class='ocrx_word' id='word_1_232' title='bbox 585 2004 675 2034; x_wconf 93' lang='lat' dir='ltr'>non</span> <span class='ocrx_word' id='word_1_233' title='bbox 690 1988 814 2033; x_wconf 89' lang='lat' dir='ltr'>times</span> <span class='ocrx_word' id='word_1_234' title='bbox 832 2004 888 2032; x_wconf 89' lang='lat' dir='ltr'>ne</span> <span class='ocrx_word' id='word_1_235' title='bbox 910 1998 954 2033; x_wconf 94' lang='lat' dir='ltr'>te</span> <span class='ocrx_word' id='word_1_236' title='bbox 969 1989 1136 2049; x_wconf 90' lang='lat' dir='ltr'>judicet</span> <span class='ocrx_word' id='word_1_237' title='bbox 1156 1994 1301 2036; x_wconf 76' lang='lat' dir='ltr'>Deus?</span> <span class='ocrx_word' id='word_1_238' title='bbox 1319 1993 1404 2037; x_wconf 91' lang='lat' dir='ltr'>Ubi</span> <span class='ocrx_word' id='word_1_239' title='bbox 1419 2003 1482 2040; x_wconf 90' lang='lat' dir='ltr'>est</span> 
     </span>
     <span class='ocr_line' id='line_1_29' title="bbox 90 2058 1481 2122; baseline 0.001 -15"><span class='ocrx_word' id='word_1_240' title='bbox 90 2062 229 2107; x_wconf 80' lang='lat' dir='ltr'>fides?</span> <span class='ocrx_word' id='word_1_241' title='bbox 253 2060 375 2105; x_wconf 91' lang='lat' dir='ltr'>Time</span> <span class='ocrx_word' id='word_1_242' title='bbox 401 2075 502 2104; x_wconf 91' lang='lat' dir='ltr'>cum</span> <span class='ocrx_word' id='word_1_243' title='bbox 531 2068 595 2104; x_wconf 89' lang='lat' dir='ltr'>est</span> <span class='ocrx_word' id='word_1_244' title='bbox 615 2058 793 2119; x_wconf 88' lang='lat' dir='ltr'>quando</span> <span class='ocrx_word' id='word_1_245' title='bbox 821 2059 985 2104; x_wconf 89' lang='lat' dir='ltr'>timeas.</span> <span class='ocrx_word' id='word_1_246' title='bbox 1024 2062 1173 2120; x_wconf 87' lang='lat' dir='ltr'>Longe</span> <span class='ocrx_word' id='word_1_247' title='bbox 1210 2070 1274 2106; x_wconf 91' lang='lat' dir='ltr'>est</span> <span class='ocrx_word' id='word_1_248' title='bbox 1301 2063 1481 2122; x_wconf 90' lang='lat' dir='ltr'>quidem</span> 
     </span>
     <span class='ocr_line' id='line_1_30' title="bbox 91 2129 1483 2193; baseline 0.002 -17"><span class='ocrx_word' id='word_1_249' title='bbox 91 2131 181 2177; x_wconf 87' lang='lat' dir='ltr'>dies</span> <span class='ocrx_word' id='word_1_250' title='bbox 191 2129 346 2192; x_wconf 85' lang='lat' dir='ltr'>judicii</span> <span class='ocrx_word' id='word_1_251' title='bbox 363 2149 372 2175; x_wconf 74' lang='grc' dir='ltr'>ε</span> <span class='ocrx_word' id='word_1_252' title='bbox 388 2130 464 2175; x_wconf 93' lang='lat' dir='ltr'>sed</span> <span class='ocrx_word' id='word_1_253' title='bbox 484 2130 829 2190; x_wconf 85' lang='lat' dir='ltr'>uniuscujusque</span> <span class='ocrx_word' id='word_1_254' title='bbox 842 2130 1031 2174; x_wconf 84' lang='lat' dir='ltr'>hominis</span> <span class='ocrx_word' id='word_1_255' title='bbox 1047 2131 1137 2175; x_wconf 90' lang='lat' dir='ltr'>dies</span> <span class='ocrx_word' id='word_1_256' title='bbox 1151 2130 1334 2177; x_wconf 87' lang='lat' dir='ltr'>ultimus</span> <span class='ocrx_word' id='word_1_257' title='bbox 1350 2132 1483 2193; x_wconf 88' lang='lat' dir='ltr'>longe</span> 
     </span>
     <span class='ocr_line' id='line_1_31' title="bbox 93 2199 1481 2261; baseline 0.001 -14"><span class='ocrx_word' id='word_1_258' title='bbox 93 2217 183 2247; x_wconf 90' lang='lat' dir='ltr'>esse</span> <span class='ocrx_word' id='word_1_259' title='bbox 200 2216 290 2247; x_wconf 91' lang='lat' dir='ltr'>non</span> <span class='ocrx_word' id='word_1_260' title='bbox 312 2208 477 2261; x_wconf 78' lang='lat' dir='ltr'>potest3</span> <span class='ocrx_word' id='word_1_261' title='bbox 494 2199 596 2260; x_wconf 89' lang='lat' dir='ltr'>quia</span> <span class='ocrx_word' id='word_1_262' title='bbox 610 2199 752 2244; x_wconf 87' lang='lat' dir='ltr'>brevis</span> <span class='ocrx_word' id='word_1_263' title='bbox 772 2208 834 2244; x_wconf 89' lang='lat' dir='ltr'>est</span> <span class='ocrx_word' id='word_1_264' title='bbox 854 2199 956 2244; x_wconf 88' lang='lat' dir='ltr'>vita.</span> <span class='ocrx_word' id='word_1_265' title='bbox 982 2202 1040 2244; x_wconf 90' lang='lat' dir='ltr'>Et</span> <span class='ocrx_word' id='word_1_266' title='bbox 1063 2201 1165 2261; x_wconf 90' lang='lat' dir='ltr'>quia</span> <span class='ocrx_word' id='word_1_267' title='bbox 1185 2202 1277 2261; x_wconf 90' lang='lat' dir='ltr'>ipsa</span> <span class='ocrx_word' id='word_1_268' title='bbox 1295 2203 1481 2249; x_wconf 86' lang='lat' dir='ltr'>brevitas</span> 
     </span>
     <span class='ocr_line' id='line_1_32' title="bbox 92 2269 1480 2332; baseline 0.001 -15"><span class='ocrx_word' id='word_1_269' title='bbox 92 2287 263 2332; x_wconf 86' lang='lat' dir='ltr'>semper</span> <span class='ocrx_word' id='word_1_270' title='bbox 285 2272 465 2326; x_wconf 83' lang='lat' dir='ltr'>incerta,</span> <span class='ocrx_word' id='word_1_271' title='bbox 486 2270 663 2330; x_wconf 88' lang='lat' dir='ltr'>quando</span> <span class='ocrx_word' id='word_1_272' title='bbox 680 2269 734 2315; x_wconf 93' lang='lat' dir='ltr'>sit</span> <span class='ocrx_word' id='word_1_273' title='bbox 745 2269 835 2314; x_wconf 90' lang='lat' dir='ltr'>dies</span> <span class='ocrx_word' id='word_1_274' title='bbox 854 2279 954 2315; x_wconf 88' lang='lat' dir='ltr'>tuus</span> <span class='ocrx_word' id='word_1_275' title='bbox 972 2270 1169 2327; x_wconf 86' lang='lat' dir='ltr'>ultimus,</span> <span class='ocrx_word' id='word_1_276' title='bbox 1190 2273 1342 2318; x_wconf 85' lang='lat' dir='ltr'>nescis.</span> <span class='ocrx_word' id='word_1_277' title='bbox 1369 2275 1480 2319; x_wconf 89' lang='lat' dir='ltr'>Cor-</span> 
     </span>
     <span class='ocr_line' id='line_1_33' title="bbox 92 2341 1480 2402; baseline 0.002 -15"><span class='ocrx_word' id='word_1_278' title='bbox 92 2343 185 2402; x_wconf 89' lang='lat' dir='ltr'>rige</span> <span class='ocrx_word' id='word_1_279' title='bbox 205 2353 249 2388; x_wconf 92' lang='lat' dir='ltr'>te</span> <span class='ocrx_word' id='word_1_280' title='bbox 269 2342 400 2386; x_wconf 90' lang='lat' dir='ltr'>hodie</span> <span class='ocrx_word' id='word_1_281' title='bbox 415 2376 426 2396; x_wconf 81' lang='lat'><strong>‚</strong></span> <span class='ocrx_word' id='word_1_282' title='bbox 451 2350 628 2400; x_wconf 89' lang='lat' dir='ltr'>propter</span> <span class='ocrx_word' id='word_1_283' title='bbox 652 2356 759 2385; x_wconf 78' lang='lat' dir='ltr'>cras,</span> <span class='ocrx_word' id='word_1_284' title='bbox 788 2341 928 2385; x_wconf 89' lang='lat' dir='ltr'>Prosit</span> <span class='ocrx_word' id='word_1_285' title='bbox 946 2341 1025 2385; x_wconf 90' lang='lat' dir='ltr'>tibi</span> <span class='ocrx_word' id='word_1_286' title='bbox 1043 2351 1085 2385; x_wconf 90' lang='lat' dir='ltr'>et</span> <span class='ocrx_word' id='word_1_287' title='bbox 1102 2343 1234 2388; x_wconf 90' lang='lat' dir='ltr'>modo</span> <span class='ocrx_word' id='word_1_288' title='bbox 1250 2344 1295 2387; x_wconf 90' lang='lat' dir='ltr'>in</span> <span class='ocrx_word' id='word_1_289' title='bbox 1315 2355 1480 2390; x_wconf 89' lang='lat' dir='ltr'>secreto</span> 
     </span>
     <span class='ocr_line' id='line_1_34' title="bbox 93 2410 1481 2473; baseline 0.001 -14"><span class='ocrx_word' id='word_1_290' title='bbox 93 2413 324 2473; x_wconf 87' lang='lat' dir='ltr'>correptio.</span> <span class='ocrx_word' id='word_1_291' title='bbox 346 2411 494 2457; x_wconf 88' lang='lat' dir='ltr'>Palam</span> <span class='ocrx_word' id='word_1_292' title='bbox 511 2411 626 2455; x_wconf 88' lang='lat' dir='ltr'>enim</span> <span class='ocrx_word' id='word_1_293' title='bbox 648 2410 822 2471; x_wconf 88' lang='lat' dir='ltr'>loquor,</span> <span class='ocrx_word' id='word_1_294' title='bbox 847 2420 890 2455; x_wconf 91' lang='lat' dir='ltr'>et</span> <span class='ocrx_word' id='word_1_295' title='bbox 912 2411 955 2455; x_wconf 87' lang='lat' dir='ltr'>in</span> <span class='ocrx_word' id='word_1_296' title='bbox 978 2421 1143 2458; x_wconf 85' lang='lat' dir='ltr'>secreto</span> <span class='ocrx_word' id='word_1_297' title='bbox 1166 2428 1314 2472; x_wconf 87' lang='lat' dir='ltr'>arguo.</span> <span class='ocrx_word' id='word_1_298' title='bbox 1341 2418 1481 2461; x_wconf 84' lang='lat' dir='ltr'>Aures</span> 
     </span>
    </p>
   </div>
   <div class='ocr_carea' id='block_1_5' title="bbox 139 2507 903 2550">
    <p class='ocr_par' dir='ltr' id='par_1_5' title="bbox 139 2507 903 2550">
     <span class='ocr_line' id='line_1_35' title="bbox 139 2507 903 2550; baseline -0.004 -7"><span class='ocrx_word' id='word_1_299' title='bbox 139 2516 147 2533; x_wconf 92' lang='lat'><strong>¹</strong></span> <span class='ocrx_word' id='word_1_300' title='bbox 171 2510 278 2543; x_wconf 86' lang='lat' dir='ltr'>Florus</span> <span class='ocrx_word' id='word_1_301' title='bbox 296 2510 335 2543; x_wconf 90' lang='lat' dir='ltr'>ad</span> <span class='ocrx_word' id='word_1_302' title='bbox 358 2508 456 2542; x_wconf 82' lang='lat' dir='ltr'>Hebr.</span> <span class='ocrx_word' id='word_1_303' title='bbox 469 2518 545 2542; x_wconf 77' lang='lat' dir='ltr'>xut.</span> <span class='ocrx_word' id='word_1_304' title='bbox 566 2523 608 2531; x_wconf 93' lang='lat'>-</span> <span class='ocrx_word' id='word_1_305' title='bbox 627 2513 640 2531; x_wconf 81' lang='lat'><em>²</em></span> <span class='ocrx_word' id='word_1_306' title='bbox 660 2507 759 2541; x_wconf 84' lang='lat' dir='ltr'>Hebr.</span> <span class='ocrx_word' id='word_1_307' title='bbox 779 2518 851 2547; x_wconf 82' lang='lat' dir='ltr'>xm,</span> <span class='ocrx_word' id='word_1_308' title='bbox 870 2507 903 2550; x_wconf 76' lang='grc'>4.</span> 
     </span>
    </p>
   </div>
  </div>
 </body>
</html>
