1898 3178
368 234 450 274 364
801 246 833 274 s.
869 245 1099 275 Aucusnm
1133 250 1312 277 Emscorl

366 320 429 355 cst
461 312 577 355 enim
608 312 800 356 Unicus:
834 312 952 356 aliud
982 312 1189 372 adoptati.
1224 314 1302 358 Ille
1336 315 1744 371 commendabatur,

366 382 483 426 unde
518 386 602 426 Lex
639 391 681 426 et
705 383 932 441 Prophetae
961 383 1271 441 gloriabantur.
1298 404 1317 427 «
1341 387 1419 429 Hic
1450 395 1540 442 est,
1581 387 1745 446 inquit,

368 470 388 493 »
426 453 559 496 Filius
600 468 719 496 meus
751 451 959 510 dilectus,
997 455 1041 498 in
1073 470 1161 515 quo
1194 455 1301 498 mihi
1335 456 1445 499 bene
1481 457 1745 515 complacui,

368 541 387 564 »
424 526 569 582 Ipsum
594 523 753 567 audite.
784 542 802 564 »
824 524 935 577 Quia
957 525 1057 568 etin
1075 525 1299 585 Prophetis
1316 525 1456 585 ipsum
1480 527 1681 582 audistis,
1706 536 1750 571 et

364 594 408 637 in
433 597 545 652 Lege
566 594 708 653 ipsum
739 593 931 639 audistis.
958 597 1014 639 Et
1033 595 1111 639 ubi
1140 611 1228 640 non
1252 596 1393 654 ipsum
1427 597 1633 641 audistis?
1657 601 1750 642 Hoc

365 665 512 709 audito
528 699 538 719 ‚
563 664 626 708 illi
649 666 901 710 ceciderunt
920 665 964 710 in
992 675 1163 710 terram.
1202 669 1297 710 Jam
1321 666 1645 712 demonstratur
1667 684 1750 713 no-

363 735 454 789 his,
480 735 525 778 in
558 735 748 780 Ecclesia
785 752 967 796 regnum
999 738 1090 780 Dei.
1120 738 1198 781 llic
1236 737 1466 792 Dominus,
1497 737 1566 781 hic
1587 740 1687 782 'Lex
1708 747 1752 782 et

366 805 616 864 Propheta-,3
636 805 710 850 sed
727 807 933 851 Dominus
949 816 1156 867 tanquam
1172 806 1381 851 Dominus
1397 810 1505 852 :Lex
1520 807 1566 851 in
1578 811 1748 866 Moyse,

364 878 594 936 Prophetia
617 879 661 922 in
684 878 802 936 Elia,
840 878 915 923 sed
938 879 1018 938 ipsi
1042 887 1249 938 tanquam
1272 880 1404 934 servi,
1431 888 1642 939 tanquam
1667 881 1751 924 mi-

363 948 500 992 nistri.
525 949 610 1007 Ipsi
631 958 838 1009 tanquam
862 965 960 994 vasa
983 969 991 994 :
1018 950 1108 1009 ipse
1129 958 1336 1010 tanquam
1366 950 1480 995 fons.
1513 953 1684 1009 Moyses
1706 959 1751 995 et

364 1020 592 1078 Prophetae
616 1018 842 1075 dicebant,
868 1028 911 1063 et
934 1020 1209 1065 scribebant:
1230 1020 1306 1064 sed
1330 1019 1384 1065 de
1401 1020 1477 1065 illo
1499 1020 1748 1080 impleban-

364 1098 434 1132 tur
451 1088 628 1148 quando
646 1088 907 1134 fundebant.

422 1163 474 1204 V.
501 1161 710 1204 Dominus
731 1170 875 1205 autem
898 1161 1085 1220 porrexit
1106 1177 1302 1216 manum,
1325 1171 1368 1206 et
1384 1162 1583 1207 excitavit
1598 1164 1751 1223 jacen-

365 1241 439 1275 tes.
463 1232 629 1276 Deinde
646 1233 865 1277 neminem
889 1232 1115 1288 viderunt,
1142 1234 1223 1278 nisi
1250 1233 1390 1278 solum
1414 1236 1601 1279 Jesum¹.
1639 1234 1751 1288 Quid

362 1303 443 1347 sibi
467 1304 549 1348 hoc
566 1303 692 1348 vult?
723 1303 912 1349 Audistis
930 1320 1032 1349 cum
1050 1303 1286 1364 Apostolus
1316 1305 1533 1364 legeretur
1555 1325 1565 1351 ι
1593 1324 1614 1348 «
1639 1308 1749 1359 Quia

366 1393 385 1415 »
420 1374 616 1418 videmus
637 1390 755 1418 nunc
778 1390 854 1434 per
876 1375 1103 1434 speculum
1127 1375 1172 1418 in
1195 1375 1449 1432 aenigmate,
1476 1384 1582 1420 tunc
1604 1385 1749 1420 autem

366 1462 385 1484 »
422 1444 530 1488 facie
558 1445 613 1488 ad
632 1444 788 1489 faciem
809 1448 842 1489 ².
870 1463 890 1486 υ
917 1448 974 1489 Et
994 1445 1155 1502 linguae
1183 1445 1543 1501 evacuabuntur,
1569 1447 1750 1505 quando

361 1515 527 1559 venerit
543 1514 654 1559 illud
675 1515 796 1575 quod
818 1514 949 1560 modo
971 1530 1192 1574 speramus
1214 1525 1258 1560 et
1277 1515 1509 1560 credimus.
1536 1517 1665 1569 Quod
1688 1516 1749 1561 illi

363 1600 465 1643 ergo
503 1585 558 1629 ad
593 1593 752 1629 terram
791 1586 1067 1640 ceciderunt,
1102 1586 1186 1630 hoc
1221 1586 1594 1643 significaverunt,
1630 1587 1751 1646 quod

363 1657 573 1700 morimur
601 1676 608 1701 :
635 1657 735 1717 quia
759 1656 927 1700 dictum
951 1666 1014 1700 est
1040 1657 1159 1701 carni
1187 1676 1195 1701 :
1223 1675 1243 1699 «
1267 1660 1396 1701 Terra
1418 1673 1461 1701 es
1478 1692 1488 1710 ‚
1523 1667 1567 1703 et
1592 1659 1638 1702 in
1660 1667 1750 1703 ter-

366 1748 384 1769 »
421 1743 510 1771 ram
534 1728 655 1771 ibis3.
686 1747 705 1770 »
735 1728 918 1781 Quando
955 1744 1058 1773 vero
1081 1744 1152 1773 eos
1184 1730 1393 1774 Dominus
1421 1729 1579 1785 erexit,
1605 1746 1749 1775 resur-

362 1799 599 1842 rectionem
622 1798 893 1856 significavit.
929 1802 1030 1844 Post
1059 1799 1419 1843 resurrectionem
1453 1808 1502 1842 ut
1539 1801 1647 1858 quid
1672 1801 1750 1844 tibi

364 1870 480 1910 Lex?
502 1877 551 1910 ut
574 1869 680 1926 quid
704 1869 782 1911 tibi
799 1869 1057 1926 Prophetia?
1076 1868 1180 1912 Ideo
1195 1884 1283 1912 non
1302 1877 1479 1927 apparet
1502 1868 1637 1924 Elias,
1658 1886 1747 1914 non

362 1947 538 1997 apparet
568 1941 752 1995 Moyses.
782 1941 993 1982 Remanet
1012 1939 1091 1982 tibi
1119 1959 1126 1984 ι
1158 1958 1178 1981 «
1209 1942 1259 1982 In
1282 1939 1492 1998 principio
1528 1950 1618 1985 erat
1641 1944 1750 1985 Ver-

365 2027 384 2049 »
421 2009 525 2051 bum
540 2043 550 2063 ,
576 2017 618 2052 et
652 2007 846 2051 Verbum
867 2018 958 2052 erat
979 2009 1096 2067 apud
1135 2012 1298 2065 Deum,
1322 2019 1365 2054 et
1386 2013 1499 2054 Deus
1522 2020 1613 2055 erat
1637 2014 1747 2055 Ver-

365 2097 384 2119 »
421 2079 524 2122 bum
539 2080 569 2121 4.
598 2096 617 2119 »
644 2081 861 2123 Remanet
880 2079 981 2133 tibi,
1006 2088 1055 2123 ut
1077 2079 1131 2122 sit
1153 2082 1265 2123 Deus
1288 2080 1432 2125 omnia
1458 2081 1502 2124 in
1524 2083 1743 2126 omnibus.

364 2150 429 2192 Ibi
447 2150 525 2193 erit
538 2151 731 2206 Moyses,
751 2148 825 2192 sed
836 2150 924 2209 jam
945 2165 1034 2194 non
1050 2152 1151 2193 Lex.
1170 2150 1426 2195 Videbimus
1444 2152 1504 2195 ibi
1518 2161 1560 2195 et
1580 2152 1745 2211 Eliam3

362 2220 436 2263 sed
452 2221 541 2279 jam
564 2235 653 2264 non
681 2220 958 2278 Prophetam.
986 2223 1073 2263 Lex
1098 2220 1212 2264 enim
1237 2230 1279 2265 et
1302 2222 1532 2281 Prophetae
1549 2223 1745 2268 testimo·

364 2291 483 2333 uium
507 2292 825 2350 perhibuerunt
846 2291 1018 2335 Christo
1034 2326 1045 2345 ,
1079 2292 1180 2350 quia
1204 2302 1423 2351 oporteret
1446 2308 1545 2336 eum
1569 2294 1682 2352 pati,
1703 2305 1746 2339 et

362 2359 431 2403 die
456 2362 578 2405 tertia
598 2376 818 2420 resurgere
837 2377 859 2405 a
877 2361 1073 2415 mortuis,
1094 2371 1136 2405 et
1157 2363 1316 2406 intrare
1334 2364 1377 2406 in
1396 2362 1578 2421 gloriam
1602 2378 1740 2409 suam.

367 2429 448 2472 Ubi
484 2430 726 2490 completur
747 2430 856 2475 illud
880 2431 998 2492 quod
1029 2432 1114 2475 suis
1151 2432 1432 2477 dilectoribus
1461 2434 1705 2493 repromisit
1732 2458 1741 2481 ;

424 2532 432 2546 ¹
462 2526 579 2558 Matth.
608 2539 689 2569 xvu,
721 2539 752 2569 7,
777 2528 809 2561 8.
837 2545 877 2551 —-
898 2535 911 2550 ²
943 2540 951 2560 ι
981 2531 1051 2561 Cor.
1081 2539 1156 2570 xm,
1186 2537 1235 2567 12,
1256 2534 1319 2562 etc.
1346 2547 1385 2553 —
1408 2529 1419 2552 3
1439 2534 1517 2563 Gen.
1547 2542 1597 2567 ιιι,
1633 2543 1679 2573 ¹9-
1704 2550 1745 2555 —

366 2579 380 2609 so
395 2582 484 2613 Joan.
505 2593 526 2622 ι,
547 2593 574 2613 ι.

1830 348 1833 366 Ι

1843 2452 1846 2506 ἰ
