1898 3178
347 218 483 246 senno
515 217 612 255 Lxx,
647 217 701 244 nn
734 215 880 245 vmims
910 217 1076 247 uum.
1111 219 1189 246 vn.
1374 208 1453 246 231

21 311 23 335 2
81 282 300 328 monendo
317 298 416 337 nos,
455 290 498 325 et
518 279 736 325 hortando
756 289 799 325 et
809 282 1006 340 jubendo
1026 291 1078 328 ut
1097 290 1295 342 petamus
1310 317 1321 338 ,
1344 298 1460 342 quae-

81 369 247 409 ramus,
269 353 512 413 pulsemus3
531 349 804 394 attendamus
824 360 867 395 et
893 367 972 397 nos
992 353 1069 413 qui
1090 368 1114 397 a
1134 351 1260 397 nobis
1284 361 1456 412 petunt.

22 467 23 477 ,
83 425 273 469 Petimus
289 438 383 467 nos.
401 425 439 466 A
460 436 548 482 quo
565 422 780 480 petimus?
800 421 877 480 qui
893 423 1106 480 petimus?
1122 422 1232 483 quid
1247 422 1461 482 petimus?

81 499 118 540 A
139 509 249 555 quo,
271 493 341 537 vel
362 493 461 552 qui,
485 492 556 537 vel
577 491 683 552 quid
703 492 916 551 petimus?
943 493 1133 537 Petimus
1155 508 1180 537 a
1200 496 1291 538 Deo
1306 493 1423 538 bono
1447 513 1458 538 :

80 566 267 625 petimus
291 564 489 608 homines
516 562 646 606 mali:
682 562 869 622 petimus
899 571 1045 607 autem
1074 564 1308 623 justitiam,
1340 564 1462 609 unde

23 669 25 678 2
80 637 212 682 simus
233 634 354 679 boni.
382 636 475 678 Hoc
504 648 606 693 ergo
635 633 822 693 petimus
852 633 972 694 quod
994 635 1040 678 in
1061 643 1273 678 aeternum
1298 635 1464 680 habea-

20 750 25 766 ,
81 721 178 751 mus
200 725 209 751 ε
234 720 324 765 quo
345 719 446 749 cum
468 704 647 749 saturati
669 703 901 759 fuerimus,
930 703 1112 748 ulterius
1132 719 1222 749 non
1242 720 1460 764 egeamus.

4 771 25 814 A}
83 777 167 822 Sed
189 785 236 821 ut
248 784 514 830 saturemur,
539 775 775 819 esuriamus
798 783 842 819 et
860 774 1053 819 sitiamus
1069 795 1081 833 3
1100 775 1329 821 esuriendo
1345 785 1389 820 et
1404 777 1464 820 si-

80 846 230 891 tiendo
251 856 471 905 petamus,
496 860 763 905 quaeramus,
787 844 1024 904 pulsemus.
1053 864 1075 887 «
1112 846 1233 890 Beati
1254 847 1370 890 enim
1390 847 1466 907 qui

21 922 27 970 ζ
82 935 103 959 n
133 918 332 962 esuriunt
350 926 392 961 et
404 917 555 961 sitiunt
573 917 787 977 justitiam
800 918 860 960 ¹.»
880 919 1023 970 Quare
1036 916 1177 961 beati?
1194 917 1406 963 Esuriunt
1422 926 1466 961 et

25 983 27 990 λ
80 988 255 1043 sitiunt,
280 997 324 1032 et
343 987 460 1031 beati
481 989 606 1031 sunt?
627 986 878 1047 Aliquando
906 987 1024 1031 enim
1045 996 1210 1046 egestas
1231 988 1358 1032 beata
1377 989 1467 1032 est?

25 1045 27 1055 y
78 1061 176 1104 Non
191 1058 294 1102 inde
311 1058 427 1102 beati
442 1067 565 1113 sunt,
586 1058 688 1118 quia
703 1058 899 1103 esuriunt
912 1067 956 1102 et
971 1058 1146 1115 sitiunt,
1170 1057 1243 1103 sed
1267 1059 1370 1118 quia
1386 1059 1466 1118 ipsi

79 1127 407 1173 saturabuntur.
429 1127 497 1170 Ibi
514 1128 595 1171 erit
610 1128 835 1172 beatitudo
847 1128 892 1172 in
907 1129 1132 1172 saturitate
1143 1162 1154 1183 ,
1171 1143 1261 1173 non
1276 1128 1321 1171 in
1334 1126 1465 1172 fame.

25 1198 27 1260 ᾗ
81 1199 166 1243 Sed
188 1198 407 1258 praecedat
424 1198 694 1242 saturitatem
716 1196 850 1243 fames
863 1233 874 1253 ,
894 1212 950 1242 ne
961 1196 1185 1243 fastidium
1207 1213 1296 1243 non
1312 1212 1467 1257 perve-

26 1262 27 1303 Ῠ
78 1269 168 1312 niat
188 1268 244 1312 ad
259 1283 406 1327 panes.

26 1378 29 1400 Ι,
136 1341 258 1383 VIII.
281 1341 399 1398 Ergo
415 1337 622 1394 diximus,
643 1354 666 1382 a
679 1353 767 1398 quo
784 1347 1008 1397 petamUS,
1027 1338 1104 1398 qui
1116 1346 1336 1397 petamus,
1354 1339 1464 1398 quid

78 1418 290 1469 petamus.
308 1408 392 1454 Sed
408 1410 571 1468 petitur
587 1417 630 1453 et
648 1424 671 1452 a
688 1407 828 1453 nobis.
849 1407 1042 1453 Mendici
1059 1407 1176 1452 enim
1193 1409 1271 1452 Dei
1287 1423 1464 1454 sumus:

26 1515 29 1534 ς
76 1489 126 1524 ut
148 1489 352 1538 agnoscat
372 1479 446 1523 ille
477 1481 698 1524 mendicos
726 1495 850 1535 suos,
875 1493 1156 1537 agnoscamus
1180 1488 1224 1524 et
1252 1495 1330 1524 nos
1359 1495 1464 1525 nos-

27 1548 29 1567 *
77 1558 179 1594 tros.
209 1551 293 1594 Sed
313 1558 357 1594 et
377 1550 438 1594 ibi
455 1550 583 1595 etiam
606 1550 870 1609 cogitemus,
894 1549 1073 1609 quando
1092 1550 1256 1609 petitur
1276 1565 1300 1595 a
1316 1550 1460 1606 nobis,

28 1629 29 1666 1
76 1621 153 1681 qui
173 1629 354 1680 petunt,
379 1636 402 1665 a
424 1621 584 1681 quibus
615 1629 797 1680 petunt,
834 1621 943 1680 quid
963 1628 1137 1679 petunt.
1169 1621 1250 1673 Qui
1282 1623 1467 1680 petunt?

27 1686 29 1746 J
76 1692 300 1735 Homines.
325 1695 363 1736 A
385 1692 546 1750 quibus
571 1693 754 1750 petunt?
785 1690 854 1734 Ab
871 1690 1141 1735 hominibus.
1167 1691 1253 1744 Qui
1275 1692 1465 1750 petunt?

28 1751 30 1821 ζ
74 1760 293 1805 Mortales.
329 1764 367 1805 A
394 1761 554 1820 quibus
582 1762 766 1820 petunt?
795 1764 832 1806 A
859 1759 1134 1805 mortalibus.
1165 1761 1248 1814 Qui
1274 1762 1463 1820 petunt?

75 1831 282 1891 Fragiles.
308 1835 346 1876 A
367 1832 526 1891 quibus
543 1833 725 1891 petunt?
746 1835 784 1876 A
804 1831 1047 1890 fragilibus.
1069 1832 1156 1885 Qui
1174 1834 1356 1891 petunt?
1377 1833 1462 1878 Mi-

29 1906 31 1940 !
75 1902 172 1946 seri.
200 1905 237 1947 A
265 1903 425 1962 quibus
444 1903 631 1960 petunt?
654 1905 691 1946 A
713 1902 892 1946 miseris.
917 1904 1108 1961 Excepta
1134 1902 1374 1948 substantia
1395 1903 1461 1948 fa-

19 1977 31 2003 *2
75 1972 289 2017 cultatum
302 2007 313 2028 ,
332 1972 438 2016 tales
459 1981 562 2017 sunt
579 1973 656 2032 qui
676 1981 834 2032 petunt
848 2007 859 2027 ‚
883 1971 1032 2031 quales
1050 1981 1151 2017 sunt
1171 1988 1195 2017 a
1216 1973 1376 2032 quibus
1388 1988 1463 2033 pe-

30 2057 31 2064 *
74 2051 189 2087 tunt.
215 2045 358 2096 Quam
379 2042 569 2087 frontem
592 2041 934 2102 habes'petendo
963 2041 1017 2086 ad
1047 2043 1283 2088 Dominum
1307 2052 1458 2099 tuum,

29 2116 32 2146 ἕ
75 2114 261 2174 quinon
289 2113 482 2172 agnoscis
500 2128 648 2172 parem
675 2115 830 2157 tuum?
857 2115 957 2159 Non
984 2128 1105 2169 sum,
1139 2114 1303 2174 inquit,
1330 2113 1457 2161 talis:

31 2219 46 2235 .,
76 2183 186 2228 absit
206 2199 230 2227 a
246 2198 338 2238 me,
364 2192 413 2228 ut
436 2183 530 2227 talis
551 2184 646 2227 sim.
674 2184 857 2228 Inflatus
879 2184 1144 2228 obsericatus
1164 2184 1245 2228 ista
1266 2183 1461 2244 loquitur

75 2253 131 2299 de
149 2269 358 2313 pannoso.
387 2253 472 2298 Sed
505 2268 585 2312 ego
615 2253 756 2298 nudos
784 2254 1019 2312 interrogo·
1044 2256 1141 2300 Non
1172 2255 1393 2314 interrogo
1413 2255 1461 2300 in

75 2325 268 2369 vestibus
281 2359 292 2379 ,
316 2324 466 2383 quales
480 2325 590 2379 sitis,
611 2325 686 2369 sed
698 2325 847 2384 quales
863 2326 955 2370 nati
969 2324 1150 2370 fueritiS.
1171 2325 1315 2371 Ambo
1331 2325 1457 2381 nudi,

29 2414 34 2432 ι
77 2394 206 2440 ambo
225 2394 411 2449 infirmi,
441 2394 638 2439 miseram
654 2395 787 2440 vitam
804 2396 1079 2451 inchoantes,
1098 2393 1197 2441 ideo
1214 2394 1344 2441 ambo
1364 2394 1460 2455 plo-

80 2474 236 2509 rantes.

129 2557 136 2572 ¹
157 2550 267 2582 Matth.
294 2559 326 2587 v,
343 2549 375 2581 6.
