1898 3178
446 240 526 275 292
868 247 899 274 s.
936 248 1166 275 Aucusum
1201 248 1381 275 El’lscom
1872 260 1875 290 f

434 330 521 373 que
552 315 667 358 enim
693 313 860 357 dictum
876 321 940 356 est
966 332 975 357 :
1001 316 1099 359 Non
1123 315 1372 358 remittetur
1395 313 1464 367 ei,
1489 312 1570 356 nisi
1586 311 1636 355 in
1657 311 1822 371 baptis·
1871 295 1875 375 i

435 399 508 429 mo
536 404 545 429 :
569 383 661 438 sed,
681 385 817 429 «Non
838 383 1101 440 remittetur,
1125 384 1287 445 inquit,
1314 399 1456 444 neque
1478 383 1523 426 in
1540 383 1624 427 hoc
1647 382 1821 437 saeculo,
1869 373 1873 403 ¹

444 473 464 496 »
500 469 644 513 neque
665 453 711 496 in
728 453 896 498 futuro.
921 471 942 495 »

498 523 844 568 VILNonnullis
864 523 1040 568 videtur
1052 539 1124 569 eos
1141 524 1446 569 tantummodo
1464 538 1642 583 peccare
1664 522 1710 566 in
1736 521 1829 580 Spi-

439 593 572 637 ritum
596 602 796 638 sanctum
817 629 828 649 ‚
852 593 929 654 qui
950 593 1120 639 lavacro
1142 593 1476 653 regenerationis
1504 592 1641 636 abluti
1671 591 1716 634 in
1739 593 1826 635 Ec-
1865 581 1891 646 3-;

436 663 563 708 clesia
583 699 593 717 ,
618 672 661 707 et
683 673 861 723 accepto
885 664 1047 723 Spiritu
1069 674 1236 719 sancto,
1257 662 1380 708 velut
1397 671 1519 707 tanto
1540 671 1688 721 postea
1711 660 1828 706 dono
1863 659 1885 712 1⁴1

438 733 672 778 Salvatoris
690 734 875 793 ingrati,
909 733 1133 779 mortifero
1156 734 1303 793 aliquo
1325 742 1502 793 peccato
1532 748 1575 776 se
1608 732 1828 776 immerse-
1863 725 1874 787 ²,

436 804 524 848 rint
547 824 554 848 :
583 804 730 864 qualia
768 814 870 849 sunt
898 805 967 849 vel
1004 804 1240 859 adulteria,
1265 804 1335 848 vel
1355 802 1612 858 homicidia,
1644 802 1714 847 vel
1740 802 1828 861 ipsa
1874 838 1881 842 ,,

437 873 666 930 discessio,
697 875 785 919 sive
820 875 940 920 omni
968 874 1101 920 modo
1123 891 1147 918 a
1181 874 1357 919 nomine
1390 873 1646 927 christiano,
1684 873 1771 916 sive
1805 888 1828 916 a
1860 863 1898 927 Ι

441 943 653 989 catholica
690 944 898 990 Ecclesia.
928 945 1012 990 Sed
1038 945 1117 988 iste
1146 960 1294 988 sensus
1328 944 1447 988 unde
1471 942 1646 1003 probari
1668 942 1826 1002 possit,
1894 981 1898 994 ,.

439 1015 595 1074 ignoro
617 1035 625 1059 :
652 1031 754 1060 cum
777 1025 819 1060 et
841 1015 1115 1074 poenitentiae
1153 1030 1433 1076 quorumque
1457 1014 1688 1059 criminum
1711 1013 1831 1057 locus
1857 952 1898 1082 33

436 1085 484 1127 in
505 1084 698 1129 Ecclesia
722 1100 812 1129 non
836 1094 1020 1143 negetur
1036 1106 1047 1143 3
1064 1094 1106 1128 et
1126 1086 1239 1144 ipsos
1256 1085 1482 1129 haereticos
1501 1085 1555 1127 ad
1575 1085 1657 1128 hoc
1678 1083 1829 1143 utique
1855 1068 1896 1143 333

439 1154 737 1213 corripiendos
760 1153 875 1198 dicat
888 1154 1143 1212 Apostolus:
1161 1157 1253 1199 «Ne
1271 1154 1383 1198 forte
1405 1154 1480 1197 det
1496 1152 1580 1196 illis
1600 1157 1712 1197 Deus
1732 1168 1829 1212 poe·
1854 1148 1858 1214 3

439 1243 459 1266 »
495 1225 725 1268 nitentiam
746 1224 800 1268 ad
823 1224 1173 1283 cognoscendam
1195 1224 1424 1267 veritatem
1442 1258 1453 1278 ,
1474 1231 1517 1266 et
1535 1223 1786 1282 resipiscant
1807 1238 1831 1266 a
1851 1215 1856 1261 3

441 1313 462 1335 »
497 1294 661 1338 diaboli
678 1292 862 1353 laqueis,
884 1309 907 1336 a
922 1309 1012 1353 quo
1031 1293 1188 1350 captivi
1212 1302 1420 1337 tenentur
1437 1291 1678 1336 secundum
1700 1292 1830 1352 ipsius
1851 1262 1854 1344 3

443 1384 463 1407 »
499 1365 775 1409 voluntatem
795 1367 823 1407 ¹.
855 1383 873 1404 »
900 1366 1005 1417 Quis
1023 1364 1138 1407 enim
1161 1373 1224 1408 est
1247 1364 1416 1408 fructus
1441 1363 1721 1408 correctionis
1743 1345 1853 1423 sine}

440 1434 531 1479 ulla
568 1450 643 1494 spe
677 1434 936 1478 remissionis
954 1439 971 1475 ’ἔ
1006 1438 1228 1478 Postremo
1267 1450 1357 1478 non
1392 1435 1451 1478 ait
1473 1434 1718 1478 Dominus:
1748 1427 1887 1485 Qui&

443 1504 582 1550 fidelis
597 1504 834 1550 catholicus
849 1503 1005 1548 dixerit
1021 1505 1205 1549 verbum
1220 1514 1371 1549 contra
1387 1505 1594 1563 Spiritum
1610 1514 1828 1561 sanctum3
1847 1469 1851 1536 3

1846 1543 1848 1550 ι
1878 1544 1898 1553 ..,

445 1576 535 1629 sed,
556 1575 678 1627 «Qui
701 1574 871 1629 dixerit,
890 1593 910 1615 »
928 1575 1011 1619 hoc
1033 1585 1121 1628 est,
1143 1574 1328 1634 quilibet
1350 1574 1509 1618 dixerit
1529 1610 1540 1630 ,
1566 1575 1831 1634 quicumque
1876 1567 1898 1642 Ἴ

447 1646 620 1700 dixerit,
651 1665 670 1687 «
690 1661 779 1689 non
802 1645 1049 1688 remittetur
1071 1645 1126 1699 ei,
1152 1660 1295 1705 neque
1316 1646 1362 1689 in
1384 1645 1467 1690 hoc
1484 1644 1645 1690 saeculo
1660 1681 1670 1700 ,
1693 1659 1832 1705 neque
1875 1639 1898 1713 ἼἼ

451 1735 472 1757 u
506 1717 551 1759 in
574 1714 739 1759 futuro.
766 1735 784 1755 »
822 1715 917 1759 Sive
943 1730 1046 1774 ergo
1073 1715 1126 1759 sit
1158 1715 1230 1760 ille
1254 1719 1450 1774 Paganus
1470 1751 1481 1771 ,
1507 1716 1595 1761 sive
1625 1715 1829 1769 Judaeus,
1886 1743 1898 1793 Q

450 1789 536 1831 sive
558 1786 845 1840 Christianus,
862 1786 950 1830 sive
972 1801 1024 1829 ex
1046 1786 1211 1830 Judaeis
1234 1785 1303 1829 vel
1319 1787 1572 1831 Christianis
1590 1786 1829 1840 haereticus,
1872 1810 1898 1849 4³(

451 1859 541 1903 sive
561 1857 788 1917 quodlibet
807 1856 927 1900 aliud
949 1857 1106 1900 habeat
1122 1871 1281 1900 nomen
1297 1857 1467 1910 erroris,
1486 1872 1575 1901 non
1593 1856 1759 1900 dictum
1775 1864 1832 1900 est

453 1929 525 1973 ille
547 1938 622 1972 aut
643 1928 715 1972 ille
735 1950 746 1985 3
770 1928 872 1982 sed,
903 1946 922 1969 «
948 1928 1027 1981 Qui
1050 1927 1205 1971 dixerit
1238 1928 1421 1972 verbum
1445 1937 1596 1972 contra
1613 1928 1832 1987 Spiritum
1860 1911 1898 1977 4

456 2019 476 2041 »
512 2009 709 2045 sanctum
726 2034 737 2055 ‚
764 2018 784 2040 »
809 1999 853 2043 id
875 2008 960 2054 est,
986 1998 1352 2057 blasphemaverit
1378 2000 1586 2058 Spiritum
1609 2007 1803 2044 sanctum
1819 2031 1830 2052 ‚
1861 1987 1898 2063 ¹3⁸3,

458 2091 478 2113 «
514 2087 603 2115 non
621 2071 865 2114 remittetur
893 2069 956 2124 ei,
981 2084 1122 2128 neque
1143 2069 1189 2113 in
1211 2069 1294 2114 hoc
1316 2069 1476 2114 saeculo
1492 2104 1503 2125 ‚
1526 2085 1669 2130 neque
1697 2070 1743 2113 in
1764 2067 1838 2140 ἰὼ,
1859 2045 1898 2136 'izi-

458 2163 478 2185 »
515 2153 628 2188 turo.
657 2161 677 2183 »
712 2145 845 2186 Porro
867 2149 1013 2185 autem
1036 2141 1070 2185 si
1099 2140 1238 2185 omnis
1259 2156 1378 2185 error
1405 2142 1647 2186 contrarius
1669 2138 1836 2210 veritati'⁴
1865 2173 1896 2224 '³¹3

457 2224 499 2259 et
521 2214 721 2258 inimicus
749 2211 971 2256 catholicae
994 2212 1110 2271 paci,
1135 2212 1245 2256 sicut
1268 2228 1396 2272 supra
1418 2212 1708 2267 ostendimus,
1733 2209 1835 2273 1110113
1864 2233 1898 2275 3.<ἼἼ

455 2286 641 2329 verbum
664 2293 813 2328 contra
848 2283 1053 2341 Spiritum
1077 2291 1297 2337 sanctum,
1324 2298 1404 2327 nec
1427 2292 1574 2327 tamen
1600 2291 1734 2327 cessat
1753 2275 1833 2358 Εο-3
1863 2275 1895 2348 a,

459 2356 587 2401 clesia
608 2371 659 2399 ex
675 2355 795 2399 omni
816 2369 958 2398 errore
980 2354 1193 2412 corrigere
1215 2363 1345 2413 atque
1362 2353 1580 2413 colligere,
1595 2355 1670 2414 qui
1688 2352 1831 2410 remis-2
1862 2383 1898 2415 -ἪἼ

460 2428 622 2471 sionem
646 2434 922 2485 peccatorum
941 2434 983 2468 et
999 2424 1141 2483 ipsum
1155 2440 1286 2484 quem
1304 2425 1710 2484 blasphemaverant
1725 2418 1830 2555 acci-j

461 2498 580 2556 piant
601 2497 806 2555 Spiritum
824 2505 1043 2553 sanetum3
1062 2505 1170 2555 puto
1192 2496 1312 2556 quod
1334 2497 1495 2556 grande
1519 2507 1730 2543 secretum
1751 2505 1823 2541 tarr

515 2587 522 2602 ¹
542 2590 559 2612 2
578 2581 655 2612 Tim.
674 2593 709 2621 11,
730 2581 781 2612 25.
