1898 3178
326 242 464 271 si-:nMo
495 238 713 278 Lxxxv111,
747 240 801 268 nn
832 236 980 268 vannis
1011 234 1177 267 MATTH.
1211 237 1288 265 xx,
1411 222 1497 265 459

119 324 140 350 »
169 305 363 368 jusmodi
394 305 592 350 instruite
613 305 659 348 in
681 305 835 364 spiritu
870 303 1236 359 mansuetudinis,
1271 301 1502 346 intendens

120 395 142 419 »
176 386 220 422 te
240 377 404 437 ipsum,
429 391 485 420 ne
521 383 565 419 et
587 383 635 419 tu
668 375 860 420 tenteris.
883 374 1004 420 Alter
1037 374 1211 420 alterius
1244 387 1375 418 onera
1396 386 1502 431 por-

119 465 142 490 »
175 456 286 503 tate,
312 456 368 508 vet
401 446 461 491 sic
483 443 774 505 adimplebitis
804 445 945 505 legem
979 445 1189 491 Christi1.
1227 446 1382 488 »Item
1418 441 1503 487 alio

119 535 142 561 >2
175 517 272 565 loco
298 536 307 563 :
336 536 356 560 «
385 519 565 563 Servum
582 551 593 572 ,
618 517 779 577 inquit,
804 517 977 562 Domini
998 531 1090 561 non
1111 523 1283 576 oportet
1303 514 1472 574 litigare
1488 548 1499 569 ,

118 607 141 631 n
176 589 253 634 sed
283 588 436 632 mitem
466 602 556 632 esse
586 586 642 632 ad
671 602 842 642 omnes,
879 586 1139 642 docibilem,
1172 586 1432 646 patientem,
1457 584 1505 629 in

119 678 142 703 n
176 659 387 706 modestia
409 659 714 719 corripientem
736 659 904 704 diversa
929 659 1161 703 sentientes
1190 677 1199 703 :
1218 673 1273 702 ne
1295 656 1408 702 forte
1429 656 1505 701 det

119 749 142 774 »
176 731 259 775 illis
278 734 393 776 Deus
414 730 718 790 poenitentiam
743 731 797 774 ad
824 729 1172 789 cognoscendam
1190 729 1438 784 veritatem,
1462 736 1506 772 et

119 819 142 844 ³)
177 801 427 861 resipiscant
453 817 476 846 a
499 800 663 846 diaboli
683 800 850 862 laqueis
867 836 878 857 ,
906 816 929 845 a
953 815 1041 861 quo
1071 799 1187 860 capti
1213 808 1419 844 tenentur
1450 797 1506 842 ad

120 891 143 915 »
177 873 310 933 ipsius
341 871 613 917 voluntatem
627 876 659 916 ².
694 891 715 915 »
746 874 898 934 Neque
937 886 1038 930 ergo
1065 870 1383 916 consentientes
1415 869 1505 914 sitis

118 943 262 999 malis,
286 951 337 987 ut
354 943 625 1003 approbetis,
648 958 790 1004 neque
811 942 1097 1002 negligentes,
1117 950 1168 986 ut
1181 956 1271 986 non
1293 938 1503 999 arguatis3

117 1028 266 1073 neque
286 1013 584 1073 superbientes
599 1049 609 1068 ,
636 1023 685 1058 ut
706 1013 965 1058 insultanter
986 1013 1191 1072 arguatis.

175 1086 299 1129 XXI.
325 1085 412 1138 Qui
442 1094 589 1129 autem
617 1084 855 1129 deseruerit
884 1084 1097 1129 unitatem
1114 1119 1124 1139 ,
1148 1081 1282 1128 violat
1318 1080 1506 1125 charita-

117 1163 206 1199 tem
230 1172 241 1200 z
265 1163 309 1199 et
340 1155 535 1215 quisquis
564 1154 698 1199 violat
726 1155 1001 1209 charitatem,
1038 1152 1269 1214 quodlibet
1298 1164 1508 1210 magnum

116 1224 278 1269 habeat
296 1260 307 1280 ,
332 1226 424 1285 ipse
446 1225 554 1269 nihil
587 1234 665 1269 est.
693 1225 735 1270 Si
765 1225 924 1283 linguis
964 1224 1196 1268 hominum
1224 1222 1432 1282 loquatur
1466 1229 1509 1265 et

117 1295 403 1354 Angelorum,
430 1296 464 1340 si
489 1296 594 1340 sciat
617 1297 762 1340 omnia
779 1303 1047 1340 sacramenta
1063 1329 1074 1349 ,
1100 1294 1133 1338 si
1153 1293 1313 1337 habeat
1335 1306 1508 1337 omnem

117 1365 272 1421 fidem,
292 1375 341 1410 ut
362 1374 531 1410 montes
552 1365 806 1421 transferat,
827 1367 861 1410 si
883 1365 1116 1409 distribuat
1133 1365 1277 1408 omnia
1298 1378 1374 1408 sua
1397 1378 1510 1422 pau-

116 1437 295 1497 peribus
312 1472 323 1493 ,
349 1438 382 1481 si
405 1452 561 1497 corpus
598 1452 725 1481 suum
759 1437 930 1491 tradat,
965 1445 1016 1480 ut
1045 1435 1220 1490 ardeat,
1253 1434 1508 1479 charitatem

118 1502 265 1553 autem
287 1523 377 1552 non
394 1508 553 1552 habeat
571 1529 581 1566 ς
602 1507 711 1552 nihil
735 1516 825 1563 est,
849 1506 959 1551 nihil
988 1507 1027 1551 ei
1058 1504 1280 1566 prodest3.
1304 1505 1511 1549 Universa

118 1578 330 1624 inutiliter
360 1579 522 1634 habet,
558 1579 634 1639 qui
676 1593 816 1622 unum
847 1577 959 1622 illud
992 1592 1081 1638 quo
1114 1576 1324 1622 universis
1360 1585 1511 1620 utatur

118 1665 210 1694 non
243 1649 392 1694 habet.
432 1648 758 1708 Amplectamur
788 1648 937 1708 itaque
964 1647 1246 1702 charitatem,
1289 1645 1512 1690 studentes

119 1735 288 1764 servare
303 1719 517 1763 unitatem
540 1719 716 1778 spiritus
738 1719 783 1762 in
800 1718 979 1763 vinculo
996 1717 1125 1777 pacis.
1146 1717 1244 1762 Non
1267 1731 1347 1761 nos
1378 1716 1512 1761 sedu-

121 1800 222 1836 cant
239 1790 315 1850 qui
332 1789 561 1834 carnaliter
577 1788 830 1847 intelligunt
844 1798 888 1833 et
906 1787 1176 1848 corporalem
1195 1787 1510 1847 separationem

121 1859 344 1915 facientes,
366 1860 420 1903 ab
439 1858 645 1904 Ecclesiae
662 1858 892 1903 frumentis
910 1867 1004 1903 toto
1019 1858 1124 1903 orbe
1142 1857 1308 1902 diffusis
1331 1857 1511 1917 spiritali

122 1931 344 1989 sacrilegio
366 1938 636 1989 separantur,
664 1933 746 1974 Per
767 1938 911 1974 totum
942 1928 1059 1973 enim
1086 1927 1302 1972 mundum
1325 1928 1512 1973 semina-

123 2011 218 2048 tum
241 2010 305 2046 est
322 2002 489 2045 bonum
512 2015 674 2045 semen.
702 2003 848 2045 Bonus
868 1999 942 2043 ille
956 1999 1189 2043 seminator
1210 1998 1346 2043 Filius
1366 1999 1511 2043 homi-

123 2074 205 2129 nis,
223 2088 315 2117 non
335 2072 381 2116 in
402 2071 547 2117 Africa
566 2071 678 2127 sola,
703 2071 778 2116 sed
800 2070 965 2130 ubique
980 2070 1132 2130 sparsit
1153 2083 1302 2114 semen
1323 2069 1506 2114 bonum.

125 2143 334 2188 Inimicus
356 2152 502 2187 autem
524 2142 880 2202 superseminavit
899 2142 1102 2187 zizania&
1129 2140 1214 2186 Sed
1237 2149 1383 2185 tamen
1403 2140 1511 2200 quid

128 2214 187 2258 ait
207 2211 544 2272 paterfamilias?
574 2213 708 2258 Sinite
739 2222 925 2273 utraque
947 2226 1137 2257 crescere
1161 2225 1298 2271 usque
1325 2210 1380 2255 ad
1397 2225 1511 2254 mes-

126 2299 231 2329 sem.
257 2287 339 2329 Per
355 2284 462 2344 quid
479 2286 697 2328 crescere?
715 2285 875 2344 Utique
891 2299 968 2343 per
985 2297 1152 2342 agrum.
1174 2282 1279 2335 Quis
1303 2289 1365 2325 est
1383 2283 1511 2340 ager?

125 2355 444 2414 numquidnam
467 2353 639 2399 Africa?
659 2357 770 2400 Non.
800 2355 902 2409 Quis
933 2363 996 2398 est
1016 2354 1147 2412 ergo?
1168 2355 1267 2398 Non
1294 2352 1510 2412 interpre-

127 2434 272 2470 temur
294 2440 398 2482 nos,
436 2425 644 2470 Dominus
678 2425 794 2470 dicat
825 2445 833 2470 :
867 2425 1086 2470 neminem
1121 2424 1311 2467 sinamus
1345 2423 1510 2484 aliquid

188 2528 197 2545 ¹
219 2522 322 2554 Galat.
337 2533 385 2562 vi,
407 2522 466 2556 1-3
485 2539 525 2547 -
543 2529 555 2546 ²
578 2531 596 2556 2
611 2522 690 2556 Tim.
712 2535 751 2566 11,
767 2522 886 2565 24-26.
908 2540 950 2547 -
976 2521 988 2547 3
1010 2531 1029 2556 2
1055 2524 1129 2556 Cor.
1146 2532 1217 2565 xm,
1239 2533 1268 2555 ι.
1287 2538 1329 2546 —-
1350 2520 1367 2552 4
1383 2521 1504 2554 Matth.

128 2587 194 2619 xui,
213 2576 269 2620 24,
288 2577 341 2611 25.
