1898 3178
406 167 489 207 254
841 180 875 203 s.
911 175 1141 203 AUGUSTINI
1175 177 1356 204 EPISCOPI

411 243 496 286 nisi
518 243 594 302 qui
613 256 656 285 se
679 239 849 284 noverit
876 239 935 282 sic
961 239 1245 295 moriturum,
1266 248 1315 283 ut
1337 255 1452 284 mors
1471 240 1516 283 in
1542 239 1616 285 iilo
1638 241 1794 285 moria-

409 320 481 356 tur
497 347 508 367 ,
531 313 620 357 vita
642 310 905 354 coronetur?

466 384 547 426 III.
580 383 878 439 Quapropter,
915 378 1177 435 charissimi,
1216 378 1523 440 exponendum
1547 389 1610 424 est
1642 379 1789 436 vobis,

409 451 607 511 quamvis
628 451 731 493 hinc
749 450 838 509 jam
863 442 1024 509 saepius'
1036 450 1293 506 dixerimus,
1319 450 1426 510 quid
1448 451 1500 495 sit
1523 466 1611 494 esse
1628 450 1795 510 simpli-

407 537 475 566 ces
504 531 554 565 ut
576 520 816 575 columbae,
850 520 982 564 astuti
1014 529 1064 564 ut
1086 530 1319 580 serpentes.
1362 521 1404 566 Si
1425 522 1515 580 jam
1544 521 1794 581 simplicitas

405 592 709 637 columbarum
724 590 887 635 indicta
910 600 974 635 est
995 591 1137 646 nobis,
1159 591 1316 636 astutia
1338 593 1548 650 serpentis
1566 592 1674 651 quid
1690 592 1794 637 facit

402 663 447 707 in
471 662 687 707 columbae
709 661 1017 721 simplicitate?
1039 665 1151 706 Amo
1182 663 1228 705 in
1250 661 1455 706 columba
1477 662 1600 721 quod
1620 661 1681 706 fel
1701 678 1794 707 non

403 733 566 778 habet:
593 733 726 776 timeo
749 732 794 776 in
819 741 1018 792 serpen-te
1036 732 1161 792 *quod
1192 748 1411 776 venenum
1434 733 1584 776 habet.
1611 732 1709 778 Noli
1744 748 1794 776 ex

368 850 378 858 ‚
406 803 526 848 omni
543 812 666 863 parte
690 804 866 847 horrere
883 812 1129 862 serpentem
1149 822 1157 846 ε
1183 803 1317 846 habet
1335 801 1457 862 quod
1477 803 1634 858 oderis⁷
1662 804 1795 848 habet

404 873 525 934 quod
548 873 944 932 imiteris..Serpens
960 873 1076 916 enim
1095 887 1196 916 cum
1219 871 1353 916 fuerit
1368 882 1591 917 senectute
1615 888 1795 932 praegra-

405 955 550 1001 vatus,
580 955 623 990 et
642 945 823 989 senserit
843 944 1016 1003 pondus
1038 944 1264 988 vetustatis
1283 979 1293 999 ,
1332 953 1522 988 coarctat
1543 959 1587 988 se
1619 960 1696 1003 per
1720 961 1793 989 ca-

403 1032 603 1071 vernam,
629 1026 672 1060 et
701 1015 883 1076 deponit
903 1015 1097 1059 tunicam
1127 1024 1315 1059 veterem
1334 1050 1344 1070 ,
1378 1024 1428 1058 ut
1448 1030 1588 1059 novus
1610 1015 1791 1060 exultet.

406 1087 580 1131 Imitare
601 1086 742 1142 illum,
764 1087 1027 1142 Christiane,
1054 1084 1130 1148 qui
1153 1087 1276 1131 audis
1298 1087 1522 1131 Christum
1545 1087 1760 1131 dicentem
1782 1106 1792 1133 2

407 1177 428 1200 «
462 1160 627 1202 Intrate
650 1172 727 1217 per
759 1165 990 1216 angustam
1019 1159 1234 1216 portam1.
1265 1175 1284 1198 »
1308 1160 1364 1201 Et
1394 1157 1554 1201 Paulus
1576 1157 1795 1217 apostolus
1861 1147 1877 1202 Ᾰ

404 1228 484 1273 tibi
506 1229 612 1273 dicit
639 1248 648 1273 z
684 1247 703 1269 «
724 1228 881 1272 Exuite
913 1243 990 1272 vos
1022 1237 1214 1272 veterem
1235 1228 1458 1272 hominem
1492 1244 1593 1272 cum
1628 1229 1795 1272 actibus

407 1319 426 1342 »
463 1300 548 1345 suis
563 1335 574 1356 ,
598 1309 641 1345 et
661 1299 831 1344 induite
853 1302 1062 1343 novum2.
1079 1318 1098 1340 »
1126 1299 1271 1343 Habes
1294 1315 1397 1357 ergo
1419 1298 1538 1358 quod
1556 1300 1732 1343 imiteris
1750 1301 1795 1344 in
1860 1337 1876 1363 1,.

404 1381 618 1431 serpente.
643 1370 742 1416 Noli
775 1370 886 1414 mori
908 1386 987 1429 pro
1010 1379 1247 1425 vetustate,
1273 1370 1348 1414 sed
1372 1386 1451 1430 pro
1483 1371 1677 1414 veritate.
1709 1371 1796 1424 Qui

404 1444 589 1487 moritur
610 1457 690 1502 pro
711 1440 944 1486 commodo
966 1440 1196 1501 temporali
1214 1476 1224 1496 ‚
1251 1457 1328 1501 pro
1350 1450 1566 1486 vetustate
1595 1442 1790 1486 moritur.

406 1515 519 1559 Cum
537 1522 683 1557 autern
700 1521 854 1556 exutus
877 1511 1010 1555 fueris
1032 1511 1151 1555 omni
1173 1511 1253 1555 ista
1269 1520 1485 1556 vetustate
1501 1546 1512 1566 ‚
1537 1511 1729 1557 imitatus
1751 1527 1794 1556 es
1859 1542 1873 1573 *a

406 1584 607 1628 astutiam
641 1582 867 1642 serpentis.
895 1582 1071 1626 Imitare
1093 1580 1217 1625 iilum
1240 1590 1283 1625 et
1315 1582 1361 1625 in
1388 1583 1472 1626 hoc
1492 1601 1500 1626 :
1521 1597 1642 1627 serva
1664 1592 1796 1642 caput.

407 1664 548 1699 tuum.
576 1653 693 1707 Quid
715 1663 806 1708 est,
826 1668 947 1697 serva
971 1661 1105 1712 caput
1125 1654 1283 1696 tuum?
1303 1655 1419 1697 Tene
1441 1653 1559 1712 apud
1579 1663 1623 1698 te
1645 1655 1795 1699 Chris-

406 1735 517 1770 tum.
551 1726 594 1770 Si
615 1724 730 1769 sorte
762 1723 917 1784 aliquis
951 1732 1144 1767 vestrum
1168 1722 1354 1767 advertit
1385 1723 1652 1784 aliquando,
1684 1741 1794 1770 scum
1856 1719 1869 1751 ²3

406 1794 594 1841 voluerit
616 1794 848 1839 colubrum
869 1792 1092 1849 occidere,
1118 1793 1342 1853 quomodo
1363 1809 1443 1853 pro
1464 1795 1605 1853 capite
1626 1810 1705 1840 suo
1727 1805 1795 1840 to-
1862 1803 1873 1870 μέ

407 1877 504 1912 tum
526 1881 682 1924 corpus
704 1866 855 1924 objicit
879 1865 1039 1908 ictibus
1060 1864 1269 1908 ferientis.
1301 1864 1419 1907 Illud
1438 1866 1483 1907 in
1505 1880 1549 1908 se
1570 1865 1689 1910 feriri
1705 1882 1796 1911 non

407 1936 526 1992 vult,
552 1935 629 1979 ubi
650 1950 694 1979 se
715 1934 838 1979 novit
866 1933 1000 1977 vitam
1028 1933 1205 1976 habere.
1231 1935 1288 1976 Et
1313 1933 1510 1979 Christus
1539 1934 1627 1979 vita
1650 1945 1797 1981 nostra

409 2016 486 2052 est.
509 2009 606 2065 Ipse
625 2005 741 2049 enim
763 2002 871 2047 dixit
893 2021 902 2047 :
931 2020 951 2044 «
973 2004 1067 2061 Ego
1085 2018 1181 2046 sum
1203 2002 1287 2057 via,
1309 2011 1352 2046 et
1369 2002 1540 2058 veritas,
1565 2014 1609 2049 et
1630 2005 1757 2050 vitass.
1773 2023 1792 2046 »

409 2075 525 2122 Audi
542 2085 586 2120 et
606 2073 865 2134 Apostolum
881 2091 890 2117 :
906 2091 927 2114 «
944 2074 1088 2131 Caput
1108 2072 1189 2116 viri
1208 2072 1404 2116 Christus
1427 2082 1490 2117 est
1506 2074 1566 2116 4.»
1592 2075 1679 2128 Qui
1695 2090 1796 2133 erg-0
1862 2067 1873 2107 ’.·

410 2148 632 2194 Christum
654 2153 796 2190 servat
811 2145 856 2187 in
878 2158 922 2187 se
940 2178 951 2199 ‚
972 2152 1105 2203 caput
1127 2158 1256 2187 suum
1278 2153 1419 2188 servat
1441 2159 1520 2203 pro
1537 2160 1597 2189 se.

470 2221 547 2263 IV.
579 2221 781 2263 Jamvero
803 2215 911 2276 quid
938 2230 1047 2274 opus
1078 2224 1141 2259 est
1162 2215 1471 2260 commendare
1488 2215 1636 2261 multis
1658 2216 1797 2262 verbis
1856 2228 1859 2229 ’

413 2289 730 2349 simplicitatem
760 2286 1100 2332 columbarum?
1122 2288 1327 2332 Cavenda
1349 2287 1467 2330 enim
1488 2297 1611 2332 erant
1631 2302 1797 2333 venena
1860 2307 1861 2311 ¹

414 2360 621 2419 serpentis
639 2381 650 2419 3
674 2359 736 2404 ibi
757 2357 941 2404 imitatio
964 2356 1318 2417 periclitabatur,
1341 2357 1401 2401 ibi
1420 2367 1511 2402 erat
1527 2357 1647 2418 quod
1669 2359 1798 2402 time-

475 2463 483 2478 ¹
504 2455 626 2489 Mauh.
651 2466 708 2497 vu,
730 2455 782 2487 13.
804 2471 846 2478 —-
872 2460 885 2478 ²
912 2453 1030 2487 Coloss.
1051 2464 1106 2495 111,
1124 2464 1159 2495 9,
1182 2457 1216 2485 ct
1233 2453 1351 2496 Ephes.
1370 2465 1408 2494 11,
1432 2462 1473 2487 22
1491 2458 1525 2486 et
1542 2452 1597 2496 24.
1613 2469 1655 2478 —·
1675 2452 1688 2477 3
1703 2456 1795 2487 Joan.

414 2522 481 2554 xiv,
494 2511 529 2544 6.
545 2527 586 2535 --
600 2510 616 2541 4
637 2522 650 2544 1
674 2514 745 2545 Cor.
766 2521 810 2553 m,
827 2511 859 2543 3.
