1898 3178
388 214 446 256 44
827 224 859 254 s.
896 224 1126 253 avons-nm
1156 226 1338 254 Enscom

388 304 452 339 est
467 293 531 338 illi
544 309 647 338 cura
671 293 726 338 de
749 292 915 339 ovibus.
936 292 1100 338 Deinde
1113 293 1203 352 jam
1218 301 1261 337 et
1282 301 1386 336 tunc
1410 288 1598 334 diximus
1615 291 1770 336 Chari-

392 365 466 409 tati
498 367 682 419 Vestrae,
723 364 811 407 duo
843 362 1045 424 quaedam
1074 362 1118 406 in
1146 363 1271 407 nobis
1300 377 1388 406 esse
1415 360 1730 421 consideranda
1755 381 1763 406 ε

388 452 526 481 unum
543 471 553 490 ‚
585 435 704 496 quod
726 434 957 478 Christiani
979 449 1157 492 sumus3
1193 434 1378 478 alterum
1401 433 1519 492 quod
1550 432 1769 492 praepositi

388 508 578 550 sumus1.
604 503 734 558 Quod
755 520 858 564 ergo
888 505 1109 564 praepositi
1135 519 1284 549 sumus
1301 539 1312 559 ,
1337 504 1450 547 inter
1466 512 1658 562 pastores
1690 503 1769 547 de-

386 587 616 636 putamur,
637 576 669 619 si
683 575 790 620 boni
812 590 960 620 sumus
987 594 996 620 :
1020 575 1140 635 quod
1163 584 1308 619 autem
1332 571 1565 618 Christiani
1591 588 1740 618 sumus
1755 608 1766 629 ,

386 658 429 692 et
450 663 527 692 nos
544 647 769 692 vobiscum
792 661 892 691 oves
915 661 1078 690 sumus.
1105 647 1201 690 Sive
1224 661 1327 704 ergo
1355 644 1566 689 Dominus
1582 644 1769 703 pastori-

387 721 467 763 bus
490 718 719 779 loquatur‚
746 719 831 762 sive
855 718 1008 762 ovibus
1024 753 1034 772 ‚
1058 733 1137 762 nos
1160 717 1304 761 onmia
1327 731 1428 760 cum
1446 724 1632 759 tremore
1645 730 1771 774 opor—

386 799 448 834 tet
469 787 620 833 audire
641 807 650 834 ε
668 803 748 833 nec
770 787 944 832 recedat
957 787 1204 832 sollicitudo
1226 786 1281 831 de
1299 785 1504 832 cordibus
1521 785 1698 841 nostriS‚
1719 795 1771 830 ut

385 860 605 919 ploremus
627 868 727 903 ante
747 858 986 903 Dominum
1003 859 1078 916 qui
1102 856 1206 902 fecit
1227 872 1320 901 nos.

445 932 526 972 ΙΙΙ.
565 928 805 973 Audiamus
843 928 992 988 itaque
1010 963 1020 982 ,
1060 926 1234 982 fratres,
1273 925 1392 971 unde
1429 925 1639 971 Dominus
1670 939 1771 969 oves

385 999 604 1058 improbas
637 998 865 1057 corripiat,
901 1007 943 1042 et
972 997 1081 1058 qnid
1107 997 1333 1056 promittat
1364 996 1518 1041 ovibus
1550 995 1650 1039 suis.
1675 996 1774 1039 «Et

387 1088 407 1109 »
443 1084 517 1112 vos
535 1103 546 1123 ‚
571 1069 737 1128 inquit,
771 1083 872 1112 oves
903 1083 1013 1111 meae
1033 1102 1044 1121 ‚
1069 1068 1163 1112 haec
1186 1066 1291 1111 dicit
1324 1067 1536 1111 Dominus
1564 1067 1724 1109 Deus2.
1748 1082 1769 1105 »

385 1139 528 1181 Primo
545 1172 555 1191 ,
581 1147 744 1196 quanta
767 1137 946 1178 felicitas
968 1146 1032 1179 est
1047 1170 1057 1189 ‚
1083 1151 1172 1178 esse
1196 1151 1368 1194 gregem
1389 1136 1494 1189 Dei,
1519 1135 1553 1177 si
1574 1134 1670 1194 quis
1695 1149 1773 1178 co-

385 1208 490 1266 gitet
505 1242 516 1261 ,
554 1205 706 1250 fratres
721 1240 732 1260 ,
757 1205 888 1249 etiam
909 1205 955 1247 in
982 1204 1071 1248 istis
1094 1204 1297 1261 lacrymis
1332 1214 1376 1248 et
1399 1207 1444 1247 in
1465 1204 1555 1247 istis
1589 1203 1775 1248 tribula-

384 1277 577 1321 tionibus
608 1290 817 1334 magnum
852 1272 1058 1332 gaudium
1080 1274 1285 1333 concipit.
1306 1276 1458 1334 Neque
1481 1273 1597 1317 enim
1620 1273 1667 1317 in
1683 1274 1774 1333 ejus

387 1361 511 1405 grege
533 1354 596 1389 est
611 1380 621 1399 ‚
647 1359 778 1404 quem
804 1343 895 1402 lupi
929 1353 1110 1402 possunt
1134 1343 1352 1402 flagellare
1372 1378 1383 1398 ,
1409 1352 1484 1387 aut
1509 1345 1632 1403 cujus
1655 1359 1773 1388 som—

386 1432 493 1460 num
528 1424 711 1476 possunt
740 1423 912 1474 captare
940 1412 1184 1473 praedones.
1222 1413 1291 1457 Illi
1328 1413 1444 1457 enim
1466 1413 1634 1457 dictum
1665 1424 1728 1458 est
1761 1433 1769 1458 :

390 1508 409 1528 «
445 1487 525 1540 Qui
546 1486 682 1545 pascis
706 1484 868 1529 Israelss
897 1505 906 1530 :
933 1503 954 1526 »
981 1484 1035 1528 de
1058 1499 1147 1543 quo
1177 1483 1344 1527 dictum
1368 1492 1432 1526 est
1459 1502 1467 1526 z
1498 1502 1517 1523 «
1542 1485 1640 1528 Non
1671 1483 1774 1528 dor-

391 1576 410 1598 »
446 1557 572 1611 miet‚
593 1570 736 1615 neque
759 1555 1033 1608 dormitabit,
1060 1554 1138 1613 qui
1160 1553 1350 1597 custodit
1374 1552 1541 1596 lsrael⁴.
1567 1571 1588 1593 »
1612 1553 1775 1612 Vigilat

388 1641 488 1684 ergo
504 1625 578 1669 ille
600 1641 728 1685 super
746 1641 824 1669 nos
845 1624 1127 1683 vigilantibus
1148 1624 1273 1668 nobis
1288 1658 1298 1678 ‚
1323 1622 1470 1681 vigilat
1488 1632 1531 1666 et
1553 1622 1775 1668 dormien-

392 1696 505 1739 tibus
523 1695 661 1738 nobis.
689 1695 731 1739 Si
753 1709 854 1751 ergo
872 1693 927 1736 de
949 1702 1116 1752 pastore
1135 1694 1313 1737 homine
1336 1707 1538 1737 securum
1560 1702 1623 1737 est
1640 1708 1773 1752 pecus

388 1765 597 1822 hominis3
614 1774 775 1824 quanta
798 1764 930 1808 debet
951 1779 1040 1807 esse
1062 1773 1207 1808 nostra
1231 1764 1434 1808 securitas
1449 1772 1652 1822 pascente
1664 1766 1770 1819 Deo,

391 1851 478 1879 non
498 1844 667 1878 tantum
689 1834 790 1893 quia
808 1834 944 1892 pascit
962 1849 1056 1888 nos,
1083 1834 1160 1878 sed
1182 1835 1313 1878 etiam
1332 1833 1433 1893 quia
1453 1832 1556 1877 fecit
1579 1835 1686 1877 nos?

450 1907 524 1948 IV.
548 1907 641 1948 Una
664 1913 727 1948 est
748 1913 893 1948 nostra
921 1904 1195 1958 sollicitudo,
1228 1920 1325 1963 quae
1348 1904 1471 1948 nobis
1505 1903 1771 1963 imponitur,

390 1975 538 2020 audire
559 1989 707 2018 vocem
726 1974 907 2033 pastoris
925 1994 933 2018 :
955 1983 997 2018 et
1019 1983 1082 2018 est
1103 1989 1221 2018 nunc
1243 1983 1415 2032 tempus
1433 1973 1656 2028 audiendi,
1673 1974 1775 2033 quia

393 2044 464 2089 ille
487 2044 683 2089 nondum
707 2044 936 2103 assumpsit
969 2053 1140 2103 tempus
1168 2042 1410 2103 judicandi.
1434 2044 1516 2096 Qui
1548 2043 1743 2103 loquitur
1760 2078 1771 2098 ,

395 2116 523 2159 modo
544 2124 672 2159 tacet.
697 2114 911 2174 Loquitur
931 2114 1043 2157 enim
1060 2115 1106 2157 in
1126 2125 1345 2173 praecepto
1360 2149 1370 2168 ,
1396 2123 1510 2158 tacet
1531 2114 1574 2157 in
1588 2114 1772 2173 judicio.

393 2184 495 2229 Ideo
518 2184 621 2228 dicit
648 2183 839 2244 quodam
863 2184 908 2226 in
942 2182 1039 2227 loco
1069 2203 1077 2228 :
1121 2202 1140 2225 «
1168 2183 1320 2238 Tacui,
1352 2183 1570 2243 numquid
1606 2198 1774 2241 semper

394 2274 413 2296 »
449 2255 658 2298 taceb05‘?
684 2252 952 2307 »Quomodo
974 2253 1134 2306 tacuit,
1159 2268 1257 2296 cum
1278 2254 1360 2297 hoc
1382 2253 1524 2312 ipsum
1550 2253 1774 2312 loquendo

391 2324 575 2368 dixerit?
598 2324 683 2377 Qui
703 2323 828 2378 dicit,
857 2324 1011 2377 Tacui,
1053 2339 1142 2367 non
1163 2332 1277 2367 tacet
1305 2342 1312 2368 :
1338 2324 1507 2382 quia.et
1524 2324 1609 2367 hoc
1629 2323 1773 2382 ipsum

389 2393 530 2438 dicere
546 2429 556 2449 ‚
579 2395 735 2449 Tacui,
763 2409 852 2439 non
879 2403 1020 2438 tacere
1053 2402 1130 2437 est.
1156 2393 1298 2438 Audio
1322 2409 1424 2452 ergo
1446 2402 1489 2437 te
1511 2392 1767 2452 loquentem

436 2497 446 2511 ¹
465 2491 543 2523 Vide
554 2491 585 2522 in
604 2492 765 2532 superiore
779 2493 929 2523 Sermone
947 2502 977 2523 n.
996 2491 1096 2523 3.—-²
1116 2491 1229 2523 Ezeeh.
1244 2501 1353 2531 κιχιν,
1370 2501 1466 2531 ¹7---
1480 2488 1492 2512 3
1508 2490 1586 2521 Psal.
1602 2500 1706 2529 unx,
1724 2496 1755 2524 2,

395 2562 435 2568 -
454 2545 530 2579 41d.
549 2556 622 2587 cxx,
642 2546 673 2587 4.
691 2563 732 2570 -
746 2545 939 2587 51sat.xm‚
957 2547 1008 2588 14.
