1898 3178
329 232 468 261 smum
499 232 700 270 Lxxxvn‚
735 231 789 258 DE
822 232 967 259 vmims
998 230 1162 259 MATTH.
1199 232 1274 259 xx.
1415 219 1495 260 431

126 317 148 341 >›
164 314 353 359 nequam
370 308 449 355 est,
461 299 561 359 quia
575 313 655 357 ego
668 297 810 342 bonus
826 313 919 342 sum
929 300 971 343 Ρ»
987 298 1030 343 Si
1043 298 1171 342 alicui
1183 297 1381 343 tollerem
1396 298 1503 343 alie-

123 385 230 414 num
247 405 258 425 ,
279 378 394 413 recte
415 367 776 427 reprehenderer,
797 369 919 428 quasi
937 367 1162 413 fraudator
1178 377 1221 412 et
1241 369 1426 428 injustus
1444 389 1452 413 z
1473 369 1507 412 si

123 440 252 485 alicui
268 455 358 484 non
379 438 606 483 redderem
628 438 841 495 debitum,
868 449 985 485 recte
1003 440 1343 499 reprehenderer
1358 473 1370 495 ,
1390 440 1511 499 quasi

123 509 349 555 fraudator
366 519 409 554 et
429 518 610 568 negator
627 508 755 554 alieni
781 528 789 554 ε
813 525 912 554 cum
935 525 1038 555 vero
1061 510 1262 554 debitum
1288 509 1447 565 reddo,
1466 519 1511 554 et

122 580 194 625 cui
214 580 314 625 volo
335 580 466 625 etiam
496 579 641 635 dono,
667 594 747 623 nec
769 579 841 623 cui
869 579 1084 624 debebam
1105 595 1176 624 me
1197 589 1340 639 potest
1360 594 1509 639 repre-

121 651 337 707 hendere,
365 660 409 696 et
430 651 501 696 cui
524 650 683 696 donavi
704 650 837 694 debet
866 651 1050 710 amplius
1073 651 1276 710 gaudere.
1300 653 1399 696 Non
1421 659 1514 695 erat

123 722 244 782 quod
262 723 618 782 responderetur:
635 741 655 765 «
672 724 729 767 Et
747 722 910 782 aequati
931 731 1031 766 sunt
1052 737 1218 777 omnes,
1237 731 1280 766 et
1293 721 1394 766 facti
1410 730 1514 766 sunt

125 810 146 834 »
164 793 384 837 novissimi
401 793 529 852 primi
549 802 592 837 et
609 792 737 852 primi
751 792 994 837 novissimi:
1009 810 1028 833 »
1042 792 1276 851 aequando,
1295 807 1384 837 non
1396 807 1513 852 prae-

121 863 399 923 posterando.
421 863 538 917 Quid
555 872 633 919 est,
657 863 924 908 «Factisunt
937 862 1158 908 novissimi
1174 863 1304 922 primi
1326 872 1370 907 et
1385 863 1513 922 primi

124 952 146 976 »
181 935 433 980 novissimi?
452 953 472 977 »
497 936 609 989 Quia
633 934 908 981 tantumdem
947 944 1209 995 acceperunt
1232 943 1274 979 et
1304 935 1435 994 primi
1470 943 1515 979 et

121 1004 357 1050 novissimi.

197 1077 251 1119 V.
278 1074 392 1129 Quid
425 1084 489 1119 est
524 1090 653 1134 crgo,
680 1073 801 1135 quod
825 1091 848 1119 a
869 1075 1108 1120 novissimis
1139 1075 1272 1134 coepit
1295 1073 1513 1120 reddere?

121 1146 276 1190 Nonne
294 1160 442 1189 omnes
460 1179 471 1199 ,
497 1146 610 1189 sicut
625 1145 824 1202 legimUS,
844 1144 975 1189 simul
997 1145 1218 1204 accepturi
1238 1145 1370 1188 sunt?
1392 1144 1516 1203 Legi-

120 1229 218 1258 mus
233 1215 410 1260 enimin
428 1215 513 1259 alio
530 1215 628 1260 loco
651 1215 894 1273 Evangelii,
909 1215 1012 1274 quia
1034 1215 1229 1259 dicturus
1246 1224 1310 1258 est
1331 1215 1390 1258 eis
1406 1229 1516 1274 quos

119 1293 252 1344 ponet
268 1283 323 1329 ad
346 1283 570 1329 dexteram
592 1304 600 1329 :
630 1303 651 1326 «
675 1285 833 1328 Venite
850 1320 860 1339 ,
882 1283 1103 1328 benedicti
1123 1284 1265 1329 Patris
1284 1285 1386 1340 mei,
1413 1299 1515 1344 per-

123 1371 144 1395 »
179 1355 312 1413 cipite
333 1369 519 1413 regnum
549 1353 671 1413 quod
692 1354 818 1399 vobis
840 1363 1040 1413 paratum
1062 1364 1126 1399 est
1149 1355 1203 1399 ab
1232 1354 1359 1399 initio
1381 1370 1515 1399 mun-

122 1442 145 1465 »
180 1423 300 1468 di1.»
316 1425 359 1470 Si
382 1439 484 1483 ergo
502 1439 653 1469 omnes
677 1424 806 1468 simul
828 1426 1049 1484 accepturi
1071 1436 1188 1481 sunt,
1205 1425 1428 1485 quomodo
1444 1427 1516 1471 hic

119 1494 404 1554 intelligimus
436 1496 600 1555 priores
634 1497 846 1555 accepisse
869 1495 964 1541 illos
994 1497 1071 1556 qui
1095 1497 1329 1541 undecima
1351 1499 1517 1557 operati

123 1573 225 1610 sunt
242 1599 253 1620 ,
269 1574 313 1609 et
330 1566 588 1624 posteriores
605 1564 701 1609 illos
722 1566 798 1624 qui
815 1567 983 1624 prima?
1007 1567 1049 1611 Si
1072 1576 1257 1626 potuero
1272 1567 1331 1611 sic
1353 1566 1512 1623 dicere,

121 1644 171 1680 ut
193 1635 418 1694 perveniat
435 1634 491 1679 ad
504 1634 778 1695 intellectum
790 1643 1001 1691 vestrum,
1016 1639 1106 1680 Deo
1126 1637 1299 1695 gratias,
1316 1636 1380 1680 illi
1399 1637 1516 1681 enim

122 1704 290 1750 debetis
331 1705 488 1762 gratias
526 1719 680 1762 agere,
726 1704 800 1764 qui
831 1705 956 1749 vobis
989 1720 1068 1764 per
1099 1721 1178 1750 nos
1212 1715 1362 1766 erogat
1389 1725 1398 1751 ε
1425 1722 1516 1752 non

121 1776 239 1820 enim
262 1775 317 1819 de
339 1784 489 1820 nostro
506 1790 750 1834 erogamus.
770 1775 813 1820 Si
834 1775 1075 1835 interroges
1098 1776 1152 1820 de
1174 1775 1370 1832 duobus,
1394 1778 1516 1822 verbi

123 1846 260 1906 gratia
272 1881 283 1901 ,
299 1846 394 1906 quis
417 1847 536 1905 prior
550 1846 777 1905 acceperit,
793 1847 868 1905 qui
895 1855 991 1906 post
1009 1862 1142 1891 unam
1154 1847 1309 1892 horam
1329 1849 1511 1908 accepit,

0 1966 4 1980 k
20 1960 26 1968 ,
58 1911 59 1914 ’
122 1932 178 1961 an
192 1917 268 1977 qui
281 1925 378 1976 post
392 1916 718 1974 duodecimam,
729 1917 869 1961 omnis
881 1918 1014 1962 homo
1024 1917 1272 1977 respondet,
1285 1920 1386 1979 quia
1397 1920 1515 1979 prior

125 1987 307 2046 accepit,
324 1987 399 2046 qui
412 1996 510 2045 post
527 2002 661 2031 unam
685 1988 836 2031 horam
851 1988 1034 2047 accepit,
1046 2004 1179 2047 quam
1202 1989 1278 2049 qui
1291 1999 1390 2048 post
1406 1990 1515 2035 duo—

122 2055 353 2101 decimam.
368 2057 435 2101 Sic
451 2072 554 2116 ergo
568 2057 767 2117 quamvis
786 2073 874 2102 una
885 2058 993 2103 hora
1009 2059 1254 2118 acceperint
1268 2075 1434 2117 omnes,
1448 2070 1514 2106 ta-

123 2141 224 2172 men
244 2128 346 2186 quia
360 2127 432 2171 alii
446 2139 707 2188 acceperunt
718 2140 817 2189 post
832 2145 964 2176 unam
981 2130 1150 2186 horam,
1167 2130 1239 2175 alii
1253 2142 1514 2192 acceperunt

123 2207 222 2258 post
236 2198 541 2243 duodecimam
562 2199 731 2255 horam,
756 2200 820 2244 illi
842 2199 947 2245 dicti
967 2210 1069 2246 sunt
1090 2202 1252 2261 priores
1274 2204 1509 2263 accepisse,

48 2271 64 2322 ζ
124 2270 203 2330 qui
221 2279 320 2329 post
341 2270 566 2314 modicum
588 2272 796 2331 temporis
815 2281 1091 2331 acceperunt.
1118 2274 1250 2317 Primi
1261 2274 1381 2334 justi,
1403 2275 1514 2320 sicut

45 2341 56 2382 l
124 2339 261 2395 Abel,
297 2341 408 2387 sicut
437 2343 557 2397 Noe,
594 2342 719 2402 quasi
752 2343 892 2403 prima
925 2344 1031 2388 hora
1064 2344 1227 2399 vocati,
1262 2342 1512 2391 felicitatem

123 2411 449 2456 resurrectionis
477 2411 706 2457 nobiscum
732 2414 954 2474 accepturi
980 2423 1096 2459 sunt.
1114 2414 1200 2459 Alii
1215 2415 1321 2475 justi
1342 2426 1441 2476 post
1455 2418 1512 2462 il-

124 2478 191 2526 los
207 2515 218 2537 ‚
237 2481 460 2527 Abraham
477 2517 488 2538 ,
510 2485 630 2529 Isaac
645 2517 657 2540 ‚
678 2484 816 2531 Jacob
830 2519 842 2541 ,
863 2494 907 2531 et
925 2485 1192 2546 quicumque
1218 2495 1343 2533 erant
1363 2488 1512 2534 saeculi
1578 2478 1583 2481 ⁵

175 2570 186 2589 ¹
206 2565 327 2600 Matth.
343 2576 418 2608 xxv,
433 2565 488 2609 34.
