1898 3178
389 176 473 217 462
814 187 848 214 s.
883 183 1110 213 Aueusnm
1140 185 1322 214 EPISCOPI

387 253 526 297 utitur
542 252 668 297 nobis
692 253 805 296 Deus
838 250 884 293 in
905 250 1269 309 dispensationem
1291 257 1478 295 vestram
1504 268 1513 294 :
1531 249 1767 296 clamamus

386 332 429 368 et
451 339 555 379 nos,
585 331 628 367 et
655 322 838 366 dicimus
860 321 984 366 vobis
1005 340 1014 368 z
1045 340 1065 363 «
1084 320 1289 366 Recedite
1310 354 1321 375 ,
1342 321 1452 365 exite
1473 321 1599 376 inde,
1622 330 1665 365 et
1686 322 1769 366 im-

389 411 409 435 »
445 393 658 438 mundum
681 406 737 435 ne
758 390 984 450 tetigeritis
1007 410 1016 437 :
1040 390 1116 436 sed
1134 400 1338 437 contactu
1358 391 1521 447 cordis,
1547 407 1638 436 non
1668 407 1768 436 cor—

389 481 410 504 »
446 463 561 522 poris
579 463 609 505 ¹.
636 479 657 502 »
682 459 800 514 Quid
821 469 884 506 est
904 461 1019 505 enim
1041 470 1215 520 tangere
1236 460 1533 517 immundum,
1558 462 1639 506 nisi
1660 477 1769 507 con-

387 534 545 578 sentire
565 532 786 592 peccatis?
807 531 925 586 Quid
945 541 1010 577 est
1036 541 1182 578 autem
1214 532 1327 576 exire
1364 532 1488 588 inde,
1515 533 1598 577 nisi
1629 532 1771 578 facere

387 603 507 663 quod
534 603 724 663 pertinet
743 601 799 648 ad
821 603 1140 663 correptionem
1173 602 1387 647 malorum
1404 637 1415 658 ,
1450 612 1666 664 quantum
1692 619 1772 663 pro

387 675 730 737 uniuscujusque
747 675 886 734 gradu
899 684 1031 736 atque
1045 690 1228 735 persona
1245 673 1361 719 salva
1373 689 1478 734 pace
1489 675 1581 719 fieri
1598 677 1772 735 potest?

387 745 616 806 Displicuit
649 746 730 790 tibi
762 746 883 806 quod
908 746 1091 807 quisque
1127 745 1347 806 peccavit,
1372 761 1462 790 non
1482 746 1660 804 tetigisti
1690 746 1773 790 im-

386 817 619 862 mundum.
660 816 960 876 Redarguisti,
985 816 1252 876 corripuisti,
1276 816 1500 873 monuisti,
1534 815 1770 862 adhibuisti

386 889 514 934 etiam
531 924 542 945 ,
567 889 603 934 51
630 904 697 934 105
733 889 902 948 exegit,
937 903 1200 948 congruam,
1238 897 1282 933 et
1305 904 1404 949 quae
1437 889 1650 933 unitatem
1683 904 1774 934 11011

386 959 518 1005 violet
533 995 545 1016 ,
569 959 866 1020 disciplinam,
891 959 1012 1004 existi
1033 958 1151 1005 inde.
1176 959 1403 1005 Attendite
1429 960 1475 1004 111
1509 958 1625 1005 facta
1646 975 1774 1005 sanc-

386 1038 530 1075 torum
546 1065 557 1086 ,
582 1046 638 1075 ne
660 1031 772 1077 forte
806 1039 954 1076 nostra
972 1031 1168 1076 videatur
1202 1030 1518 1091 interpretatio.
1546 1032 1776 1085 Quomodo

385 1101 478 1145 haec
494 1102 627 1147 verba
668 1101 976 1147 intellexerunt
1007 1101 1170 1157 sancti,
1209 1102 1268 1146 sic
1304 1101 1458 1162 utique
1491 1102 1776 1161 intelligenda

385 1182 501 1216 sunt.
526 1190 546 1214 «
565 1173 691 1217 Exite
707 1172 826 1228 inde,
846 1173 990 1234 inquit
1011 1173 1229 1232 Propheta
1252 1191 1260 1218 :
1285 1190 1304 1214 »
1327 1174 1451 1218 Prius
1472 1174 1628 1218 usitata
1642 1174 1777 1233 ipsius

385 1243 507 1287 verbi
549 1243 868 1288 consuetudine
903 1259 1044 1289 assero
1072 1244 1198 1288 istam
1239 1244 1521 1300 sententiam,
1553 1254 1598 1289 et
1626 1253 1778 1303 postea

387 1313 570 1359 ostendo
591 1330 682 1359 non
703 1330 860 1359 meam.
900 1315 1164 1375 Plerumque
1193 1324 1451 1359 accusantur
1481 1315 1704 1373 homines3
1736 1323 1780 1359 et

387 1400 486 1429 cum
502 1385 689 1430 accusati
706 1384 884 1440 fuerint,
905 1384 1151 1430 defendunt
1163 1400 1207 1429 50
1229 1404 1237 1430 :
1264 1400 1365 1429 cum
1385 1394 1529 1429 autem
1554 1400 1598 1429 se
1614 1385 1687 1429 ille
1700 1385 1779 1446 qui

386 1463 612 1499 accusatur
624 1455 773 1510 homo,
790 1454 1105 1499 rationabiliter
1113 1456 1317 1514 justeque
1330 1454 1595 1507 defenderit,
1610 1455 1686 1515 qui
1704 1471 1778 1500 au-

386 1525 535 1579 diunt,
561 1524 715 1569 dicunt
735 1544 744 1569 :
766 1525 878 1569 Exiit
902 1525 1017 1569 inde.
1044 1528 1141 1577 Quo
1163 1525 1266 1569 inde
1288 1525 1423 1569 exiit?
1449 1527 1631 1571 Manens
1649 1524 1747 1572 loco
1762 1561 1774 1583 ‚

385 1595 486 1638 exiit
514 1594 630 1638 inde.
659 1594 892 1648 Quomodo
921 1593 1023 1638 inde
1045 1594 1170 1639 exiit?
1194 1596 1380 1640 Ratione
1408 1595 1603 1652 reddita,
1629 1605 1672 1641 et
1702 1596 1777 1642 de-

384 1663 581 1708 fensione
593 1664 845 1725 justissima.
862 1667 955 1709 Hoc
977 1673 1041 1709 est
1056 1665 1177 1725 quod
1194 1665 1411 1710 faciebant
1425 1668 1577 1723 sancti,
1595 1668 1775 1728 quando

385 1734 658 1779 excutiebant
671 1733 893 1794 pulverem
906 1734 960 1779 de
972 1734 1156 1795 pedibus
1169 1737 1254 1781 suis
1271 1735 1474 1781 adversus
1493 1753 1579 1792 eos,
1598 1738 1676 1798 qui
1690 1738 1773 1782 sibi

385 1821 537 1865 pacem
559 1807 805 1850 nuntiatam
830 1821 920 1851 non
952 1807 1221 1866 accipiebant
1235 1811 1269 1851 2.
1297 1808 1411 1851 Exiit
1438 1807 1541 1852 inde
1568 1807 1641 1852 ille
1674 1824 1775 1868 spe-

385 1876 553 1921 culator
569 1912 579 1932 ,
604 1878 675 1921 cui
707 1875 874 1921 dictum
897 1886 989 1922 est:
1014 1896 1034 1919 «
1057 1877 1382 1938 Speculatorem
1409 1878 1534 1937 posui
1556 1887 1598 1923 te
1623 1878 1776 1924 domui

389 1965 409 1988 »
445 1946 575 1992 Israel
591 1949 622 1991 3.
650 1965 670 1989 »
692 1947 761 1991 Illi
779 1948 896 1991 enim
918 1947 1108 1992 dicitur:
1140 1967 1159 1990 «
1185 1949 1227 1993 Si
1249 1948 1406 1992 dixeris
1427 1949 1595 2008 iniquo,
1621 1959 1665 1994 et
1684 1966 1774 1996 non

388 2035 408 2059 »
443 2033 486 2062 se
503 2018 706 2063 averterit
727 2019 780 2062 ab
799 2019 1030 2078 iniquitate
1052 2027 1095 2062 01
1116 2034 1140 2063 3
1156 2019 1224 2063 via
1240 2034 1316 2063 sua
1328 2019 1532 2079 ,iniquus
1547 2019 1621 2064 1110
1637 2020 1683 2065 111
1696 2037 1774 2066 5113

387 2106 408 2130 »
442 2089 671 2150 iniquitate
695 2089 932 2144 morietur,
957 2098 999 2133 et
1032 2098 1082 2134 tu
1111 2089 1299 2133 animam
1330 2098 1451 2134 tuam
1480 2089 1725 2136 liberabis&
1749 2110 1770 2133 »

386 2162 479 2205 Hoc
501 2161 534 2205 si
564 2159 695 2216 facit,
731 2160 820 2204 exit
851 2159 954 2204 inde
976 2195 987 2215 ‚
1026 2175 1117 2205 non
1152 2161 1423 2220 separatione
1455 2162 1673 2221 corporis,
1699 2162 1774 2207 sed

386 2229 638 2276 defensione
651 2231 791 2291 operis
807 2231 888 2276 sui.
905 2231 1027 2275 Fecit
1041 2231 1156 2275 enim
1170 2231 1250 2276 iste
1267 2220 1387 2292 quod
1399 2231 1646 2277 faciendum
1660 2233 1769 2278 fuit:

387 2302 517 2346 etiam
539 2303 574 2347 si
591 2302 664 2347 ille
680 2318 768 2347 non
791 2302 1133 2362 obtemperavit,
1158 2303 1229 2347 cui
1250 2303 1645 2363 obtemperandum
1667 2303 1768 2349 fuit.

389 2375 482 2418 Hoc
502 2383 566 2418 est
588 2395 597 2420 :
617 2375 742 2419 Exite
758 2373 877 2418 inde.

446 2447 608 2490 XXIV.
633 2445 845 2491 Clamavit
859 2445 939 2490 ista
959 2447 1146 2502 Moyses,
1171 2444 1374 2490 clamavit
1391 2448 1546 2502 Isa'r'as,
1570 2445 1772 2491 clamavit

432 2529 444 2549 ¹
463 2528 574 2562 Florus
590 2530 631 2564 ad
649 2538 669 2564 2
686 2532 762 2564 Cor.
781 2542 827 2565 vi.
845 2537 911 2555 —2
927 2532 1004 2563 Luc.
1023 2540 1059 2573 x,
1076 2541 1128 2563 11.
1154 2547 1196 2555 —-
1215 2529 1229 2555 3
1247 2530 1364 2565 Ezech.
1382 2542 1432 2571 111,
1458 2542 1556 2574 17.--
1575 2530 1591 2562 4
1608 2530 1692 2566 Ibid.
1717 2542 1770 2574 ¹9·
1829 2547 1832 2563 1
