1898 3178
382 162 466 203 186
808 170 843 200 3.
878 169 1110 201 meus-nm
1141 172 1327 202 Ense-,01⁵1

379 250 490 295 illud
511 250 670 295 donavi
692 249 844 294 vobis?
863 247 944 292 Ille
965 248 1089 294 vobis
1109 247 1288 295 donavit
1302 285 1314 307 ‚
1337 250 1409 295 cui
1426 249 1567 295 dicitis
1595 269 1604 296 z
1634 251 1766 296 «Fiat

382 339 403 363 »
439 320 640 366 voluntas
657 329 757 374 tua,
789 319 901 363 sicut
921 319 967 362 in
989 319 1129 375 coelo,
1154 320 1214 365 ita
1245 330 1287 365 et
1317 322 1364 366 in
1391 330 1562 365 terra.»
1603 323 1765 366 Tamen

380 407 471 437 non
486 392 608 437 vobis
629 389 828 435 videatur
862 389 1127 450 impossibile
1153 409 1163 436 :
1188 406 1268 451 ego
1290 393 1400 447 3610,
1426 406 1507 451 ego
1530 392 1660 447 novi,
1686 406 1765 450 ego

380 464 563 524 probavi
587 477 676 506 esse
700 461 896 506 homines
923 461 1199 518 christianos,
1238 464 1316 523 qui
1353 463 1546 522 diligunt
1567 463 1766 508 inimicos

380 550 493 579 suos.
524 534 566 578 Si
582 532 706 578 vobis
727 532 995 592 impossibile
1015 534 1156 578 visum
1176 533 1330 588 fuerit,
1354 550 1445 578 non
1466 533 1646 578 faciatis.
1672 536 1766 579 Pri-

382 620 454 648 mo
474 603 636 648 credite
649 638 660 659 ‚
680 618 804 663 posse
821 603 914 647 fieri
940 622 949 648 :
976 612 1019 648 et
1040 613 1159 649 orate
1173 639 1184 661 ,
1209 614 1260 649 ut
1280 606 1356 650 fiat
1371 605 1551 649 invobis
1563 604 1766 650 voluntas

382 675 475 718 Dei.
503 673 616 728 Quid
638 674 755 718 enim
768 673 846 718 tibi
858 674 1034 734 prodest
1051 674 1216 719 malum
1238 675 1406 720 inimici
1425 675 1518 720 tui?
1542 676 1585 721 Si
1601 674 1767 720 malum

380 743 554 788 nullum
572 743 771 799 haberet,
786 759 867 788 nec
882 744 1082 790 inimicus
1100 754 1200 790 tuus
1218 754 1342 790 esset.
1368 747 1542 789 Bonum
1564 745 1629 790 illi
1647 754 1763 805 opta,

381 815 503 860 finiat
524 815 652 870 mala,
669 824 810 860 etnon
830 814 912 860 erit
933 815 1013 859 tibi
1030 816 1243 860 inimicus,
1263 818 1362 862 Non
1375 815 1491 860 enim
1512 815 1687 861 inimica
1703 824 1767 860 est

381 887 461 931 tibi
482 888 528 932 in
548 886 624 932 illo
656 897 810 934 natura
827 888 1034 942 humana,
1055 886 1131 932 sed
1153 887 1297 947 culpa.
1322 887 1548 946 Numquid
1569 885 1669 931 ideo
1686 886 1768 930 tibi

381 966 446 1002 est
461 958 676 1013 inimicus,
698 957 818 1018 quod
839 957 972 1003 habet
989 957 1179 1001 animam
1196 966 1239 1001 et
1251 959 1451 1002 carnem?
1467 959 1561 1002 Hoc
1574 965 1638 1000 est
1648 956 1769 1016 quod

381 1037 430 1072 tu
457 1047 465 1072 :
491 1029 680 1073 animam
702 1029 835 1076 habes
853 1063 863 1083 ,
890 1029 1081 1072 animam
1101 1028 1236 1072 habet
1260 1047 1269 1073 :
1292 1042 1466 1072 carnem
1482 1027 1617 1072 habes
1633 1061 1645 1083 ‚
1671 1042 1769 1071 car-

381 1115 481 1144 nem
504 1100 652 1144 habet.
679 1099 1068 1145 Consubstantialis
1090 1109 1190 1144 tuus
1205 1108 1270 1144 est
1289 1119 1298 1144 :
1322 1098 1450 1144 simili
1461 1098 1515 1142 de
1534 1108 1647 1143 terra
1664 1098 1770 1144 facti

380 1170 479 1214 estis
505 1189 513 1214 :
540 1186 564 1214 a
587 1170 774 1214 Domino
796 1170 975 1214 animati
991 1170 1106 1214 estiS.
1139 1171 1234 1214 Hoc
1262 1178 1327 1214 est
1343 1168 1417 1213 ille
1438 1168 1559 1228 quod
1580 1177 1630 1213 tu
1652 1185 1661 1210 :
1682 1184 1766 1214 res-

379 1240 474 1299 pice
485 1240 666 1284 fratrem
682 1249 823 1284 tuum.
845 1240 978 1285 Primi
992 1240 1082 1283 duo
1099 1248 1298 1298 parentes
1313 1240 1449 1284 nostri
1465 1247 1605 1294 erant,
1626 1239 1768 1283 Adam

380 1320 422 1355 et
452 1314 564 1369 Eva3
589 1311 661 1355 ille
681 1320 820 1371 pater,
846 1309 920 1354 illa
941 1320 1078 1354 mater
1108 1329 1117 1355 :
1155 1324 1256 1368 ergo
1279 1325 1358 1354 nos
1378 1309 1549 1354 fratres,
1576 1311 1767 1354 Omitta-

379 1396 476 1426 mus
498 1382 710 1441 originem
730 1381 915 1441 primam
934 1383 1075 1426 :Deus
1098 1390 1237 1441 pater,
1261 1380 1456 1425 Ecclesia
1478 1389 1616 1425 mater
1638 1399 1647 1426 :
1668 1395 1769 1439 ergo

379 1467 457 1497 nos
479 1452 647 1497 fratres.
679 1453 764 1498 Sed
785 1453 983 1496 inimicus
1003 1467 1125 1496 meus
1147 1467 1340 1512 paganus
1363 1461 1447 1507 est,
1475 1451 1656 1497 Judaeus
1672 1460 1735 1496 est
1754 1486 1765 1508 ‚

379 1523 610 1568 haereticus
623 1532 702 1579 cst3
718 1532 760 1567 et
772 1522 890 1567 unde
900 1524 990 1583 jam
1007 1521 1174 1567 dudum
1187 1522 1275 1568 dixi
1297 1541 1334 1567 :«
1352 1523 1449 1567 Fiat
1463 1523 1665 1568 voluntas
1676 1531 1767 1578 tua,

381 1611 402 1635 »
438 1595 549 1638 sieut
577 1595 623 1638 in
655 1594 790 1649 coelo,
816 1594 876 1638 ita
913 1603 956 1638 et
985 1594 1180 1638 interra.
1203 1611 1224 1635 »
1260 1595 1298 1638 Ο
1321 1593 1536 1649 Ecclesia,
1571 1593 1770 1638 inimicus

379 1673 479 1709 tuus
501 1674 565 1709 est
585 1679 780 1724 paganus
796 1700 807 1719 ,
838 1663 1042 1719 Judaeus,
1078 1664 1307 1708 haereticus
1334 1683 1343 1708 ε
1369 1673 1485 1709 terra
1501 1673 1581 1709 est.
1610 1664 1653 1708 Si
1674 1679 1769 1708 coe—

378 1734 471 1779 lum
492 1750 557 1789 es,
583 1735 738 1778 invoca
762 1737 933 1778 Patrem
948 1768 959 1789 ‚
977 1734 1055 1793 qui
1077 1743 1141 1778 est
1162 1734 1208 1777 in
1235 1733 1379 1788 coelis,
1405 1743 1449 1778 et
1471 1749 1551 1793 pro
1587 1734 1769 1779 inimicis

378 1807 463 1851 tuis
485 1821 559 1851 ora
578 1825 586 1850 :
607 1806 711 1865 quia
724 1814 767 1849 et
783 1805 938 1850 Saulus
955 1805 1156 1849 inimicus
1170 1814 1262 1849 erat
1274 1804 1481 1850 Ecclesiae
1495 1826 1506 1863 3
1522 1805 1580 1849 sic
1596 1813 1768 1849 oratum

379 1886 443 1921 est
458 1892 538 1936 pro
557 1876 649 1932 1110,
664 1877 804 1920 factus
819 1885 882 1920 est
897 1875 1075 1920 amicus.
1097 1878 1196 1921 Non
1213 1874 1354 1919 solum
1377 1875 1543 1920 destitit
1563 1890 1652 1919 esse
1666 1891 1767 1935 per-

379 1956 567 2003 secutor,
590 1947 666 1991 sed
679 1946 895 1991 laboravit
909 1954 959 1990 ut
974 1954 1084 1989 esset
1097 1945 1285 2005 adjutor.
1303 1948 1360 1990 Et
1368 1946 1401 1989 si
1414 1961 1566 1994 verum
1578 1961 1764 2006 quaeras,

380 2028 550 2064 oratum
572 2027 637 2063 est
658 2027 810 2063 contra
838 2016 963 2061 illum
990 2035 999 2061 ε
1026 2015 1102 2060 sed
1122 2025 1275 2061 contra
1296 2020 1388 2076 ejus
1410 2016 1620 2062 malitiam
1640 2052 1652 2073 ‚
1676 2032 1766 2062 non

379 2099 595 2134 naturam.
621 2089 706 2133 Ora
726 2097 769 2132 et
794 2096 841 2132 tu
858 2096 1010 2131 contra
1031 2086 1240 2130 malitiam
1261 2087 1427 2132 inimici
1448 2088 1515 2131 tui
1540 2106 1549 2132 z
1574 2087 1648 2132 illa
1668 2103 1766 2133 mo-

380 2161 530 2215 riatur,
557 2169 600 2205 et
620 2159 693 2203 1116
709 2159 840 2204 vivat.
869 2159 912 2203 Si
931 2158 1047 2202 enim
1064 2166 1261 2202 mortuus
1278 2157 1410 2202 fuerit
1430 2159 1632 2204 inimicus
1645 2167 1762 2214 tum,

381 2231 503 2290 quasi
518 2230 695 2274 inimico
716 2229 910 2283 caruisti,
925 2228 1001 2272 sed
1017 2243 1096 2272 1166
1111 2228 1301 2272 amicum
1318 2228 1536 2273 invenisti.
1558 2229 1600 2274 Si
1619 2238 1765 2274 autem

364 2311 553 2364 ‘mortua
575 2300 710 2345 fuerit
730 2299 892 2344 malitia
914 2300 1005 2359 ejus
1026 2318 1035 2343 :
1063 2308 1105 2343 et
1122 2298 1349 2343 inimicum
1371 2299 1571 2355 amisisti,
1594 2309 1637 2345 et
1655 2300 1764 2347 ami-

383 2386 483 2414 cum
505 2372 722 2416 invenisti.

439 2442 535 2483 XV.
562 2440 718 2485 Adhuc
735 2439 873 2484 dicitis
893 2458 902 2484 z
926 2439 1032 2493 Quis
1049 2447 1220 2499 potest,
1246 2440 1343 2500 quis
1363 2438 1474 2483 illud
1494 2437 1631 2484 fecit?
1649 2441 1764 2484 Deus

381 2509 491 2554 illud
520 2510 648 2555 faciat
669 2513 715 2556 in
743 2511 949 2557 cordibus
969 2511 1135 2555 vestris.
1162 2513 1219 2555 Et
1252 2525 1332 2569 ego
1356 2510 1464 2565 3610,
1491 2510 1618 2570 pauci
1652 2509 1762 2556 illud
