<?xml version="1.0" encoding="UTF-8"?>
<!DOCTYPE html PUBLIC "-//W3C//DTD XHTML 1.0 Transitional//EN"
    "http://www.w3.org/TR/xhtml1/DTD/xhtml1-transitional.dtd">
<html xmlns="http://www.w3.org/1999/xhtml" xml:lang="en" lang="en">
 <head>
  <title>
</title>
<meta http-equiv="Content-Type" content="text/html;charset=utf-8" />
  <meta name='ocr-system' content='tesseract 3.04.00' />
  <meta name='ocr-capabilities' content='ocr_page ocr_carea ocr_par ocr_line ocrx_word'/>
</head>
<body>
  <div class='ocr_page' id='page_1' title='image "./operaomniaaccura18auguuoft_0487.png"; bbox 0 0 1898 3178; ppageno 0'>
   <div class='ocr_carea' id='block_1_1' title="bbox 0 931 8 1363">
    <p class='ocr_par' dir='ltr' id='par_1_1' title="bbox 0 931 8 1363">
     <span class='ocr_line' id='line_1_1' title="bbox 0 931 8 1363; textangle 90"><span class='ocrx_word' id='word_1_1' title='bbox 0 1355 8 1363; x_wconf 83' lang='grc' dir='ltr'>ι</span> <span class='ocrx_word' id='word_1_2' title='bbox 0 1274 7 1301; x_wconf 51' lang='grc' dir='ltr'>»ι</span> <span class='ocrx_word' id='word_1_3' title='bbox 0 1061 6 1231; x_wconf 66' lang='lat'>.-.·-.—--</span> <span class='ocrx_word' id='word_1_4' title='bbox 0 1001 4 1008; x_wconf 62' lang='lat' dir='ltr'>v</span> <span class='ocrx_word' id='word_1_5' title='bbox 0 931 4 946; x_wconf 51' lang='lat' dir='ltr'>v</span> 
     </span>
    </p>
   </div>
   <div class='ocr_carea' id='block_1_2' title="bbox 0 1415 10 1512">
    <p class='ocr_par' dir='ltr' id='par_1_2' title="bbox 0 1415 10 1512">
     <span class='ocr_line' id='line_1_2' title="bbox 0 1415 10 1512; textangle 90"><span class='ocrx_word' id='word_1_6' title='bbox 0 1415 10 1512; x_wconf 65' lang='grc' dir='ltr'>Ξ-κ-,ι</span> 
     </span>
    </p>
   </div>
   <div class='ocr_carea' id='block_1_3' title="bbox 0 1556 14 1789">
    <p class='ocr_par' dir='ltr' id='par_1_3' title="bbox 0 1556 14 1789">
     <span class='ocr_line' id='line_1_3' title="bbox 0 1556 14 1789; textangle 90"><span class='ocrx_word' id='word_1_7' title='bbox 0 1773 13 1789; x_wconf 74' lang='grc' dir='ltr'>ἶ</span> <span class='ocrx_word' id='word_1_8' title='bbox 0 1697 14 1724; x_wconf 67' lang='grc' dir='ltr'>ΕΞ</span> <span class='ocrx_word' id='word_1_9' title='bbox 0 1556 12 1654; x_wconf 56' lang='lat'>0-(3</span> 
     </span>
    </p>
   </div>
   <div class='ocr_carea' id='block_1_4' title="bbox 0 2115 17 2221">
    <p class='ocr_par' dir='ltr' id='par_1_4' title="bbox 0 2115 17 2221">
     <span class='ocr_line' id='line_1_4' title="bbox 0 2115 17 2149; baseline 0 0"><span class='ocrx_word' id='word_1_10' title='bbox 0 2115 17 2149; x_wconf 74' lang='lat' dir='ltr'>it</span> 
     </span>
     <span class='ocr_line' id='line_1_5' title="bbox 0 2186 17 2221; baseline -0.059 0"><span class='ocrx_word' id='word_1_11' title='bbox 0 2186 17 2221; x_wconf 71' lang='lat' dir='ltr'>it</span> 
     </span>
    </p>
   </div>
   <div class='ocr_carea' id='block_1_5' title="bbox 369 184 1482 238">
    <p class='ocr_par' dir='ltr' id='par_1_5' title="bbox 369 184 1482 238">
     <span class='ocr_line' id='line_1_6' title="bbox 369 184 1482 238; baseline -0.002 -9"><span class='ocrx_word' id='word_1_12' title='bbox 369 201 506 230; x_wconf 63' lang='lat' dir='ltr'>sunno</span> <span class='ocrx_word' id='word_1_13' title='bbox 537 199 612 238; x_wconf 83' lang='lat' dir='ltr'>xe,</span> <span class='ocrx_word' id='word_1_14' title='bbox 646 200 701 228; x_wconf 71' lang='lat' dir='ltr'>nn</span> <span class='ocrx_word' id='word_1_15' title='bbox 734 197 880 229; x_wconf 76' lang='lat' dir='ltr'>vmnns</span> <span class='ocrx_word' id='word_1_16' title='bbox 910 197 1076 228; x_wconf 74' lang='grc' dir='ltr'><strong>ΜΑΤΤΗ.</strong></span> <span class='ocrx_word' id='word_1_17' title='bbox 1110 197 1212 226; x_wconf 86' lang='lat' dir='ltr'>xx11.</span> <span class='ocrx_word' id='word_1_18' title='bbox 1397 184 1482 227; x_wconf 79' lang='lat'>475</span> 
     </span>
    </p>
   </div>
   <div class='ocr_carea' id='block_1_6' title="bbox 101 263 1498 2510">
    <p class='ocr_par' dir='ltr' id='par_1_6' title="bbox 101 263 1496 2013">
     <span class='ocr_line' id='line_1_7' title="bbox 102 263 1480 323; baseline -0.001 -12"><span class='ocrx_word' id='word_1_19' title='bbox 102 266 181 311; x_wconf 91' lang='lat' dir='ltr'>nisi</span> <span class='ocrx_word' id='word_1_20' title='bbox 211 280 324 311; x_wconf 91' lang='lat' dir='ltr'>unus</span> <span class='ocrx_word' id='word_1_21' title='bbox 345 268 474 311; x_wconf 89' lang='lat' dir='ltr'>Deus.</span> <span class='ocrx_word' id='word_1_22' title='bbox 511 263 655 309; x_wconf 85' lang='lat' dir='ltr'>Habes</span> <span class='ocrx_word' id='word_1_23' title='bbox 675 265 938 323; x_wconf 85' lang='lat' dir='ltr'><strong>apertissime</strong></span> <span class='ocrx_word' id='word_1_24' title='bbox 965 264 1200 310; x_wconf 90' lang='lat' dir='ltr'>Dominum</span> <span class='ocrx_word' id='word_1_25' title='bbox 1227 263 1443 308; x_wconf 83' lang='lat' dir='ltr'>dicentem</span> <span class='ocrx_word' id='word_1_26' title='bbox 1471 282 1480 309; x_wconf 74' lang='grc' dir='ltr'><strong><em>ε</em></strong></span> 
     </span>
     <span class='ocr_line' id='line_1_8' title="bbox 107 332 1484 391; baseline -0.001 -14"><span class='ocrx_word' id='word_1_27' title='bbox 107 354 127 377; x_wconf 93' lang='lat'>«</span> <span class='ocrx_word' id='word_1_28' title='bbox 161 335 278 389; x_wconf 89' lang='lat' dir='ltr'><strong>Quid</strong></span> <span class='ocrx_word' id='word_1_29' title='bbox 297 350 367 379; x_wconf 90' lang='lat' dir='ltr'>me</span> <span class='ocrx_word' id='word_1_30' title='bbox 398 336 636 391; x_wconf 83' lang='lat' dir='ltr'><strong>interrogas</strong></span> <span class='ocrx_word' id='word_1_31' title='bbox 658 332 712 377; x_wconf 88' lang='lat' dir='ltr'>de</span> <span class='ocrx_word' id='word_1_32' title='bbox 746 334 897 379; x_wconf 79' lang='lat' dir='ltr'>bono?</span> <span class='ocrx_word' id='word_1_33' title='bbox 918 336 1054 379; x_wconf 89' lang='lat' dir='ltr'>Nemo</span> <span class='ocrx_word' id='word_1_34' title='bbox 1087 333 1228 378; x_wconf 90' lang='lat' dir='ltr'>bonus</span> <span class='ocrx_word' id='word_1_35' title='bbox 1255 333 1338 377; x_wconf 87' lang='lat' dir='ltr'>nisi</span> <span class='ocrx_word' id='word_1_36' title='bbox 1370 348 1484 377; x_wconf 86' lang='lat' dir='ltr'>unus</span> 
     </span>
     <span class='ocr_line' id='line_1_9' title="bbox 105 403 1485 465; baseline 0 -17"><span class='ocrx_word' id='word_1_37' title='bbox 105 425 126 448; x_wconf 86' lang='lat'>»</span> <span class='ocrx_word' id='word_1_38' title='bbox 160 408 314 451; x_wconf 84' lang='lat' dir='ltr'>Deus1.</span> <span class='ocrx_word' id='word_1_39' title='bbox 344 424 365 448; x_wconf 89' lang='lat'>»</span> <span class='ocrx_word' id='word_1_40' title='bbox 390 404 618 459; x_wconf 85' lang='lat' dir='ltr'>Quomodo</span> <span class='ocrx_word' id='word_1_41' title='bbox 641 419 745 463; x_wconf 80' lang='lat' dir='ltr'>ergo</span> <span class='ocrx_word' id='word_1_42' title='bbox 772 406 938 465; x_wconf 86' lang='lat' dir='ltr'>nuptiae</span> <span class='ocrx_word' id='word_1_43' title='bbox 970 404 1058 449; x_wconf 80' lang='lat' dir='ltr'>illae</span> <span class='ocrx_word' id='word_1_44' title='bbox 1082 405 1248 449; x_wconf 88' lang='lat' dir='ltr'>habent</span> <span class='ocrx_word' id='word_1_45' title='bbox 1270 403 1409 449; x_wconf 90' lang='lat' dir='ltr'>bonos</span> <span class='ocrx_word' id='word_1_46' title='bbox 1441 413 1485 448; x_wconf 89' lang='lat' dir='ltr'>ct</span> 
     </span>
     <span class='ocr_line' id='line_1_10' title="bbox 101 474 1485 532; baseline -0.002 -11"><span class='ocrx_word' id='word_1_47' title='bbox 101 476 264 532; x_wconf 77' lang='lat' dir='ltr'>malos,</span> <span class='ocrx_word' id='word_1_48' title='bbox 288 477 321 520; x_wconf 89' lang='lat' dir='ltr'>si</span> <span class='ocrx_word' id='word_1_49' title='bbox 337 491 467 521; x_wconf 87' lang='lat' dir='ltr'>nemo</span> <span class='ocrx_word' id='word_1_50' title='bbox 483 476 626 521; x_wconf 88' lang='lat' dir='ltr'>bonus</span> <span class='ocrx_word' id='word_1_51' title='bbox 649 475 733 519; x_wconf 91' lang='lat' dir='ltr'>nisi</span> <span class='ocrx_word' id='word_1_52' title='bbox 760 491 874 520; x_wconf 89' lang='lat' dir='ltr'>unus</span> <span class='ocrx_word' id='word_1_53' title='bbox 890 477 1035 520; x_wconf 79' lang='lat' dir='ltr'>Deus?</span> <span class='ocrx_word' id='word_1_54' title='bbox 1052 476 1197 520; x_wconf 86' lang='lat' dir='ltr'>Primo</span> <span class='ocrx_word' id='word_1_55' title='bbox 1222 475 1330 520; x_wconf 87' lang='lat' dir='ltr'>scire</span> <span class='ocrx_word' id='word_1_56' title='bbox 1346 474 1485 519; x_wconf 88' lang='lat' dir='ltr'>debe-</span> 
     </span>
     <span class='ocr_line' id='line_1_11' title="bbox 102 544 1482 606; baseline -0.001 -15"><span class='ocrx_word' id='word_1_57' title='bbox 102 546 177 603; x_wconf 89' lang='lat' dir='ltr'>tis,</span> <span class='ocrx_word' id='word_1_58' title='bbox 205 546 446 591; x_wconf 90' lang='lat' dir='ltr'>secundum</span> <span class='ocrx_word' id='word_1_59' title='bbox 467 545 702 606; x_wconf 86' lang='lat' dir='ltr'><strong>quemdam</strong></span> <span class='ocrx_word' id='word_1_60' title='bbox 727 545 909 590; x_wconf 91' lang='lat' dir='ltr'>modum</span> <span class='ocrx_word' id='word_1_61' title='bbox 937 561 1088 591; x_wconf 89' lang='lat' dir='ltr'>omnes</span> <span class='ocrx_word' id='word_1_62' title='bbox 1119 561 1198 590; x_wconf 91' lang='lat' dir='ltr'>nos</span> <span class='ocrx_word' id='word_1_63' title='bbox 1222 560 1311 590; x_wconf 91' lang='lat' dir='ltr'>esse</span> <span class='ocrx_word' id='word_1_64' title='bbox 1330 544 1482 590; x_wconf 85' lang='lat' dir='ltr'>malos.</span> 
     </span>
     <span class='ocr_line' id='line_1_12' title="bbox 103 615 1484 676; baseline -0.001 -15"><span class='ocrx_word' id='word_1_65' title='bbox 103 620 282 662; x_wconf 83' lang='lat' dir='ltr'>Prorsus</span> <span class='ocrx_word' id='word_1_66' title='bbox 301 616 544 662; x_wconf 85' lang='lat' dir='ltr'>secundum</span> <span class='ocrx_word' id='word_1_67' title='bbox 565 615 800 676; x_wconf 83' lang='lat' dir='ltr'>quemdam</span> <span class='ocrx_word' id='word_1_68' title='bbox 815 615 996 661; x_wconf 89' lang='lat' dir='ltr'>modum</span> <span class='ocrx_word' id='word_1_69' title='bbox 1019 631 1166 661; x_wconf 84' lang='lat' dir='ltr'>omnes</span> <span class='ocrx_word' id='word_1_70' title='bbox 1183 615 1286 660; x_wconf 87' lang='lat' dir='ltr'>mali</span> <span class='ocrx_word' id='word_1_71' title='bbox 1304 631 1453 660; x_wconf 91' lang='lat' dir='ltr'>sumus</span> <span class='ocrx_word' id='word_1_72' title='bbox 1473 634 1484 660; x_wconf 70' lang='grc' dir='ltr'>ι</span> 
     </span>
     <span class='ocr_line' id='line_1_13' title="bbox 103 686 1489 748; baseline -0.001 -16"><span class='ocrx_word' id='word_1_73' title='bbox 103 687 343 732; x_wconf 90' lang='lat' dir='ltr'>secundum</span> <span class='ocrx_word' id='word_1_74' title='bbox 365 697 511 733; x_wconf 84' lang='lat' dir='ltr'>autem</span> <span class='ocrx_word' id='word_1_75' title='bbox 529 686 763 748; x_wconf 85' lang='lat' dir='ltr'>quemdam</span> <span class='ocrx_word' id='word_1_76' title='bbox 784 686 987 743; x_wconf 82' lang='lat' dir='ltr'>modum,</span> <span class='ocrx_word' id='word_1_77' title='bbox 1012 702 1101 732; x_wconf 93' lang='lat' dir='ltr'>non</span> <span class='ocrx_word' id='word_1_78' title='bbox 1116 701 1265 732; x_wconf 90' lang='lat' dir='ltr'>omnes</span> <span class='ocrx_word' id='word_1_79' title='bbox 1287 686 1390 731; x_wconf 88' lang='lat' dir='ltr'>boni</span> <span class='ocrx_word' id='word_1_80' title='bbox 1415 701 1489 730; x_wconf 87' lang='lat' dir='ltr'>su-</span> 
     </span>
     <span class='ocr_line' id='line_1_14' title="bbox 103 757 1488 818; baseline -0.002 -15"><span class='ocrx_word' id='word_1_81' title='bbox 103 774 214 803; x_wconf 91' lang='lat' dir='ltr'>mus.</span> <span class='ocrx_word' id='word_1_82' title='bbox 242 762 474 803; x_wconf 84' lang='lat' dir='ltr'>Possumus</span> <span class='ocrx_word' id='word_1_83' title='bbox 511 759 627 802; x_wconf 89' lang='lat' dir='ltr'>enim</span> <span class='ocrx_word' id='word_1_84' title='bbox 658 773 737 802; x_wconf 90' lang='lat' dir='ltr'>nos</span> <span class='ocrx_word' id='word_1_85' title='bbox 768 758 984 818; x_wconf 88' lang='lat' dir='ltr'>Apostolis</span> <span class='ocrx_word' id='word_1_86' title='bbox 1018 758 1300 817; x_wconf 82' lang='lat' dir='ltr'>comparare?</span> <span class='ocrx_word' id='word_1_87' title='bbox 1328 757 1488 817; x_wconf 83' lang='lat' dir='ltr'>quibus</span> 
     </span>
     <span class='ocr_line' id='line_1_15' title="bbox 104 827 1489 889; baseline -0.001 -16"><span class='ocrx_word' id='word_1_88' title='bbox 104 831 195 889; x_wconf 89' lang='lat' dir='ltr'>ipse</span> <span class='ocrx_word' id='word_1_89' title='bbox 216 829 427 873; x_wconf 90' lang='lat' dir='ltr'>Dominus</span> <span class='ocrx_word' id='word_1_90' title='bbox 449 829 507 873; x_wconf 84' lang='lat' dir='ltr'>ait</span> <span class='ocrx_word' id='word_1_91' title='bbox 531 847 540 873; x_wconf 92' lang='lat'>:</span> <span class='ocrx_word' id='word_1_92' title='bbox 572 848 592 870; x_wconf 90' lang='lat'>«</span> <span class='ocrx_word' id='word_1_93' title='bbox 620 829 662 873; x_wconf 91' lang='lat' dir='ltr'>Si</span> <span class='ocrx_word' id='word_1_94' title='bbox 690 842 791 886; x_wconf 83' lang='lat' dir='ltr'>ergo</span> <span class='ocrx_word' id='word_1_95' title='bbox 813 843 889 873; x_wconf 87' lang='lat' dir='ltr'>vos</span> <span class='ocrx_word' id='word_1_96' title='bbox 907 863 918 884; x_wconf 83' lang='grc'>,</span> <span class='ocrx_word' id='word_1_97' title='bbox 943 843 1044 873; x_wconf 87' lang='lat' dir='ltr'>cum</span> <span class='ocrx_word' id='word_1_98' title='bbox 1069 829 1159 873; x_wconf 87' lang='lat' dir='ltr'>sitis</span> <span class='ocrx_word' id='word_1_99' title='bbox 1188 827 1319 882; x_wconf 81' lang='lat' dir='ltr'>mali,</span> <span class='ocrx_word' id='word_1_100' title='bbox 1354 828 1489 872; x_wconf 89' lang='lat' dir='ltr'>nostis</span> 
     </span>
     <span class='ocr_line' id='line_1_16' title="bbox 106 897 1490 956; baseline 0 -15"><span class='ocrx_word' id='word_1_101' title='bbox 106 918 129 941; x_wconf 85' lang='lat'>»</span> <span class='ocrx_word' id='word_1_102' title='bbox 162 899 279 944; x_wconf 85' lang='lat' dir='ltr'>bona</span> <span class='ocrx_word' id='word_1_103' title='bbox 301 899 402 943; x_wconf 86' lang='lat' dir='ltr'>data</span> <span class='ocrx_word' id='word_1_104' title='bbox 424 899 527 942; x_wconf 83' lang='lat' dir='ltr'>dare</span> <span class='ocrx_word' id='word_1_105' title='bbox 548 898 644 942; x_wconf 87' lang='lat' dir='ltr'>filiis</span> <span class='ocrx_word' id='word_1_106' title='bbox 663 897 815 943; x_wconf 87' lang='lat' dir='ltr'>vestris</span> <span class='ocrx_word' id='word_1_107' title='bbox 829 901 861 942; x_wconf 77' lang='lat'>².</span> <span class='ocrx_word' id='word_1_108' title='bbox 888 915 910 940; x_wconf 84' lang='lat'>»</span> <span class='ocrx_word' id='word_1_109' title='bbox 938 899 980 944; x_wconf 91' lang='lat' dir='ltr'>Si</span> <span class='ocrx_word' id='word_1_110' title='bbox 1002 898 1322 943; x_wconf 81' lang='lat' dir='ltr'>consideremus</span> <span class='ocrx_word' id='word_1_111' title='bbox 1346 898 1490 956; x_wconf 87' lang='lat' dir='ltr'>Scrip-</span> 
     </span>
     <span class='ocr_line' id='line_1_17' title="bbox 104 966 1485 1027; baseline -0.003 -13"><span class='ocrx_word' id='word_1_112' title='bbox 104 979 249 1024; x_wconf 80' lang='lat' dir='ltr'>turas,</span> <span class='ocrx_word' id='word_1_113' title='bbox 284 984 398 1013; x_wconf 89' lang='lat' dir='ltr'>unus</span> <span class='ocrx_word' id='word_1_114' title='bbox 434 968 498 1011; x_wconf 90' lang='lat' dir='ltr'>ibi</span> <span class='ocrx_word' id='word_1_115' title='bbox 527 977 618 1012; x_wconf 86' lang='lat' dir='ltr'>erat</span> <span class='ocrx_word' id='word_1_116' title='bbox 651 968 790 1013; x_wconf 76' lang='lat' dir='ltr'>malus</span> <span class='ocrx_word' id='word_1_117' title='bbox 823 968 936 1013; x_wconf 90' lang='lat' dir='ltr'>inter</span> <span class='ocrx_word' id='word_1_118' title='bbox 971 968 1201 1013; x_wconf 88' lang='lat' dir='ltr'>duodecim</span> <span class='ocrx_word' id='word_1_119' title='bbox 1234 966 1485 1027; x_wconf 84' lang='lat' dir='ltr'>Apostolos,</span> 
     </span>
     <span class='ocr_line' id='line_1_18' title="bbox 105 1037 1490 1100; baseline -0.003 -16"><span class='ocrx_word' id='word_1_120' title='bbox 105 1048 283 1100; x_wconf 87' lang='lat' dir='ltr'>propter</span> <span class='ocrx_word' id='word_1_121' title='bbox 300 1054 433 1099; x_wconf 87' lang='lat' dir='ltr'>quem</span> <span class='ocrx_word' id='word_1_122' title='bbox 454 1039 663 1082; x_wconf 88' lang='lat' dir='ltr'>Dominus</span> <span class='ocrx_word' id='word_1_123' title='bbox 686 1039 744 1083; x_wconf 85' lang='lat' dir='ltr'>ait</span> <span class='ocrx_word' id='word_1_124' title='bbox 765 1038 957 1099; x_wconf 85' lang='lat' dir='ltr'>quodam</span> <span class='ocrx_word' id='word_1_125' title='bbox 974 1038 1072 1084; x_wconf 90' lang='lat' dir='ltr'>loco</span> <span class='ocrx_word' id='word_1_126' title='bbox 1096 1058 1104 1084; x_wconf 89' lang='lat'>:</span> <span class='ocrx_word' id='word_1_127' title='bbox 1131 1058 1151 1081; x_wconf 90' lang='lat'>«</span> <span class='ocrx_word' id='word_1_128' title='bbox 1170 1041 1227 1083; x_wconf 90' lang='lat' dir='ltr'>Et</span> <span class='ocrx_word' id='word_1_129' title='bbox 1243 1053 1319 1083; x_wconf 87' lang='lat' dir='ltr'>vos</span> <span class='ocrx_word' id='word_1_130' title='bbox 1334 1037 1490 1081; x_wconf 89' lang='lat' dir='ltr'>mundi</span> 
     </span>
     <span class='ocr_line' id='line_1_19' title="bbox 108 1109 1491 1165; baseline 0 -13"><span class='ocrx_word' id='word_1_131' title='bbox 108 1128 129 1152; x_wconf 90' lang='grc'>»</span> <span class='ocrx_word' id='word_1_132' title='bbox 164 1111 278 1165; x_wconf 86' lang='lat' dir='ltr'>estis,</span> <span class='ocrx_word' id='word_1_133' title='bbox 305 1109 382 1154; x_wconf 90' lang='lat' dir='ltr'>sed</span> <span class='ocrx_word' id='word_1_134' title='bbox 403 1125 492 1154; x_wconf 92' lang='lat' dir='ltr'>non</span> <span class='ocrx_word' id='word_1_135' title='bbox 514 1125 663 1154; x_wconf 88' lang='lat' dir='ltr'>omnes</span> <span class='ocrx_word' id='word_1_136' title='bbox 679 1112 711 1153; x_wconf 73' lang='lat'>3.</span> <span class='ocrx_word' id='word_1_137' title='bbox 740 1128 759 1151; x_wconf 90' lang='lat'>»</span> <span class='ocrx_word' id='word_1_138' title='bbox 778 1109 1006 1155; x_wconf 91' lang='lat' dir='ltr'>Allocutus</span> <span class='ocrx_word' id='word_1_139' title='bbox 1027 1109 1236 1154; x_wconf 88' lang='lat' dir='ltr'>tamenin</span> <span class='ocrx_word' id='word_1_140' title='bbox 1258 1123 1491 1153; x_wconf 87' lang='lat' dir='ltr'>commune</span> 
     </span>
     <span class='ocr_line' id='line_1_20' title="bbox 106 1182 1487 1236; baseline -0.001 -10"><span class='ocrx_word' id='word_1_141' title='bbox 106 1197 255 1227; x_wconf 87' lang='lat' dir='ltr'>omnes</span> <span class='ocrx_word' id='word_1_142' title='bbox 277 1182 336 1225; x_wconf 84' lang='lat' dir='ltr'>ait</span> <span class='ocrx_word' id='word_1_143' title='bbox 359 1201 368 1226; x_wconf 72' lang='grc' dir='ltr'>ι</span> <span class='ocrx_word' id='word_1_144' title='bbox 398 1200 418 1223; x_wconf 90' lang='lat'>«</span> <span class='ocrx_word' id='word_1_145' title='bbox 448 1182 490 1226; x_wconf 91' lang='lat' dir='ltr'>Si</span> <span class='ocrx_word' id='word_1_146' title='bbox 506 1196 582 1225; x_wconf 87' lang='lat' dir='ltr'>vos</span> <span class='ocrx_word' id='word_1_147' title='bbox 599 1197 698 1226; x_wconf 87' lang='lat' dir='ltr'>cum</span> <span class='ocrx_word' id='word_1_148' title='bbox 718 1182 807 1225; x_wconf 88' lang='lat' dir='ltr'>sitis</span> <span class='ocrx_word' id='word_1_149' title='bbox 825 1182 942 1225; x_wconf 83' lang='lat' dir='ltr'>mali.</span> <span class='ocrx_word' id='word_1_150' title='bbox 969 1200 988 1223; x_wconf 91' lang='lat'>»</span> <span class='ocrx_word' id='word_1_151' title='bbox 1010 1182 1190 1226; x_wconf 80' lang='lat' dir='ltr'>Audivit</span> <span class='ocrx_word' id='word_1_152' title='bbox 1211 1182 1294 1225; x_wconf 90' lang='lat' dir='ltr'>hoc</span> <span class='ocrx_word' id='word_1_153' title='bbox 1312 1184 1487 1236; x_wconf 86' lang='lat' dir='ltr'>Petrus,</span> 
     </span>
     <span class='ocr_line' id='line_1_21' title="bbox 106 1252 1490 1309; baseline -0.001 -12"><span class='ocrx_word' id='word_1_154' title='bbox 106 1253 273 1298; x_wconf 87' lang='lat' dir='ltr'>audivit</span> <span class='ocrx_word' id='word_1_155' title='bbox 295 1255 504 1307; x_wconf 83' lang='lat' dir='ltr'>Joannes,</span> <span class='ocrx_word' id='word_1_156' title='bbox 531 1253 699 1297; x_wconf 81' lang='lat' dir='ltr'>audivit</span> <span class='ocrx_word' id='word_1_157' title='bbox 731 1252 924 1297; x_wconf 76' lang='lat' dir='ltr'>Andreas</span> <span class='ocrx_word' id='word_1_158' title='bbox 939 1289 949 1309; x_wconf 83' lang='lat'>‚</span> <span class='ocrx_word' id='word_1_159' title='bbox 976 1253 1209 1297; x_wconf 87' lang='lat' dir='ltr'>audierunt</span> <span class='ocrx_word' id='word_1_160' title='bbox 1230 1252 1375 1297; x_wconf 86' lang='lat' dir='ltr'>caeteri</span> <span class='ocrx_word' id='word_1_161' title='bbox 1393 1267 1490 1296; x_wconf 91' lang='lat' dir='ltr'>om-</span> 
     </span>
     <span class='ocr_line' id='line_1_22' title="bbox 106 1323 1491 1381; baseline -0.001 -14"><span class='ocrx_word' id='word_1_162' title='bbox 106 1338 182 1367; x_wconf 89' lang='lat' dir='ltr'>nes</span> <span class='ocrx_word' id='word_1_163' title='bbox 204 1323 407 1366; x_wconf 88' lang='lat' dir='ltr'>undecim</span> <span class='ocrx_word' id='word_1_164' title='bbox 429 1323 640 1381; x_wconf 85' lang='lat' dir='ltr'>Apostoli.</span> <span class='ocrx_word' id='word_1_165' title='bbox 678 1323 793 1375; x_wconf 85' lang='lat' dir='ltr'>Quid</span> <span class='ocrx_word' id='word_1_166' title='bbox 827 1323 1093 1367; x_wconf 79' lang='lat' dir='ltr'>audierunt?</span> <span class='ocrx_word' id='word_1_167' title='bbox 1118 1342 1138 1365; x_wconf 89' lang='lat'>«</span> <span class='ocrx_word' id='word_1_168' title='bbox 1163 1326 1250 1367; x_wconf 89' lang='lat' dir='ltr'>Vos</span> <span class='ocrx_word' id='word_1_169' title='bbox 1272 1337 1371 1366; x_wconf 90' lang='lat' dir='ltr'>cum</span> <span class='ocrx_word' id='word_1_170' title='bbox 1404 1323 1491 1366; x_wconf 90' lang='lat' dir='ltr'>sitis</span> 
     </span>
     <span class='ocr_line' id='line_1_23' title="bbox 110 1391 1493 1453; baseline 0.001 -19"><span class='ocrx_word' id='word_1_171' title='bbox 110 1410 131 1434; x_wconf 71' lang='lat'>³)</span> <span class='ocrx_word' id='word_1_172' title='bbox 166 1392 290 1447; x_wconf 86' lang='lat' dir='ltr'>mali,</span> <span class='ocrx_word' id='word_1_173' title='bbox 315 1391 448 1436; x_wconf 87' lang='lat' dir='ltr'>nostis</span> <span class='ocrx_word' id='word_1_174' title='bbox 470 1391 586 1434; x_wconf 81' lang='lat' dir='ltr'>bona</span> <span class='ocrx_word' id='word_1_175' title='bbox 608 1392 709 1435; x_wconf 78' lang='lat' dir='ltr'>data</span> <span class='ocrx_word' id='word_1_176' title='bbox 731 1392 834 1435; x_wconf 83' lang='lat' dir='ltr'>dare</span> <span class='ocrx_word' id='word_1_177' title='bbox 856 1392 954 1436; x_wconf 89' lang='lat' dir='ltr'>filiis</span> <span class='ocrx_word' id='word_1_178' title='bbox 965 1395 1116 1438; x_wconf 85' lang='lat' dir='ltr'>vestris</span> <span class='ocrx_word' id='word_1_179' title='bbox 1138 1412 1146 1437; x_wconf 72' lang='grc' dir='ltr'>ε</span> <span class='ocrx_word' id='word_1_180' title='bbox 1170 1402 1336 1453; x_wconf 81' lang='lat' dir='ltr'>quanto</span> <span class='ocrx_word' id='word_1_181' title='bbox 1357 1393 1493 1451; x_wconf 78' lang='lat' dir='ltr'>magis</span> 
     </span>
     <span class='ocr_line' id='line_1_24' title="bbox 111 1461 1493 1522; baseline 0.001 -18"><span class='ocrx_word' id='word_1_182' title='bbox 111 1480 132 1504; x_wconf 86' lang='lat'>&gt;›</span> <span class='ocrx_word' id='word_1_183' title='bbox 167 1466 295 1506; x_wconf 86' lang='lat' dir='ltr'>Pater</span> <span class='ocrx_word' id='word_1_184' title='bbox 314 1470 455 1506; x_wconf 86' lang='lat' dir='ltr'>vester</span> <span class='ocrx_word' id='word_1_185' title='bbox 472 1495 483 1515; x_wconf 85' lang='lat'>‚</span> <span class='ocrx_word' id='word_1_186' title='bbox 509 1461 585 1520; x_wconf 80' lang='lat' dir='ltr'>qui</span> <span class='ocrx_word' id='word_1_187' title='bbox 613 1461 659 1503; x_wconf 91' lang='lat' dir='ltr'>in</span> <span class='ocrx_word' id='word_1_188' title='bbox 689 1461 811 1505; x_wconf 88' lang='lat' dir='ltr'>coelis</span> <span class='ocrx_word' id='word_1_189' title='bbox 833 1471 917 1517; x_wconf 87' lang='lat' dir='ltr'>est,</span> <span class='ocrx_word' id='word_1_190' title='bbox 944 1462 1064 1506; x_wconf 89' lang='lat' dir='ltr'>dabit</span> <span class='ocrx_word' id='word_1_191' title='bbox 1097 1463 1212 1507; x_wconf 83' lang='lat' dir='ltr'>bona</span> <span class='ocrx_word' id='word_1_192' title='bbox 1243 1462 1493 1522; x_wconf 85' lang='lat' dir='ltr'>petentibus</span> 
     </span>
     <span class='ocr_line' id='line_1_25' title="bbox 110 1530 1494 1591; baseline 0.001 -17"><span class='ocrx_word' id='word_1_193' title='bbox 110 1551 132 1574; x_wconf 87' lang='lat'>»</span> <span class='ocrx_word' id='word_1_194' title='bbox 167 1534 240 1576; x_wconf 81' lang='lat' dir='ltr'>se?</span> <span class='ocrx_word' id='word_1_195' title='bbox 261 1551 280 1573; x_wconf 91' lang='lat'>»</span> <span class='ocrx_word' id='word_1_196' title='bbox 308 1531 471 1575; x_wconf 86' lang='lat' dir='ltr'>Audito</span> <span class='ocrx_word' id='word_1_197' title='bbox 493 1532 614 1590; x_wconf 88' lang='lat' dir='ltr'>quod</span> <span class='ocrx_word' id='word_1_198' title='bbox 634 1530 735 1574; x_wconf 84' lang='lat' dir='ltr'>mali</span> <span class='ocrx_word' id='word_1_199' title='bbox 758 1541 920 1587; x_wconf 85' lang='lat' dir='ltr'>essent,</span> <span class='ocrx_word' id='word_1_200' title='bbox 945 1533 1285 1591; x_wconf 83' lang='lat' dir='ltr'>desperaverunt</span> <span class='ocrx_word' id='word_1_201' title='bbox 1310 1551 1318 1576; x_wconf 71' lang='grc' dir='ltr'><em>ι</em></span> <span class='ocrx_word' id='word_1_202' title='bbox 1344 1533 1494 1576; x_wconf 86' lang='lat' dir='ltr'>audito</span> 
     </span>
     <span class='ocr_line' id='line_1_26' title="bbox 109 1601 1490 1663; baseline -0.001 -16"><span class='ocrx_word' id='word_1_203' title='bbox 109 1602 230 1663; x_wconf 91' lang='lat' dir='ltr'>quod</span> <span class='ocrx_word' id='word_1_204' title='bbox 252 1606 366 1646; x_wconf 88' lang='lat' dir='ltr'>Deus</span> <span class='ocrx_word' id='word_1_205' title='bbox 398 1603 443 1645; x_wconf 94' lang='lat' dir='ltr'>in</span> <span class='ocrx_word' id='word_1_206' title='bbox 466 1601 588 1646; x_wconf 84' lang='lat' dir='ltr'>coelis</span> <span class='ocrx_word' id='word_1_207' title='bbox 607 1611 716 1645; x_wconf 89' lang='lat' dir='ltr'>esset</span> <span class='ocrx_word' id='word_1_208' title='bbox 749 1610 870 1661; x_wconf 81' lang='lat' dir='ltr'>pater</span> <span class='ocrx_word' id='word_1_209' title='bbox 898 1603 1113 1661; x_wconf 88' lang='lat' dir='ltr'>ipsorum,</span> <span class='ocrx_word' id='word_1_210' title='bbox 1155 1603 1490 1662; x_wconf 82' lang='lat' dir='ltr'>respiraverunt.</span> 
     </span>
     <span class='ocr_line' id='line_1_27' title="bbox 115 1671 1496 1731; baseline 0.001 -16"><span class='ocrx_word' id='word_1_211' title='bbox 115 1692 135 1716; x_wconf 91' lang='lat'>«</span> <span class='ocrx_word' id='word_1_212' title='bbox 159 1675 272 1718; x_wconf 88' lang='lat' dir='ltr'>Cum</span> <span class='ocrx_word' id='word_1_213' title='bbox 295 1673 406 1727; x_wconf 76' lang='lat' dir='ltr'>sitis,</span> <span class='ocrx_word' id='word_1_214' title='bbox 432 1671 709 1731; x_wconf 79' lang='lat' dir='ltr'>inquit,·mali</span> <span class='ocrx_word' id='word_1_215' title='bbox 734 1690 744 1716; x_wconf 74' lang='grc' dir='ltr'>ς</span> <span class='ocrx_word' id='word_1_216' title='bbox 763 1671 909 1731; x_wconf 88' lang='lat' dir='ltr'>»quid</span> <span class='ocrx_word' id='word_1_217' title='bbox 930 1688 1032 1731; x_wconf 83' lang='lat' dir='ltr'>ergo</span> <span class='ocrx_word' id='word_1_218' title='bbox 1055 1672 1241 1716; x_wconf 87' lang='lat' dir='ltr'>debetur</span> <span class='ocrx_word' id='word_1_219' title='bbox 1256 1673 1395 1727; x_wconf 85' lang='lat' dir='ltr'>malis,</span> <span class='ocrx_word' id='word_1_220' title='bbox 1415 1673 1496 1717; x_wconf 88' lang='lat' dir='ltr'>nisi</span> 
     </span>
     <span class='ocr_line' id='line_1_28' title="bbox 109 1743 1495 1803; baseline -0.001 -15"><span class='ocrx_word' id='word_1_221' title='bbox 109 1743 402 1803; x_wconf 77' lang='lat' dir='ltr'>supplicium?</span> <span class='ocrx_word' id='word_1_222' title='bbox 429 1762 448 1784; x_wconf 90' lang='lat'>«</span> <span class='ocrx_word' id='word_1_223' title='bbox 472 1745 647 1795; x_wconf 82' lang='lat' dir='ltr'>Quanto</span> <span class='ocrx_word' id='word_1_224' title='bbox 670 1743 826 1801; x_wconf 81' lang='lat' dir='ltr'>magis,</span> <span class='ocrx_word' id='word_1_225' title='bbox 856 1744 1020 1803; x_wconf 83' lang='lat' dir='ltr'>inquit,</span> <span class='ocrx_word' id='word_1_226' title='bbox 1056 1746 1184 1787; x_wconf 83' lang='lat' dir='ltr'>Pater</span> <span class='ocrx_word' id='word_1_227' title='bbox 1216 1753 1383 1798; x_wconf 81' lang='lat' dir='ltr'>vester,</span> <span class='ocrx_word' id='word_1_228' title='bbox 1419 1744 1495 1803; x_wconf 89' lang='lat' dir='ltr'>qui</span> 
     </span>
     <span class='ocr_line' id='line_1_29' title="bbox 114 1811 1496 1872; baseline 0.001 -15"><span class='ocrx_word' id='word_1_229' title='bbox 114 1833 134 1856; x_wconf 89' lang='lat'>»</span> <span class='ocrx_word' id='word_1_230' title='bbox 169 1815 214 1857; x_wconf 93' lang='lat' dir='ltr'>in</span> <span class='ocrx_word' id='word_1_231' title='bbox 231 1811 350 1857; x_wconf 84' lang='lat' dir='ltr'>coelis</span> <span class='ocrx_word' id='word_1_232' title='bbox 366 1815 458 1855; x_wconf 76' lang='lat' dir='ltr'>est?</span> <span class='ocrx_word' id='word_1_233' title='bbox 477 1829 498 1852; x_wconf 85' lang='lat'>»</span> <span class='ocrx_word' id='word_1_234' title='bbox 517 1812 621 1871; x_wconf 87' lang='lat' dir='ltr'>quid</span> <span class='ocrx_word' id='word_1_235' title='bbox 642 1811 826 1856; x_wconf 87' lang='lat' dir='ltr'>debetur</span> <span class='ocrx_word' id='word_1_236' title='bbox 842 1812 960 1869; x_wconf 83' lang='lat' dir='ltr'>filiis,</span> <span class='ocrx_word' id='word_1_237' title='bbox 978 1813 1060 1857; x_wconf 90' lang='lat' dir='ltr'>nisi</span> <span class='ocrx_word' id='word_1_238' title='bbox 1074 1814 1332 1872; x_wconf 84' lang='lat' dir='ltr'>praemium‘?</span> <span class='ocrx_word' id='word_1_239' title='bbox 1350 1817 1402 1858; x_wconf 92' lang='lat' dir='ltr'>In</span> <span class='ocrx_word' id='word_1_240' title='bbox 1419 1829 1496 1858; x_wconf 86' lang='lat' dir='ltr'>no-</span> 
     </span>
     <span class='ocr_line' id='line_1_30' title="bbox 111 1882 1491 1941; baseline 0 -13"><span class='ocrx_word' id='word_1_241' title='bbox 111 1883 229 1928; x_wconf 88' lang='lat' dir='ltr'>mine</span> <span class='ocrx_word' id='word_1_242' title='bbox 262 1882 477 1926; x_wconf 86' lang='lat' dir='ltr'>malorum</span> <span class='ocrx_word' id='word_1_243' title='bbox 494 1916 506 1937; x_wconf 77' lang='lat'>‚</span> <span class='ocrx_word' id='word_1_244' title='bbox 534 1890 675 1926; x_wconf 85' lang='lat' dir='ltr'>metus</span> <span class='ocrx_word' id='word_1_245' title='bbox 711 1897 944 1940; x_wconf 82' lang='lat' dir='ltr'>poenarum</span> <span class='ocrx_word' id='word_1_246' title='bbox 970 1902 979 1927; x_wconf 91' lang='lat'>:</span> <span class='ocrx_word' id='word_1_247' title='bbox 1005 1884 1050 1927; x_wconf 94' lang='lat' dir='ltr'>in</span> <span class='ocrx_word' id='word_1_248' title='bbox 1071 1885 1247 1928; x_wconf 86' lang='lat' dir='ltr'>nomine</span> <span class='ocrx_word' id='word_1_249' title='bbox 1280 1883 1491 1941; x_wconf 84' lang='lat' dir='ltr'>filiorum⁷</span> 
     </span>
     <span class='ocr_line' id='line_1_31' title="bbox 111 1952 465 2013; baseline -0.006 -16"><span class='ocrx_word' id='word_1_250' title='bbox 111 1968 206 2013; x_wconf 89' lang='lat' dir='ltr'>spes</span> <span class='ocrx_word' id='word_1_251' title='bbox 225 1952 465 1997; x_wconf 73' lang='lat' dir='ltr'>haeredum.</span> 
     </span>
    </p>

    <p class='ocr_par' dir='ltr' id='par_1_7' title="bbox 114 2022 1498 2510">
     <span class='ocr_line' id='line_1_32' title="bbox 171 2022 1496 2085; baseline 0.001 -17"><span class='ocrx_word' id='word_1_252' title='bbox 171 2026 251 2068; x_wconf 90' lang='lat' dir='ltr'><strong>III.</strong></span> <span class='ocrx_word' id='word_1_253' title='bbox 273 2024 527 2068; x_wconf 84' lang='lat' dir='ltr'>Secundum</span> <span class='ocrx_word' id='word_1_254' title='bbox 549 2023 657 2083; x_wconf 87' lang='lat' dir='ltr'>quid</span> <span class='ocrx_word' id='word_1_255' title='bbox 694 2038 796 2081; x_wconf 82' lang='lat' dir='ltr'>ergo</span> <span class='ocrx_word' id='word_1_256' title='bbox 825 2022 928 2067; x_wconf 86' lang='lat' dir='ltr'>mali</span> <span class='ocrx_word' id='word_1_257' title='bbox 957 2033 1080 2067; x_wconf 88' lang='lat' dir='ltr'>erant</span> <span class='ocrx_word' id='word_1_258' title='bbox 1119 2023 1251 2067; x_wconf 89' lang='lat' dir='ltr'>iidem</span> <span class='ocrx_word' id='word_1_259' title='bbox 1281 2025 1387 2084; x_wconf 86' lang='lat' dir='ltr'>ipsi,</span> <span class='ocrx_word' id='word_1_260' title='bbox 1419 2026 1496 2085; x_wconf 90' lang='lat' dir='ltr'>qui</span> 
     </span>
     <span class='ocr_line' id='line_1_33' title="bbox 114 2093 1492 2153; baseline 0.002 -15"><span class='ocrx_word' id='word_1_261' title='bbox 114 2093 355 2138; x_wconf 88' lang='lat' dir='ltr'>secundum</span> <span class='ocrx_word' id='word_1_262' title='bbox 382 2093 545 2153; x_wconf 81' lang='lat' dir='ltr'>aliquid</span> <span class='ocrx_word' id='word_1_263' title='bbox 568 2093 674 2137; x_wconf 89' lang='lat' dir='ltr'>boni</span> <span class='ocrx_word' id='word_1_264' title='bbox 696 2102 832 2137; x_wconf 88' lang='lat' dir='ltr'>erant.</span> <span class='ocrx_word' id='word_1_265' title='bbox 854 2093 1021 2146; x_wconf 86' lang='lat' dir='ltr'>Quibus</span> <span class='ocrx_word' id='word_1_266' title='bbox 1053 2094 1169 2137; x_wconf 87' lang='lat' dir='ltr'>enim</span> <span class='ocrx_word' id='word_1_267' title='bbox 1205 2094 1373 2139; x_wconf 90' lang='lat' dir='ltr'>dictum</span> <span class='ocrx_word' id='word_1_268' title='bbox 1395 2105 1458 2140; x_wconf 84' lang='lat' dir='ltr'>est</span> <span class='ocrx_word' id='word_1_269' title='bbox 1483 2115 1492 2141; x_wconf 91' lang='lat'>:</span> 
     </span>
     <span class='ocr_line' id='line_1_34' title="bbox 120 2162 1492 2218; baseline 0.002 -13"><span class='ocrx_word' id='word_1_270' title='bbox 120 2183 140 2206; x_wconf 76' lang='grc' dir='ltr'>α</span> <span class='ocrx_word' id='word_1_271' title='bbox 173 2166 285 2209; x_wconf 90' lang='lat' dir='ltr'>Cum</span> <span class='ocrx_word' id='word_1_272' title='bbox 306 2164 395 2208; x_wconf 89' lang='lat' dir='ltr'>sitis</span> <span class='ocrx_word' id='word_1_273' title='bbox 428 2162 550 2218; x_wconf 84' lang='lat' dir='ltr'>mali,</span> <span class='ocrx_word' id='word_1_274' title='bbox 584 2164 716 2208; x_wconf 89' lang='lat' dir='ltr'>nostis</span> <span class='ocrx_word' id='word_1_275' title='bbox 738 2164 855 2209; x_wconf 84' lang='lat' dir='ltr'>bona</span> <span class='ocrx_word' id='word_1_276' title='bbox 881 2164 980 2208; x_wconf 82' lang='lat' dir='ltr'>data</span> <span class='ocrx_word' id='word_1_277' title='bbox 1002 2163 1104 2208; x_wconf 82' lang='lat' dir='ltr'>dare</span> <span class='ocrx_word' id='word_1_278' title='bbox 1131 2164 1228 2209; x_wconf 89' lang='lat' dir='ltr'>filiis</span> <span class='ocrx_word' id='word_1_279' title='bbox 1261 2167 1409 2210; x_wconf 88' lang='lat' dir='ltr'>vestris</span> <span class='ocrx_word' id='word_1_280' title='bbox 1434 2185 1443 2211; x_wconf 92' lang='lat'>:</span> <span class='ocrx_word' id='word_1_281' title='bbox 1471 2185 1492 2208; x_wconf 89' lang='lat'>»</span> 
     </span>
     <span class='ocr_line' id='line_1_35' title="bbox 115 2234 1498 2297; baseline 0.002 -18"><span class='ocrx_word' id='word_1_282' title='bbox 115 2235 324 2279; x_wconf 85' lang='lat' dir='ltr'>continuo</span> <span class='ocrx_word' id='word_1_283' title='bbox 346 2234 588 2294; x_wconf 86' lang='lat' dir='ltr'>subjectum</span> <span class='ocrx_word' id='word_1_284' title='bbox 609 2253 619 2279; x_wconf 75' lang='lat' dir='ltr'><strong><em>z</em></strong></span> <span class='ocrx_word' id='word_1_285' title='bbox 648 2253 667 2276; x_wconf 94' lang='lat'>«</span> <span class='ocrx_word' id='word_1_286' title='bbox 687 2237 861 2288; x_wconf 84' lang='lat' dir='ltr'>Quanto</span> <span class='ocrx_word' id='word_1_287' title='bbox 883 2235 1017 2294; x_wconf 82' lang='lat' dir='ltr'>magis</span> <span class='ocrx_word' id='word_1_288' title='bbox 1039 2239 1166 2279; x_wconf 83' lang='lat' dir='ltr'>Pater</span> <span class='ocrx_word' id='word_1_289' title='bbox 1196 2245 1335 2281; x_wconf 84' lang='lat' dir='ltr'>vester</span> <span class='ocrx_word' id='word_1_290' title='bbox 1356 2237 1432 2297; x_wconf 89' lang='lat' dir='ltr'>qui</span> <span class='ocrx_word' id='word_1_291' title='bbox 1452 2238 1498 2282; x_wconf 87' lang='lat' dir='ltr'>in</span> 
     </span>
     <span class='ocr_line' id='line_1_36' title="bbox 118 2303 1497 2367; baseline 0.005 -21"><span class='ocrx_word' id='word_1_292' title='bbox 118 2323 139 2346; x_wconf 90' lang='lat'>»</span> <span class='ocrx_word' id='word_1_293' title='bbox 174 2303 296 2349; x_wconf 91' lang='lat' dir='ltr'>coelis</span> <span class='ocrx_word' id='word_1_294' title='bbox 318 2307 412 2349; x_wconf 79' lang='lat' dir='ltr'>est?</span> <span class='ocrx_word' id='word_1_295' title='bbox 430 2322 450 2345; x_wconf 88' lang='lat'>»</span> <span class='ocrx_word' id='word_1_296' title='bbox 471 2308 598 2348; x_wconf 82' lang='lat' dir='ltr'>Pater</span> <span class='ocrx_word' id='word_1_297' title='bbox 620 2305 945 2363; x_wconf 81' lang='lat' dir='ltr'>ergomalorum</span> <span class='ocrx_word' id='word_1_298' title='bbox 958 2340 968 2360; x_wconf 82' lang='lat'>‚</span> <span class='ocrx_word' id='word_1_299' title='bbox 986 2305 1060 2350; x_wconf 85' lang='lat' dir='ltr'>sed</span> <span class='ocrx_word' id='word_1_300' title='bbox 1076 2321 1165 2351; x_wconf 94' lang='lat' dir='ltr'>non</span> <span class='ocrx_word' id='word_1_301' title='bbox 1183 2306 1497 2367; x_wconf 88' lang='lat' dir='ltr'>relinquendo-</span> 
     </span>
     <span class='ocr_line' id='line_1_37' title="bbox 116 2374 1497 2439; baseline 0.004 -21"><span class='ocrx_word' id='word_1_302' title='bbox 116 2389 242 2432; x_wconf 76' lang='lat' dir='ltr'>rum3</span> <span class='ocrx_word' id='word_1_303' title='bbox 265 2375 367 2435; x_wconf 85' lang='lat' dir='ltr'>quia</span> <span class='ocrx_word' id='word_1_304' title='bbox 389 2374 581 2418; x_wconf 89' lang='lat' dir='ltr'>medicus</span> <span class='ocrx_word' id='word_1_305' title='bbox 610 2375 916 2420; x_wconf 85' lang='lat' dir='ltr'>sanandorum.</span> <span class='ocrx_word' id='word_1_306' title='bbox 945 2376 1192 2421; x_wconf 87' lang='lat' dir='ltr'>Secundum</span> <span class='ocrx_word' id='word_1_307' title='bbox 1215 2393 1318 2436; x_wconf 89' lang='lat' dir='ltr'>ergo</span> <span class='ocrx_word' id='word_1_308' title='bbox 1339 2394 1497 2439; x_wconf 90' lang='lat' dir='ltr'>quem-</span> 
     </span>
     <span class='ocr_line' id='line_1_38' title="bbox 118 2445 1496 2510; baseline 0.005 -21"><span class='ocrx_word' id='word_1_309' title='bbox 118 2446 218 2490; x_wconf 84' lang='lat' dir='ltr'>dam</span> <span class='ocrx_word' id='word_1_310' title='bbox 238 2446 419 2490; x_wconf 90' lang='lat' dir='ltr'>modum</span> <span class='ocrx_word' id='word_1_311' title='bbox 454 2445 556 2489; x_wconf 85' lang='lat' dir='ltr'>mali</span> <span class='ocrx_word' id='word_1_312' title='bbox 588 2455 724 2491; x_wconf 85' lang='lat' dir='ltr'>erant.</span> <span class='ocrx_word' id='word_1_313' title='bbox 747 2449 803 2491; x_wconf 90' lang='lat' dir='ltr'>Et</span> <span class='ocrx_word' id='word_1_314' title='bbox 825 2456 971 2491; x_wconf 82' lang='lat' dir='ltr'>tamen</span> <span class='ocrx_word' id='word_1_315' title='bbox 994 2447 1056 2491; x_wconf 88' lang='lat' dir='ltr'>illi</span> <span class='ocrx_word' id='word_1_316' title='bbox 1079 2449 1272 2494; x_wconf 81' lang='lat' dir='ltr'>convivae</span> <span class='ocrx_word' id='word_1_317' title='bbox 1294 2450 1496 2510; x_wconf 84' lang='lat' dir='ltr'>patrisfa-</span> 
     </span>
    </p>
   </div>
   <div class='ocr_carea' id='block_1_7' title="bbox 166 2530 1164 2575">
    <p class='ocr_par' dir='ltr' id='par_1_8' title="bbox 166 2530 1164 2575">
     <span class='ocr_line' id='line_1_39' title="bbox 166 2530 1164 2575; baseline 0.003 -14"><span class='ocrx_word' id='word_1_318' title='bbox 166 2536 176 2553; x_wconf 88' lang='lat'>¹</span> <span class='ocrx_word' id='word_1_319' title='bbox 191 2530 311 2563; x_wconf 84' lang='lat' dir='ltr'>Matth.</span> <span class='ocrx_word' id='word_1_320' title='bbox 335 2541 405 2573; x_wconf 76' lang='lat' dir='ltr'>xxx,</span> <span class='ocrx_word' id='word_1_321' title='bbox 427 2541 478 2575; x_wconf 87' lang='lat'>17.</span> <span class='ocrx_word' id='word_1_322' title='bbox 507 2547 546 2554; x_wconf 94' lang='lat'>—-</span> <span class='ocrx_word' id='word_1_323' title='bbox 563 2538 575 2553; x_wconf 83' lang='lat'>²</span> <span class='ocrx_word' id='word_1_324' title='bbox 598 2532 646 2564; x_wconf 88' lang='lat' dir='ltr'>Id.</span> <span class='ocrx_word' id='word_1_325' title='bbox 667 2542 724 2574; x_wconf 81' lang='lat' dir='ltr'>vu,</span> <span class='ocrx_word' id='word_1_326' title='bbox 747 2543 798 2564; x_wconf 88' lang='lat'>11.</span> <span class='ocrx_word' id='word_1_327' title='bbox 814 2549 856 2555; x_wconf 93' lang='lat'>—</span> <span class='ocrx_word' id='word_1_328' title='bbox 875 2530 889 2556; x_wconf 85' lang='lat'>3</span> <span class='ocrx_word' id='word_1_329' title='bbox 907 2534 998 2565; x_wconf 80' lang='lat' dir='ltr'>Joan.</span> <span class='ocrx_word' id='word_1_330' title='bbox 1021 2543 1090 2575; x_wconf 85' lang='lat' dir='ltr'>xm,</span> <span class='ocrx_word' id='word_1_331' title='bbox 1113 2544 1164 2566; x_wconf 90' lang='lat'>10.</span> 
     </span>
    </p>
   </div>
  </div>
 </body>
</html>
