<?xml version="1.0" encoding="UTF-8"?>
<!DOCTYPE html PUBLIC "-//W3C//DTD XHTML 1.0 Transitional//EN"
    "http://www.w3.org/TR/xhtml1/DTD/xhtml1-transitional.dtd">
<html xmlns="http://www.w3.org/1999/xhtml" xml:lang="en" lang="en">
 <head>
  <title>
</title>
<meta http-equiv="Content-Type" content="text/html;charset=utf-8" />
  <meta name='ocr-system' content='tesseract 3.04.00' />
  <meta name='ocr-capabilities' content='ocr_page ocr_carea ocr_par ocr_line ocrx_word'/>
</head>
<body>
  <div class='ocr_page' id='page_1' title='image "./operaomniaaccura18auguuoft_0101.png"; bbox 0 0 1898 3178; ppageno 0'>
   <div class='ocr_carea' id='block_1_1' title="bbox 421 301 1505 352">
    <p class='ocr_par' dir='ltr' id='par_1_1' title="bbox 421 301 1505 352">
     <span class='ocr_line' id='line_1_1' title="bbox 421 301 1505 352; baseline -0.002 -10"><span class='ocrx_word' id='word_1_1' title='bbox 421 315 562 342; x_wconf 65' lang='lat' dir='ltr'>selmo</span> <span class='ocrx_word' id='word_1_2' title='bbox 591 313 720 352; x_wconf 79' lang='lat' dir='ltr'>xnx,</span> <span class='ocrx_word' id='word_1_3' title='bbox 753 314 807 339; x_wconf 86' lang='lat' dir='ltr'>DE</span> <span class='ocrx_word' id='word_1_4' title='bbox 839 311 986 341; x_wconf 70' lang='lat' dir='ltr'>vssnms</span> <span class='ocrx_word' id='word_1_5' title='bbox 1017 313 1213 340; x_wconf 76' lang='lat' dir='ltr'>MicnAEAE.</span> <span class='ocrx_word' id='word_1_6' title='bbox 1454 301 1505 340; x_wconf 85' lang='lat'>91</span> 
     </span>
    </p>
   </div>
   <div class='ocr_carea' id='block_1_2' title="bbox 122 374 1529 1978">
    <p class='ocr_par' dir='ltr' id='par_1_2' title="bbox 128 374 1514 721">
     <span class='ocr_line' id='line_1_2' title="bbox 131 374 1513 440; baseline -0.006 -13"><span class='ocrx_word' id='word_1_7' title='bbox 131 382 186 427; x_wconf 91' lang='lat' dir='ltr'>de</span> <span class='ocrx_word' id='word_1_8' title='bbox 205 380 324 440; x_wconf 86' lang='lat' dir='ltr'>ligno</span> <span class='ocrx_word' id='word_1_9' title='bbox 343 387 553 438; x_wconf 87' lang='lat' dir='ltr'><strong>tanquam</strong></span> <span class='ocrx_word' id='word_1_10' title='bbox 590 376 645 421; x_wconf 92' lang='lat' dir='ltr'>de</span> <span class='ocrx_word' id='word_1_11' title='bbox 669 376 878 420; x_wconf 87' lang='lat' dir='ltr'>tribunali</span> <span class='ocrx_word' id='word_1_12' title='bbox 895 378 1233 437; x_wconf 73' lang='lat' dir='ltr'>praecipientem.</span> <span class='ocrx_word' id='word_1_13' title='bbox 1260 374 1371 419; x_wconf 86' lang='lat' dir='ltr'>Vide</span> <span class='ocrx_word' id='word_1_14' title='bbox 1401 390 1513 435; x_wconf 91' lang='lat' dir='ltr'>pen-</span> 
     </span>
     <span class='ocr_line' id='line_1_3' title="bbox 129 445 1514 506; baseline -0.004 -9"><span class='ocrx_word' id='word_1_15' title='bbox 129 453 305 498; x_wconf 80' lang='lat' dir='ltr'>dentem</span> <span class='ocrx_word' id='word_1_16' title='bbox 323 484 333 505; x_wconf 90' lang='lat'>,</span> <span class='ocrx_word' id='word_1_17' title='bbox 359 458 402 493; x_wconf 85' lang='lat' dir='ltr'>et</span> <span class='ocrx_word' id='word_1_18' title='bbox 419 449 499 493; x_wconf 87' lang='lat' dir='ltr'>tibi</span> <span class='ocrx_word' id='word_1_19' title='bbox 513 447 740 506; x_wconf 83' lang='lat' dir='ltr'>languenti</span> <span class='ocrx_word' id='word_1_20' title='bbox 755 447 809 490; x_wconf 89' lang='lat' dir='ltr'>de</span> <span class='ocrx_word' id='word_1_21' title='bbox 823 462 901 491; x_wconf 85' lang='lat' dir='ltr'>suo</span> <span class='ocrx_word' id='word_1_22' title='bbox 918 449 1126 505; x_wconf 86' lang='lat' dir='ltr'>sanguine</span> <span class='ocrx_word' id='word_1_23' title='bbox 1145 445 1514 492; x_wconf 78' lang='lat' dir='ltr'>&#39;medicamentum</span> 
     </span>
     <span class='ocr_line' id='line_1_4' title="bbox 129 517 1513 578; baseline -0.007 -10"><span class='ocrx_word' id='word_1_24' title='bbox 129 521 376 569; x_wconf 84' lang='lat' dir='ltr'>facientem.</span> <span class='ocrx_word' id='word_1_25' title='bbox 395 519 505 563; x_wconf 87' lang='lat' dir='ltr'>Vide</span> <span class='ocrx_word' id='word_1_26' title='bbox 516 517 783 578; x_wconf 88' lang='lat' dir='ltr'>pendentem</span> <span class='ocrx_word' id='word_1_27' title='bbox 796 553 806 572; x_wconf 93' lang='lat'>,</span> <span class='ocrx_word' id='word_1_28' title='bbox 824 517 858 562; x_wconf 90' lang='lat' dir='ltr'>si</span> <span class='ocrx_word' id='word_1_29' title='bbox 872 517 1081 562; x_wconf 86' lang='lat' dir='ltr'>vindicari</span> <span class='ocrx_word' id='word_1_30' title='bbox 1093 519 1171 563; x_wconf 90' lang='lat' dir='ltr'>vis.</span> <span class='ocrx_word' id='word_1_31' title='bbox 1188 517 1411 563; x_wconf 86' lang='lat' dir='ltr'>Vindicari</span> <span class='ocrx_word' id='word_1_32' title='bbox 1424 518 1513 561; x_wconf 86' lang='lat' dir='ltr'>vis:</span> 
     </span>
     <span class='ocr_line' id='line_1_5' title="bbox 128 587 1513 652; baseline -0.004 -15"><span class='ocrx_word' id='word_1_33' title='bbox 128 593 230 638; x_wconf 86' lang='lat' dir='ltr'>vide</span> <span class='ocrx_word' id='word_1_34' title='bbox 255 591 546 652; x_wconf 88' lang='lat' dir='ltr'>pendentem,</span> <span class='ocrx_word' id='word_1_35' title='bbox 571 589 673 633; x_wconf 84' lang='lat' dir='ltr'>audi</span> <span class='ocrx_word' id='word_1_36' title='bbox 693 597 945 648; x_wconf 84' lang='lat' dir='ltr'>precantem</span> <span class='ocrx_word' id='word_1_37' title='bbox 968 607 977 633; x_wconf 74' lang='lat'><em>2</em></span> <span class='ocrx_word' id='word_1_38' title='bbox 1005 608 1026 631; x_wconf 70' lang='grc' dir='ltr'>ι(</span> <span class='ocrx_word' id='word_1_39' title='bbox 1052 592 1178 633; x_wconf 87' lang='lat' dir='ltr'>Pater</span> <span class='ocrx_word' id='word_1_40' title='bbox 1209 589 1380 647; x_wconf 85' lang='lat' dir='ltr'>ignosce</span> <span class='ocrx_word' id='word_1_41' title='bbox 1406 587 1513 643; x_wconf 88' lang='lat' dir='ltr'>illis,</span> 
     </span>
     <span class='ocr_line' id='line_1_6' title="bbox 131 657 902 721; baseline -0.004 -17"><span class='ocrx_word' id='word_1_42' title='bbox 131 681 154 705; x_wconf 86' lang='lat'>»</span> <span class='ocrx_word' id='word_1_43' title='bbox 174 661 277 721; x_wconf 90' lang='lat' dir='ltr'>quia</span> <span class='ocrx_word' id='word_1_44' title='bbox 294 660 496 704; x_wconf 87' lang='lat' dir='ltr'>nesciunt</span> <span class='ocrx_word' id='word_1_45' title='bbox 517 657 622 720; x_wconf 88' lang='lat' dir='ltr'>quid</span> <span class='ocrx_word' id='word_1_46' title='bbox 640 657 807 703; x_wconf 85' lang='lat' dir='ltr'>faciunt</span> <span class='ocrx_word' id='word_1_47' title='bbox 821 660 852 702; x_wconf 76' lang='lat'>1.</span> <span class='ocrx_word' id='word_1_48' title='bbox 881 677 902 700; x_wconf 86' lang='lat'>»</span> 
     </span>
    </p>

    <p class='ocr_par' dir='ltr' id='par_1_3' title="bbox 122 727 1529 1978">
     <span class='ocr_line' id='line_1_7' title="bbox 188 727 1514 790; baseline -0.003 -14"><span class='ocrx_word' id='word_1_49' title='bbox 188 734 245 776; x_wconf 90' lang='lat' dir='ltr'>X.</span> <span class='ocrx_word' id='word_1_50' title='bbox 273 730 358 776; x_wconf 87' lang='lat' dir='ltr'>Sed</span> <span class='ocrx_word' id='word_1_51' title='bbox 380 732 523 790; x_wconf 88' lang='lat' dir='ltr'>potuit</span> <span class='ocrx_word' id='word_1_52' title='bbox 539 731 622 774; x_wconf 93' lang='lat' dir='ltr'>hoc</span> <span class='ocrx_word' id='word_1_53' title='bbox 639 727 804 783; x_wconf 83' lang='lat' dir='ltr'>facere,</span> <span class='ocrx_word' id='word_1_54' title='bbox 825 728 931 772; x_wconf 85' lang='lat' dir='ltr'>dicis</span> <span class='ocrx_word' id='word_1_55' title='bbox 945 727 1053 772; x_wconf 84' lang='lat' dir='ltr'>mihi</span> <span class='ocrx_word' id='word_1_56' title='bbox 1075 747 1084 773; x_wconf 81' lang='lat' dir='ltr'>z</span> <span class='ocrx_word' id='word_1_57' title='bbox 1107 729 1201 787; x_wconf 87' lang='lat' dir='ltr'>Ego</span> <span class='ocrx_word' id='word_1_58' title='bbox 1215 743 1304 772; x_wconf 91' lang='lat' dir='ltr'>non</span> <span class='ocrx_word' id='word_1_59' title='bbox 1323 743 1514 787; x_wconf 88' lang='lat' dir='ltr'>possum.</span> 
     </span>
     <span class='ocr_line' id='line_1_8' title="bbox 130 798 1520 861; baseline -0.004 -13"><span class='ocrx_word' id='word_1_60' title='bbox 130 805 225 861; x_wconf 85' lang='lat' dir='ltr'>Ego</span> <span class='ocrx_word' id='word_1_61' title='bbox 262 802 379 845; x_wconf 91' lang='lat' dir='ltr'>enim</span> <span class='ocrx_word' id='word_1_62' title='bbox 412 802 544 845; x_wconf 89' lang='lat' dir='ltr'>homo</span> <span class='ocrx_word' id='word_1_63' title='bbox 577 816 696 855; x_wconf 84' lang='lat' dir='ltr'>sum,</span> <span class='ocrx_word' id='word_1_64' title='bbox 720 800 793 844; x_wconf 79' lang='lat' dir='ltr'>ille</span> <span class='ocrx_word' id='word_1_65' title='bbox 823 803 966 844; x_wconf 88' lang='lat' dir='ltr'>Deus:</span> <span class='ocrx_word' id='word_1_66' title='bbox 991 798 1124 844; x_wconf 77' lang='grc'>1101110</span> <span class='ocrx_word' id='word_1_67' title='bbox 1159 815 1264 858; x_wconf 83' lang='lat' dir='ltr'>ego,</span> <span class='ocrx_word' id='word_1_68' title='bbox 1289 800 1422 843; x_wconf 91' lang='lat' dir='ltr'>homo</span> <span class='ocrx_word' id='word_1_69' title='bbox 1446 798 1520 842; x_wconf 89' lang='lat' dir='ltr'>ille</span> 
     </span>
     <span class='ocr_line' id='line_1_9' title="bbox 130 868 1520 929; baseline -0.004 -13"><span class='ocrx_word' id='word_1_70' title='bbox 130 875 245 917; x_wconf 87' lang='lat' dir='ltr'>Deus</span> <span class='ocrx_word' id='word_1_71' title='bbox 267 871 416 915; x_wconf 90' lang='lat' dir='ltr'>homo.</span> <span class='ocrx_word' id='word_1_72' title='bbox 445 874 560 914; x_wconf 88' lang='lat' dir='ltr'>Deus</span> <span class='ocrx_word' id='word_1_73' title='bbox 582 885 684 928; x_wconf 83' lang='lat' dir='ltr'>ergo</span> <span class='ocrx_word' id='word_1_74' title='bbox 719 878 769 913; x_wconf 80' lang='lat' dir='ltr'>ut</span> <span class='ocrx_word' id='word_1_75' title='bbox 788 869 895 929; x_wconf 81' lang='lat' dir='ltr'>quid</span> <span class='ocrx_word' id='word_1_76' title='bbox 923 870 1056 914; x_wconf 90' lang='lat' dir='ltr'>homo</span> <span class='ocrx_word' id='word_1_77' title='bbox 1071 905 1082 924; x_wconf 79' lang='grc'>,</span> <span class='ocrx_word' id='word_1_78' title='bbox 1121 869 1156 913; x_wconf 91' lang='lat' dir='ltr'>si</span> <span class='ocrx_word' id='word_1_79' title='bbox 1178 884 1267 913; x_wconf 91' lang='lat' dir='ltr'>non</span> <span class='ocrx_word' id='word_1_80' title='bbox 1290 868 1520 926; x_wconf 79' lang='lat' dir='ltr'>corrigitur</span> 
     </span>
     <span class='ocr_line' id='line_1_10' title="bbox 129 937 1521 998; baseline -0.004 -12"><span class='ocrx_word' id='word_1_81' title='bbox 129 942 289 986; x_wconf 82' lang='lat' dir='ltr'>homo?</span> <span class='ocrx_word' id='word_1_82' title='bbox 312 939 396 984; x_wconf 85' lang='lat' dir='ltr'>Sed</span> <span class='ocrx_word' id='word_1_83' title='bbox 418 944 516 983; x_wconf 83' lang='lat' dir='ltr'>ecce</span> <span class='ocrx_word' id='word_1_84' title='bbox 536 939 795 998; x_wconf 89' lang='lat' dir='ltr'>tibiloquor</span> <span class='ocrx_word' id='word_1_85' title='bbox 820 958 830 983; x_wconf 73' lang='grc' dir='ltr'>ε</span> <span class='ocrx_word' id='word_1_86' title='bbox 857 955 882 983; x_wconf 96' lang='lat' dir='ltr'>o</span> <span class='ocrx_word' id='word_1_87' title='bbox 903 940 1038 983; x_wconf 89' lang='lat' dir='ltr'>homo</span> <span class='ocrx_word' id='word_1_88' title='bbox 1054 974 1066 994; x_wconf 82' lang='lat'>,</span> <span class='ocrx_word' id='word_1_89' title='bbox 1089 937 1279 983; x_wconf 88' lang='lat' dir='ltr'>multum</span> <span class='ocrx_word' id='word_1_90' title='bbox 1309 947 1373 992; x_wconf 86' lang='lat' dir='ltr'>est</span> <span class='ocrx_word' id='word_1_91' title='bbox 1395 938 1450 982; x_wconf 92' lang='lat' dir='ltr'>ad</span> <span class='ocrx_word' id='word_1_92' title='bbox 1481 946 1521 981; x_wconf 83' lang='lat' dir='ltr'>te</span> 
     </span>
     <span class='ocr_line' id='line_1_11' title="bbox 130 1004 1521 1069; baseline -0.003 -14"><span class='ocrx_word' id='word_1_93' title='bbox 130 1010 290 1055; x_wconf 82' lang='lat' dir='ltr'>imitari</span> <span class='ocrx_word' id='word_1_94' title='bbox 325 1010 560 1054; x_wconf 89' lang='lat' dir='ltr'>Dominum</span> <span class='ocrx_word' id='word_1_95' title='bbox 585 1018 744 1067; x_wconf 73' lang='lat' dir='ltr'>tuum,</span> <span class='ocrx_word' id='word_1_96' title='bbox 762 1004 940 1053; x_wconf 84' lang='lat' dir='ltr'>attende</span> <span class='ocrx_word' id='word_1_97' title='bbox 970 1010 1239 1069; x_wconf 84' lang='lat' dir='ltr'>Stephanum</span> <span class='ocrx_word' id='word_1_98' title='bbox 1262 1023 1521 1052; x_wconf 89' lang='lat' dir='ltr'>conservum</span> 
     </span>
     <span class='ocr_line' id='line_1_12' title="bbox 130 1080 1523 1139; baseline -0.003 -14"><span class='ocrx_word' id='word_1_99' title='bbox 130 1090 274 1125; x_wconf 86' lang='lat' dir='ltr'>tuum.</span> <span class='ocrx_word' id='word_1_100' title='bbox 312 1082 439 1125; x_wconf 86' lang='lat' dir='ltr'>Certe</span> <span class='ocrx_word' id='word_1_101' title='bbox 464 1080 709 1139; x_wconf 83' lang='lat' dir='ltr'>Stephanus</span> <span class='ocrx_word' id='word_1_102' title='bbox 744 1089 918 1123; x_wconf 82' lang='lat' dir='ltr'>sanctus</span> <span class='ocrx_word' id='word_1_103' title='bbox 934 1114 945 1134; x_wconf 84' lang='lat'>,</span> <span class='ocrx_word' id='word_1_104' title='bbox 984 1080 1118 1123; x_wconf 88' lang='lat' dir='ltr'>homo</span> <span class='ocrx_word' id='word_1_105' title='bbox 1153 1088 1269 1133; x_wconf 86' lang='lat' dir='ltr'>erat,</span> <span class='ocrx_word' id='word_1_106' title='bbox 1303 1095 1360 1122; x_wconf 88' lang='lat' dir='ltr'>an</span> <span class='ocrx_word' id='word_1_107' title='bbox 1382 1080 1523 1123; x_wconf 78' lang='lat' dir='ltr'>Deus?</span> 
     </span>
     <span class='ocr_line' id='line_1_13' title="bbox 122 1147 1522 1208; baseline -0.004 -12"><span class='ocrx_word' id='word_1_108' title='bbox 122 1154 277 1196; x_wconf 64' lang='lat' dir='ltr'>&gt;Homo</span> <span class='ocrx_word' id='word_1_109' title='bbox 294 1159 400 1194; x_wconf 89' lang='lat' dir='ltr'>erat.</span> <span class='ocrx_word' id='word_1_110' title='bbox 422 1150 555 1194; x_wconf 89' lang='lat' dir='ltr'>Plane</span> <span class='ocrx_word' id='word_1_111' title='bbox 568 1150 701 1193; x_wconf 88' lang='lat' dir='ltr'>homo</span> <span class='ocrx_word' id='word_1_112' title='bbox 720 1159 834 1193; x_wconf 87' lang='lat' dir='ltr'>erat:</span> <span class='ocrx_word' id='word_1_113' title='bbox 856 1148 943 1194; x_wconf 91' lang='lat' dir='ltr'>hoc</span> <span class='ocrx_word' id='word_1_114' title='bbox 962 1159 1053 1193; x_wconf 89' lang='lat' dir='ltr'>erat</span> <span class='ocrx_word' id='word_1_115' title='bbox 1069 1148 1190 1208; x_wconf 90' lang='lat' dir='ltr'>quod</span> <span class='ocrx_word' id='word_1_116' title='bbox 1211 1158 1275 1192; x_wconf 86' lang='lat' dir='ltr'>tu.</span> <span class='ocrx_word' id='word_1_117' title='bbox 1301 1147 1387 1193; x_wconf 86' lang='lat' dir='ltr'>Sed</span> <span class='ocrx_word' id='word_1_118' title='bbox 1403 1147 1522 1208; x_wconf 89' lang='lat' dir='ltr'>quod</span> 
     </span>
     <span class='ocr_line' id='line_1_14' title="bbox 133 1217 1523 1280; baseline -0.002 -15"><span class='ocrx_word' id='word_1_119' title='bbox 133 1221 258 1276; x_wconf 66' lang='lat' dir='ltr'>fecit,</span> <span class='ocrx_word' id='word_1_120' title='bbox 284 1220 456 1264; x_wconf 87' lang='lat' dir='ltr'>nonnisi</span> <span class='ocrx_word' id='word_1_121' title='bbox 484 1219 675 1264; x_wconf 87' lang='lat' dir='ltr'>donante</span> <span class='ocrx_word' id='word_1_122' title='bbox 710 1218 787 1264; x_wconf 89' lang='lat' dir='ltr'>illo</span> <span class='ocrx_word' id='word_1_123' title='bbox 804 1254 815 1274; x_wconf 86' lang='lat'>‚</span> <span class='ocrx_word' id='word_1_124' title='bbox 841 1234 974 1280; x_wconf 90' lang='lat' dir='ltr'>quem</span> <span class='ocrx_word' id='word_1_125' title='bbox 1001 1235 1126 1278; x_wconf 88' lang='lat' dir='ltr'>rogas</span> <span class='ocrx_word' id='word_1_126' title='bbox 1148 1228 1190 1263; x_wconf 93' lang='lat' dir='ltr'>et</span> <span class='ocrx_word' id='word_1_127' title='bbox 1218 1228 1283 1263; x_wconf 88' lang='lat' dir='ltr'>tu.</span> <span class='ocrx_word' id='word_1_128' title='bbox 1314 1217 1426 1262; x_wconf 90' lang='lat' dir='ltr'>Vide</span> <span class='ocrx_word' id='word_1_129' title='bbox 1455 1228 1523 1262; x_wconf 86' lang='lat' dir='ltr'>ta-</span> 
     </span>
     <span class='ocr_line' id='line_1_15' title="bbox 135 1287 1524 1350; baseline -0.003 -15"><span class='ocrx_word' id='word_1_130' title='bbox 135 1305 238 1335; x_wconf 90' lang='lat' dir='ltr'>men</span> <span class='ocrx_word' id='word_1_131' title='bbox 259 1289 367 1350; x_wconf 85' lang='lat' dir='ltr'>quid</span> <span class='ocrx_word' id='word_1_132' title='bbox 387 1287 556 1333; x_wconf 89' lang='lat' dir='ltr'>fecerit.</span> <span class='ocrx_word' id='word_1_133' title='bbox 588 1288 872 1348; x_wconf 88' lang='lat' dir='ltr'>Loquebatur</span> <span class='ocrx_word' id='word_1_134' title='bbox 896 1288 1058 1333; x_wconf 80' lang='lat' dir='ltr'>Judaeis</span> <span class='ocrx_word' id='word_1_135' title='bbox 1075 1325 1086 1342; x_wconf 84' lang='lat'>,</span> <span class='ocrx_word' id='word_1_136' title='bbox 1124 1289 1327 1334; x_wconf 84' lang='lat' dir='ltr'>saeviebat</span> <span class='ocrx_word' id='word_1_137' title='bbox 1348 1297 1392 1332; x_wconf 88' lang='lat' dir='ltr'>et</span> <span class='ocrx_word' id='word_1_138' title='bbox 1420 1287 1524 1332; x_wconf 89' lang='lat' dir='ltr'>dili-</span> 
     </span>
     <span class='ocr_line' id='line_1_16' title="bbox 139 1357 1522 1420; baseline -0.002 -16"><span class='ocrx_word' id='word_1_139' title='bbox 139 1360 283 1420; x_wconf 86' lang='lat' dir='ltr'>gebat.</span> <span class='ocrx_word' id='word_1_140' title='bbox 310 1361 556 1418; x_wconf 90' lang='lat' dir='ltr'>Utrumque</span> <span class='ocrx_word' id='word_1_141' title='bbox 573 1357 802 1403; x_wconf 88' lang='lat' dir='ltr'>ostendere</span> <span class='ocrx_word' id='word_1_142' title='bbox 817 1357 958 1402; x_wconf 89' lang='lat' dir='ltr'>debeo</span> <span class='ocrx_word' id='word_1_143' title='bbox 975 1394 985 1412; x_wconf 95' lang='lat'>‚</span> <span class='ocrx_word' id='word_1_144' title='bbox 1010 1359 1113 1417; x_wconf 85' lang='lat' dir='ltr'>quia</span> <span class='ocrx_word' id='word_1_145' title='bbox 1134 1358 1222 1401; x_wconf 92' lang='lat' dir='ltr'>dixi</span> <span class='ocrx_word' id='word_1_146' title='bbox 1248 1377 1257 1402; x_wconf 79' lang='lat'>2</span> <span class='ocrx_word' id='word_1_147' title='bbox 1285 1357 1522 1415; x_wconf 78' lang='lat' dir='ltr'>Saeviebat3</span> 
     </span>
     <span class='ocr_line' id='line_1_17' title="bbox 136 1428 1526 1488; baseline -0.003 -13"><span class='ocrx_word' id='word_1_148' title='bbox 136 1431 226 1475; x_wconf 84' lang='lat' dir='ltr'>dixi</span> <span class='ocrx_word' id='word_1_149' title='bbox 247 1439 290 1474; x_wconf 88' lang='lat' dir='ltr'>et</span> <span class='ocrx_word' id='word_1_150' title='bbox 316 1429 522 1487; x_wconf 85' lang='lat' dir='ltr'>diligebat</span> <span class='ocrx_word' id='word_1_151' title='bbox 550 1448 558 1474; x_wconf 74' lang='grc' dir='ltr'>ε</span> <span class='ocrx_word' id='word_1_152' title='bbox 585 1439 822 1488; x_wconf 88' lang='lat' dir='ltr'>utrumque</span> <span class='ocrx_word' id='word_1_153' title='bbox 845 1429 985 1473; x_wconf 92' lang='lat' dir='ltr'>debeo</span> <span class='ocrx_word' id='word_1_154' title='bbox 1008 1428 1332 1482; x_wconf 85' lang='lat' dir='ltr'>demonstrare,</span> <span class='ocrx_word' id='word_1_155' title='bbox 1367 1437 1410 1472; x_wconf 92' lang='lat' dir='ltr'>et</span> <span class='ocrx_word' id='word_1_156' title='bbox 1446 1443 1526 1471; x_wconf 85' lang='lat' dir='ltr'>sae-</span> 
     </span>
     <span class='ocr_line' id='line_1_18' title="bbox 136 1496 1521 1559; baseline -0.004 -14"><span class='ocrx_word' id='word_1_157' title='bbox 136 1502 327 1546; x_wconf 87' lang='lat' dir='ltr'>vientem</span> <span class='ocrx_word' id='word_1_158' title='bbox 345 1509 388 1544; x_wconf 90' lang='lat' dir='ltr'>et</span> <span class='ocrx_word' id='word_1_159' title='bbox 410 1499 678 1558; x_wconf 83' lang='lat' dir='ltr'>diligentem.</span> <span class='ocrx_word' id='word_1_160' title='bbox 694 1496 811 1544; x_wconf 80' lang='lat' dir='ltr'>Audi</span> <span class='ocrx_word' id='word_1_161' title='bbox 832 1500 1082 1544; x_wconf 85' lang='lat' dir='ltr'>saevientem</span> <span class='ocrx_word' id='word_1_162' title='bbox 1100 1518 1108 1543; x_wconf 88' lang='lat'>:</span> <span class='ocrx_word' id='word_1_163' title='bbox 1130 1518 1147 1539; x_wconf 87' lang='lat'>«</span> <span class='ocrx_word' id='word_1_164' title='bbox 1170 1503 1286 1543; x_wconf 90' lang='lat' dir='ltr'>Dura</span> <span class='ocrx_word' id='word_1_165' title='bbox 1306 1499 1484 1559; x_wconf 56' lang='lat' dir='ltr'>cervice:</span> <span class='ocrx_word' id='word_1_166' title='bbox 1501 1516 1521 1540; x_wconf 87' lang='lat'>»</span> 
     </span>
     <span class='ocr_line' id='line_1_19' title="bbox 138 1568 1524 1629; baseline -0.001 -14"><span class='ocrx_word' id='word_1_167' title='bbox 138 1571 283 1615; x_wconf 90' lang='lat' dir='ltr'>Verba</span> <span class='ocrx_word' id='word_1_168' title='bbox 298 1578 399 1614; x_wconf 92' lang='lat' dir='ltr'>sunt</span> <span class='ocrx_word' id='word_1_169' title='bbox 413 1570 549 1614; x_wconf 89' lang='lat' dir='ltr'>sancti</span> <span class='ocrx_word' id='word_1_170' title='bbox 569 1569 793 1628; x_wconf 79' lang='lat' dir='ltr'>Stephani,</span> <span class='ocrx_word' id='word_1_171' title='bbox 814 1569 991 1629; x_wconf 85' lang='lat' dir='ltr'>quando</span> <span class='ocrx_word' id='word_1_172' title='bbox 1005 1570 1181 1613; x_wconf 84' lang='lat' dir='ltr'>Judaeos</span> <span class='ocrx_word' id='word_1_173' title='bbox 1196 1568 1524 1629; x_wconf 87' lang='lat' dir='ltr'>alloquebatur:</span> 
     </span>
     <span class='ocr_line' id='line_1_20' title="bbox 142 1638 1527 1693; baseline 0 -10"><span class='ocrx_word' id='word_1_174' title='bbox 142 1660 163 1683; x_wconf 89' lang='lat'>«</span> <span class='ocrx_word' id='word_1_175' title='bbox 197 1643 315 1685; x_wconf 86' lang='lat' dir='ltr'>Dura</span> <span class='ocrx_word' id='word_1_176' title='bbox 344 1640 535 1693; x_wconf 87' lang='lat' dir='ltr'>cervice,</span> <span class='ocrx_word' id='word_1_177' title='bbox 570 1648 613 1683; x_wconf 89' lang='lat' dir='ltr'>et</span> <span class='ocrx_word' id='word_1_178' title='bbox 643 1638 932 1682; x_wconf 80' lang='lat' dir='ltr'>incircumcisi</span> <span class='ocrx_word' id='word_1_179' title='bbox 965 1639 1096 1682; x_wconf 89' lang='lat' dir='ltr'>corde</span> <span class='ocrx_word' id='word_1_180' title='bbox 1138 1648 1182 1682; x_wconf 90' lang='lat' dir='ltr'>et</span> <span class='ocrx_word' id='word_1_181' title='bbox 1214 1638 1416 1693; x_wconf 84' lang='lat' dir='ltr'>auribus,</span> <span class='ocrx_word' id='word_1_182' title='bbox 1452 1654 1527 1683; x_wconf 90' lang='lat' dir='ltr'>vos</span> 
     </span>
     <span class='ocr_line' id='line_1_21' title="bbox 141 1707 1526 1768; baseline 0 -16"><span class='ocrx_word' id='word_1_183' title='bbox 141 1728 163 1752; x_wconf 87' lang='lat'>»</span> <span class='ocrx_word' id='word_1_184' title='bbox 198 1725 366 1768; x_wconf 87' lang='lat' dir='ltr'>semper</span> <span class='ocrx_word' id='word_1_185' title='bbox 390 1709 744 1767; x_wconf 78' lang='lat' dir='ltr'>Spiritui‘sancto</span> <span class='ocrx_word' id='word_1_186' title='bbox 775 1707 1002 1757; x_wconf 86' lang='lat' dir='ltr'>restitistis.</span> <span class='ocrx_word' id='word_1_187' title='bbox 1036 1711 1175 1761; x_wconf 90' lang='lat' dir='ltr'>Quem</span> <span class='ocrx_word' id='word_1_188' title='bbox 1209 1709 1526 1768; x_wconf 87' lang='lat' dir='ltr'>Prophetarum</span> 
     </span>
     <span class='ocr_line' id='line_1_22' title="bbox 141 1777 1529 1837; baseline 0.001 -15"><span class='ocrx_word' id='word_1_189' title='bbox 141 1799 164 1822; x_wconf 82' lang='lat'>»</span> <span class='ocrx_word' id='word_1_190' title='bbox 199 1795 289 1824; x_wconf 90' lang='lat' dir='ltr'>non</span> <span class='ocrx_word' id='word_1_191' title='bbox 308 1777 562 1824; x_wconf 85' lang='lat' dir='ltr'>occiderunt</span> <span class='ocrx_word' id='word_1_192' title='bbox 576 1779 873 1837; x_wconf 74' lang='lat' dir='ltr'>patresvestri2</span> <span class='ocrx_word' id='word_1_193' title='bbox 885 1779 903 1821; x_wconf 79' lang='grc' dir='ltr'><em>Ρ</em></span> <span class='ocrx_word' id='word_1_194' title='bbox 915 1796 934 1818; x_wconf 73' lang='lat' dir='ltr'>n</span> <span class='ocrx_word' id='word_1_195' title='bbox 947 1777 1116 1822; x_wconf 82' lang='lat' dir='ltr'>Audisti</span> <span class='ocrx_word' id='word_1_196' title='bbox 1132 1779 1381 1833; x_wconf 45' lang='lat' dir='ltr'>saevientem</span> <span class='ocrx_word' id='word_1_197' title='bbox 1399 1798 1409 1823; x_wconf 88' lang='grc'>;</span> <span class='ocrx_word' id='word_1_198' title='bbox 1424 1779 1529 1823; x_wconf 86' lang='lat' dir='ltr'>alte-</span> 
     </span>
     <span class='ocr_line' id='line_1_23' title="bbox 139 1848 1529 1908; baseline 0 -14"><span class='ocrx_word' id='word_1_199' title='bbox 139 1866 239 1908; x_wconf 88' lang='lat' dir='ltr'>rum</span> <span class='ocrx_word' id='word_1_200' title='bbox 263 1850 418 1904; x_wconf 81' lang='lat' dir='ltr'>debeo,</span> <span class='ocrx_word' id='word_1_201' title='bbox 448 1848 551 1893; x_wconf 91' lang='lat' dir='ltr'>audi</span> <span class='ocrx_word' id='word_1_202' title='bbox 579 1857 622 1892; x_wconf 91' lang='lat' dir='ltr'>et</span> <span class='ocrx_word' id='word_1_203' title='bbox 648 1848 917 1907; x_wconf 80' lang='lat' dir='ltr'>diligentem.</span> <span class='ocrx_word' id='word_1_204' title='bbox 944 1849 1046 1892; x_wconf 86' lang='lat' dir='ltr'>Irati</span> <span class='ocrx_word' id='word_1_205' title='bbox 1067 1848 1131 1892; x_wconf 88' lang='lat' dir='ltr'>illi</span> <span class='ocrx_word' id='word_1_206' title='bbox 1147 1848 1275 1904; x_wconf 84' lang='lat' dir='ltr'>facti,</span> <span class='ocrx_word' id='word_1_207' title='bbox 1296 1859 1339 1894; x_wconf 90' lang='lat' dir='ltr'>et</span> <span class='ocrx_word' id='word_1_208' title='bbox 1357 1850 1529 1908; x_wconf 78' lang='lat' dir='ltr'>gravius</span> 
     </span>
     <span class='ocr_line' id='line_1_24' title="bbox 139 1917 1529 1978; baseline 0.001 -14"><span class='ocrx_word' id='word_1_209' title='bbox 139 1919 457 1965; x_wconf 87' lang='lat' dir='ltr'>inardescentes</span> <span class='ocrx_word' id='word_1_210' title='bbox 469 1955 480 1974; x_wconf 86' lang='lat'>,</span> <span class='ocrx_word' id='word_1_211' title='bbox 501 1928 545 1963; x_wconf 89' lang='lat' dir='ltr'>et</span> <span class='ocrx_word' id='word_1_212' title='bbox 560 1917 672 1962; x_wconf 88' lang='lat' dir='ltr'>mala</span> <span class='ocrx_word' id='word_1_213' title='bbox 687 1933 767 1977; x_wconf 87' lang='lat' dir='ltr'>pro</span> <span class='ocrx_word' id='word_1_214' title='bbox 783 1919 908 1963; x_wconf 90' lang='lat' dir='ltr'>bonis</span> <span class='ocrx_word' id='word_1_215' title='bbox 926 1917 1159 1962; x_wconf 89' lang='lat' dir='ltr'>reddentes</span> <span class='ocrx_word' id='word_1_216' title='bbox 1171 1953 1183 1974; x_wconf 89' lang='lat'>,</span> <span class='ocrx_word' id='word_1_217' title='bbox 1200 1919 1255 1962; x_wconf 87' lang='lat' dir='ltr'>ad</span> <span class='ocrx_word' id='word_1_218' title='bbox 1266 1919 1432 1978; x_wconf 88' lang='lat' dir='ltr'>lapides</span> <span class='ocrx_word' id='word_1_219' title='bbox 1449 1936 1529 1965; x_wconf 86' lang='lat' dir='ltr'>cu-</span> 
     </span>
    </p>
   </div>
   <div class='ocr_carea' id='block_1_3' title="bbox 60 1986 1527 2051">
    <p class='ocr_par' dir='ltr' id='par_1_4' title="bbox 60 1986 1527 2051">
     <span class='ocr_line' id='line_1_25' title="bbox 60 1986 1527 2051; baseline 0 -17"><span class='ocrx_word' id='word_1_220' title='bbox 60 1986 68 1997; x_wconf 89' lang='lat'><em>&#39;</em></span> <span class='ocrx_word' id='word_1_221' title='bbox 140 1994 386 2051; x_wconf 78' lang='lat' dir='ltr'>currerunt.</span> <span class='ocrx_word' id='word_1_222' title='bbox 421 1989 501 2033; x_wconf 92' lang='lat' dir='ltr'>Dei</span> <span class='ocrx_word' id='word_1_223' title='bbox 522 1987 750 2032; x_wconf 46' lang='lat' dir='ltr'>*famulum</span> <span class='ocrx_word' id='word_1_224' title='bbox 773 1987 971 2047; x_wconf 87' lang='lat' dir='ltr'>lapidare</span> <span class='ocrx_word' id='word_1_225' title='bbox 1001 1998 1244 2048; x_wconf 86' lang='lat' dir='ltr'>coeperunt.</span> <span class='ocrx_word' id='word_1_226' title='bbox 1271 1989 1352 2033; x_wconf 89' lang='lat' dir='ltr'>Hic</span> <span class='ocrx_word' id='word_1_227' title='bbox 1373 1990 1527 2049; x_wconf 88' lang='lat' dir='ltr'>proba,</span> 
     </span>
    </p>
   </div>
   <div class='ocr_carea' id='block_1_4' title="bbox 0 0 88 3178">
    <p class='ocr_par' dir='ltr' id='par_1_5' title="bbox 0 0 88 3178">
     <span class='ocr_line' id='line_1_26' title="bbox 0 0 88 3178; baseline 0 0"><span class='ocrx_word' id='word_1_228' title='bbox 0 0 88 3178; x_wconf 95' lang='lat' dir='ltr'> </span> 
     </span>
    </p>
   </div>
   <div class='ocr_carea' id='block_1_5' title="bbox 139 2057 1560 2612">
    <p class='ocr_par' dir='ltr' id='par_1_6' title="bbox 139 2057 1560 2612">
     <span class='ocr_line' id='line_1_27' title="bbox 140 2057 1560 2119; baseline 0.002 -15"><span class='ocrx_word' id='word_1_229' title='bbox 140 2069 286 2104; x_wconf 88' lang='lat' dir='ltr'>sancte</span> <span class='ocrx_word' id='word_1_230' title='bbox 303 2059 537 2119; x_wconf 84' lang='lat' dir='ltr'>Stephane,</span> <span class='ocrx_word' id='word_1_231' title='bbox 556 2057 833 2103; x_wconf 90' lang='lat' dir='ltr'>dilectionem</span> <span class='ocrx_word' id='word_1_232' title='bbox 848 2067 969 2102; x_wconf 89' lang='lat' dir='ltr'>tuam</span> <span class='ocrx_word' id='word_1_233' title='bbox 982 2080 994 2117; x_wconf 81' lang='lat'>3</span> <span class='ocrx_word' id='word_1_234' title='bbox 1009 2059 1080 2103; x_wconf 89' lang='lat' dir='ltr'>hic</span> <span class='ocrx_word' id='word_1_235' title='bbox 1093 2095 1103 2114; x_wconf 90' lang='lat'>,</span> <span class='ocrx_word' id='word_1_236' title='bbox 1124 2060 1194 2103; x_wconf 89' lang='lat' dir='ltr'>hic</span> <span class='ocrx_word' id='word_1_237' title='bbox 1217 2068 1260 2103; x_wconf 91' lang='lat' dir='ltr'>te</span> <span class='ocrx_word' id='word_1_238' title='bbox 1277 2059 1500 2104; x_wconf 88' lang='lat' dir='ltr'>videamus</span> <span class='ocrx_word' id='word_1_239' title='bbox 1517 2096 1528 2115; x_wconf 86' lang='lat'>,</span> <span class='ocrx_word' id='word_1_240' title='bbox 1554 2102 1560 2107; x_wconf 86' lang='lat'>.</span> 
     </span>
     <span class='ocr_line' id='line_1_28' title="bbox 139 2129 1530 2192; baseline 0.001 -17"><span class='ocrx_word' id='word_1_241' title='bbox 139 2130 212 2175; x_wconf 84' lang='lat' dir='ltr'>hic</span> <span class='ocrx_word' id='word_1_242' title='bbox 248 2137 492 2189; x_wconf 83' lang='lat' dir='ltr'>spectemus</span> <span class='ocrx_word' id='word_1_243' title='bbox 504 2165 515 2185; x_wconf 89' lang='lat'>,</span> <span class='ocrx_word' id='word_1_244' title='bbox 546 2129 616 2173; x_wconf 89' lang='lat' dir='ltr'>hic</span> <span class='ocrx_word' id='word_1_245' title='bbox 645 2132 855 2173; x_wconf 87' lang='lat' dir='ltr'>victorem</span> <span class='ocrx_word' id='word_1_246' title='bbox 888 2129 1051 2174; x_wconf 86' lang='lat' dir='ltr'>diaboli</span> <span class='ocrx_word' id='word_1_247' title='bbox 1080 2131 1530 2192; x_wconf 85' lang='lat' dir='ltr'>triumphatoremque</span> 
     </span>
     <span class='ocr_line' id='line_1_29' title="bbox 142 2199 1532 2258; baseline 0.001 -13"><span class='ocrx_word' id='word_1_248' title='bbox 142 2210 382 2246; x_wconf 69' lang='lat' dir='ltr'>cernamus</span> <span class='ocrx_word' id='word_1_249' title='bbox 401 2199 660 2245; x_wconf 88' lang='lat' dir='ltr'>Audivimus</span> <span class='ocrx_word' id='word_1_250' title='bbox 673 2200 920 2244; x_wconf 82' lang='lat' dir='ltr'>saevientem</span> <span class='ocrx_word' id='word_1_251' title='bbox 943 2201 1146 2246; x_wconf 83' lang='lat' dir='ltr'>adversus</span> <span class='ocrx_word' id='word_1_252' title='bbox 1165 2210 1371 2258; x_wconf 84' lang='lat' dir='ltr'>tacentes,</span> <span class='ocrx_word' id='word_1_253' title='bbox 1391 2201 1532 2246; x_wconf 83' lang='lat' dir='ltr'>videa·</span> 
     </span>
     <span class='ocr_line' id='line_1_30' title="bbox 141 2266 1533 2329; baseline 0.001 -13"><span class='ocrx_word' id='word_1_254' title='bbox 141 2287 238 2316; x_wconf 88' lang='lat' dir='ltr'>mus</span> <span class='ocrx_word' id='word_1_255' title='bbox 252 2272 286 2315; x_wconf 87' lang='lat' dir='ltr'>si</span> <span class='ocrx_word' id='word_1_256' title='bbox 300 2270 443 2329; x_wconf 81' lang='lat' dir='ltr'>diligis</span> <span class='ocrx_word' id='word_1_257' title='bbox 459 2271 684 2315; x_wconf 81' lang='lat' dir='ltr'>saevientes</span> <span class='ocrx_word' id='word_1_258' title='bbox 704 2290 712 2315; x_wconf 92' lang='lat'>:</span> <span class='ocrx_word' id='word_1_259' title='bbox 729 2271 935 2316; x_wconf 83' lang='lat' dir='ltr'>saeviebas</span> <span class='ocrx_word' id='word_1_260' title='bbox 951 2272 1154 2317; x_wconf 85' lang='lat' dir='ltr'>adversus</span> <span class='ocrx_word' id='word_1_261' title='bbox 1168 2266 1373 2328; x_wconf 83' lang='lat' dir='ltr'>tacenteS‚</span> <span class='ocrx_word' id='word_1_262' title='bbox 1389 2267 1533 2317; x_wconf 85' lang='lat' dir='ltr'>videa-</span> 
     </span>
     <span class='ocr_line' id='line_1_31' title="bbox 141 2339 1529 2402; baseline 0.001 -18"><span class='ocrx_word' id='word_1_263' title='bbox 141 2356 238 2385; x_wconf 90' lang='lat' dir='ltr'>mus</span> <span class='ocrx_word' id='word_1_264' title='bbox 252 2341 285 2384; x_wconf 87' lang='lat' dir='ltr'>si</span> <span class='ocrx_word' id='word_1_265' title='bbox 298 2340 439 2397; x_wconf 84' lang='lat' dir='ltr'>diligis</span> <span class='ocrx_word' id='word_1_266' title='bbox 458 2339 716 2398; x_wconf 86' lang='lat' dir='ltr'>lapidantes.</span> <span class='ocrx_word' id='word_1_267' title='bbox 741 2341 785 2384; x_wconf 86' lang='lat' dir='ltr'>Si</span> <span class='ocrx_word' id='word_1_268' title='bbox 806 2342 921 2384; x_wconf 90' lang='lat' dir='ltr'>enim</span> <span class='ocrx_word' id='word_1_269' title='bbox 940 2342 1093 2396; x_wconf 87' lang='lat' dir='ltr'>odisti,</span> <span class='ocrx_word' id='word_1_270' title='bbox 1111 2352 1153 2386; x_wconf 88' lang='lat' dir='ltr'>et</span> <span class='ocrx_word' id='word_1_271' title='bbox 1167 2342 1307 2386; x_wconf 85' lang='lat' dir='ltr'>odisse</span> <span class='ocrx_word' id='word_1_272' title='bbox 1323 2345 1501 2402; x_wconf 84' lang='lat' dir='ltr'>potuisti</span> <span class='ocrx_word' id='word_1_273' title='bbox 1520 2379 1529 2396; x_wconf 89' lang='lat'>,</span> 
     </span>
     <span class='ocr_line' id='line_1_32' title="bbox 143 2410 1531 2469; baseline 0.001 -14"><span class='ocrx_word' id='word_1_274' title='bbox 143 2425 261 2455; x_wconf 92' lang='lat' dir='ltr'>nunc</span> <span class='ocrx_word' id='word_1_275' title='bbox 273 2420 336 2454; x_wconf 87' lang='lat' dir='ltr'>est</span> <span class='ocrx_word' id='word_1_276' title='bbox 351 2419 522 2468; x_wconf 81' lang='lat' dir='ltr'>tempus</span> <span class='ocrx_word' id='word_1_277' title='bbox 540 2410 716 2469; x_wconf 89' lang='lat' dir='ltr'>quando</span> <span class='ocrx_word' id='word_1_278' title='bbox 733 2410 934 2469; x_wconf 87' lang='lat' dir='ltr'>lapidaris</span> <span class='ocrx_word' id='word_1_279' title='bbox 947 2447 957 2465; x_wconf 91' lang='lat'>,</span> <span class='ocrx_word' id='word_1_280' title='bbox 983 2421 1086 2455; x_wconf 83' lang='lat' dir='ltr'>tunc</span> <span class='ocrx_word' id='word_1_281' title='bbox 1100 2413 1284 2456; x_wconf 82' lang='lat' dir='ltr'>maxime</span> <span class='ocrx_word' id='word_1_282' title='bbox 1299 2413 1438 2457; x_wconf 86' lang='lat' dir='ltr'>odisse</span> <span class='ocrx_word' id='word_1_283' title='bbox 1453 2417 1531 2456; x_wconf 85' lang='lat' dir='ltr'>de-</span> 
     </span>
     <span class='ocr_line' id='line_1_33' title="bbox 144 2479 1534 2543; baseline 0.003 -20"><span class='ocrx_word' id='word_1_284' title='bbox 144 2480 472 2524; x_wconf 19' lang='lat' dir='ltr'>bes Videamus</span> <span class='ocrx_word' id='word_1_285' title='bbox 488 2480 521 2523; x_wconf 85' lang='lat' dir='ltr'>si</span> <span class='ocrx_word' id='word_1_286' title='bbox 535 2479 676 2523; x_wconf 88' lang='lat' dir='ltr'>reddis</span> <span class='ocrx_word' id='word_1_287' title='bbox 688 2480 893 2543; x_wconf 86' lang='lat' dir='ltr'>duritiam</span> <span class='ocrx_word' id='word_1_288' title='bbox 902 2482 1042 2526; x_wconf 83' lang='lat' dir='ltr'>cordis</span> <span class='ocrx_word' id='word_1_289' title='bbox 1051 2481 1269 2540; x_wconf 86' lang='lat' dir='ltr'>lapidibus</span> <span class='ocrx_word' id='word_1_290' title='bbox 1279 2482 1415 2538; x_wconf 82' lang='lat' dir='ltr'>duris,</span> <span class='ocrx_word' id='word_1_291' title='bbox 1427 2482 1534 2542; x_wconf 81' lang='lat' dir='ltr'>lapi-</span> 
     </span>
     <span class='ocr_line' id='line_1_34' title="bbox 145 2549 1530 2612; baseline 0.001 -18"><span class='ocrx_word' id='word_1_292' title='bbox 145 2549 272 2594; x_wconf 89' lang='lat' dir='ltr'>dibus</span> <span class='ocrx_word' id='word_1_293' title='bbox 295 2550 369 2609; x_wconf 87' lang='lat' dir='ltr'>qui</span> <span class='ocrx_word' id='word_1_294' title='bbox 387 2558 428 2593; x_wconf 91' lang='lat' dir='ltr'>te</span> <span class='ocrx_word' id='word_1_295' title='bbox 442 2550 652 2608; x_wconf 84' lang='lat' dir='ltr'>lapidant.</span> <span class='ocrx_word' id='word_1_296' title='bbox 679 2550 864 2609; x_wconf 86' lang='lat' dir='ltr'>Lapides</span> <span class='ocrx_word' id='word_1_297' title='bbox 882 2553 997 2595; x_wconf 89' lang='lat' dir='ltr'>enim</span> <span class='ocrx_word' id='word_1_298' title='bbox 1011 2552 1191 2597; x_wconf 86' lang='lat' dir='ltr'>mittunt</span> <span class='ocrx_word' id='word_1_299' title='bbox 1205 2551 1371 2612; x_wconf 89' lang='lat' dir='ltr'>lapides</span> <span class='ocrx_word' id='word_1_300' title='bbox 1389 2588 1401 2609; x_wconf 91' lang='lat'>,</span> <span class='ocrx_word' id='word_1_301' title='bbox 1422 2554 1530 2597; x_wconf 87' lang='lat' dir='ltr'>dura</span> 
     </span>
    </p>
   </div>
   <div class='ocr_carea' id='block_1_6' title="bbox 195 2632 888 2675">
    <p class='ocr_par' dir='ltr' id='par_1_7' title="bbox 195 2632 888 2675">
     <span class='ocr_line' id='line_1_35' title="bbox 195 2632 888 2675; baseline 0.001 -11"><span class='ocrx_word' id='word_1_302' title='bbox 195 2640 206 2655; x_wconf 90' lang='lat'>1</span> <span class='ocrx_word' id='word_1_303' title='bbox 221 2634 298 2665; x_wconf 84' lang='lat' dir='ltr'>Luc.</span> <span class='ocrx_word' id='word_1_304' title='bbox 318 2643 409 2674; x_wconf 76' lang='lat' dir='ltr'>xxm,</span> <span class='ocrx_word' id='word_1_305' title='bbox 430 2632 481 2674; x_wconf 65' lang='grc'>34.</span> <span class='ocrx_word' id='word_1_306' title='bbox 501 2649 540 2655; x_wconf 86' lang='grc'>--</span> <span class='ocrx_word' id='word_1_307' title='bbox 558 2640 570 2655; x_wconf 90' lang='lat'>²</span> <span class='ocrx_word' id='word_1_308' title='bbox 591 2635 663 2665; x_wconf 84' lang='lat' dir='ltr'>Act.</span> <span class='ocrx_word' id='word_1_309' title='bbox 685 2644 737 2674; x_wconf 83' lang='lat' dir='ltr'>vu,</span> <span class='ocrx_word' id='word_1_310' title='bbox 758 2633 814 2675; x_wconf 85' lang='lat'>51,</span> <span class='ocrx_word' id='word_1_311' title='bbox 834 2633 888 2665; x_wconf 85' lang='lat'>52.</span> 
     </span>
    </p>
   </div>
  </div>
 </body>
</html>
