<?xml version="1.0" encoding="UTF-8"?>
<!DOCTYPE html PUBLIC "-//W3C//DTD XHTML 1.0 Transitional//EN"
    "http://www.w3.org/TR/xhtml1/DTD/xhtml1-transitional.dtd">
<html xmlns="http://www.w3.org/1999/xhtml" xml:lang="en" lang="en">
 <head>
  <title>
</title>
<meta http-equiv="Content-Type" content="text/html;charset=utf-8" />
  <meta name='ocr-system' content='tesseract 3.04.00' />
  <meta name='ocr-capabilities' content='ocr_page ocr_carea ocr_par ocr_line ocrx_word'/>
</head>
<body>
  <div class='ocr_page' id='page_1' title='image "./operaomniaaccura18auguuoft_0402.png"; bbox 0 0 1898 3178; ppageno 0'>
   <div class='ocr_carea' id='block_1_1' title="bbox 447 211 1394 254">
    <p class='ocr_par' dir='ltr' id='par_1_1' title="bbox 447 211 1394 254">
     <span class='ocr_line' id='line_1_1' title="bbox 447 211 1394 254; baseline -0.008 0"><span class='ocrx_word' id='word_1_1' title='bbox 447 211 531 254; x_wconf 80' lang='lat'><strong>39&#39;0</strong></span> <span class='ocrx_word' id='word_1_2' title='bbox 879 215 914 245; x_wconf 78' lang='lat' dir='ltr'>s.</span> <span class='ocrx_word' id='word_1_3' title='bbox 950 216 1181 246; x_wconf 67' lang='lat' dir='ltr'>Aucus‘nm</span> <span class='ocrx_word' id='word_1_4' title='bbox 1212 219 1394 247; x_wconf 69' lang='lat' dir='ltr'>nnscom</span> 
     </span>
    </p>
   </div>
   <div class='ocr_carea' id='block_1_2' title="bbox 445 283 1898 631">
    <p class='ocr_par' dir='ltr' id='par_1_2' title="bbox 445 283 1898 631">
     <span class='ocr_line' id='line_1_2' title="bbox 448 283 1826 346; baseline -0.003 -11"><span class='ocrx_word' id='word_1_5' title='bbox 448 289 580 335; x_wconf 88' lang='lat' dir='ltr'>hodie</span> <span class='ocrx_word' id='word_1_6' title='bbox 602 285 811 332; x_wconf 76' lang='lat' dir='ltr'>admoniti</span> <span class='ocrx_word' id='word_1_7' title='bbox 838 299 986 328; x_wconf 90' lang='lat' dir='ltr'>sumus</span> <span class='ocrx_word' id='word_1_8' title='bbox 1003 318 1015 339; x_wconf 75' lang='grc'><strong>,</strong></span> <span class='ocrx_word' id='word_1_9' title='bbox 1041 283 1152 327; x_wconf 86' lang='lat' dir='ltr'>bene</span> <span class='ocrx_word' id='word_1_10' title='bbox 1173 283 1316 328; x_wconf 87' lang='lat' dir='ltr'>facere</span> <span class='ocrx_word' id='word_1_11' title='bbox 1333 294 1463 345; x_wconf 89' lang='lat' dir='ltr'>atque</span> <span class='ocrx_word' id='word_1_12' title='bbox 1485 284 1666 345; x_wconf 83' lang='lat' dir='ltr'>implere</span> <span class='ocrx_word' id='word_1_13' title='bbox 1686 289 1826 346; x_wconf 83' lang='lat' dir='ltr'>possi-</span> 
     </span>
     <span class='ocr_line' id='line_1_3' title="bbox 447 354 1824 415; baseline -0.002 -9"><span class='ocrx_word' id='word_1_14' title='bbox 447 376 545 406; x_wconf 87' lang='lat' dir='ltr'>mus</span> <span class='ocrx_word' id='word_1_15' title='bbox 560 394 571 414; x_wconf 86' lang='lat'>,</span> <span class='ocrx_word' id='word_1_16' title='bbox 596 366 695 402; x_wconf 86' lang='lat' dir='ltr'>ante</span> <span class='ocrx_word' id='word_1_17' title='bbox 713 355 857 400; x_wconf 89' lang='lat' dir='ltr'>omnia</span> <span class='ocrx_word' id='word_1_18' title='bbox 878 369 968 398; x_wconf 90' lang='lat' dir='ltr'>non</span> <span class='ocrx_word' id='word_1_19' title='bbox 985 354 1138 399; x_wconf 89' lang='lat' dir='ltr'>odisse.</span> <span class='ocrx_word' id='word_1_20' title='bbox 1176 357 1298 399; x_wconf 91' lang='lat' dir='ltr'>Tunc</span> <span class='ocrx_word' id='word_1_21' title='bbox 1327 356 1444 399; x_wconf 90' lang='lat' dir='ltr'>enim</span> <span class='ocrx_word' id='word_1_22' title='bbox 1469 356 1648 415; x_wconf 88' lang='lat' dir='ltr'>quando</span> <span class='ocrx_word' id='word_1_23' title='bbox 1682 358 1824 403; x_wconf 87' lang='lat' dir='ltr'>trabes</span> 
     </span>
     <span class='ocr_line' id='line_1_4' title="bbox 446 425 1898 487; baseline -0.003 -10"><span class='ocrx_word' id='word_1_24' title='bbox 446 447 538 478; x_wconf 90' lang='lat' dir='ltr'>non</span> <span class='ocrx_word' id='word_1_25' title='bbox 559 438 624 474; x_wconf 89' lang='lat' dir='ltr'>est</span> <span class='ocrx_word' id='word_1_26' title='bbox 643 429 689 472; x_wconf 92' lang='lat' dir='ltr'>in</span> <span class='ocrx_word' id='word_1_27' title='bbox 711 426 841 472; x_wconf 91' lang='lat' dir='ltr'>oculo</span> <span class='ocrx_word' id='word_1_28' title='bbox 859 434 960 481; x_wconf 87' lang='lat' dir='ltr'>tuo,</span> <span class='ocrx_word' id='word_1_29' title='bbox 985 425 1105 471; x_wconf 87' lang='lat' dir='ltr'>vides</span> <span class='ocrx_word' id='word_1_30' title='bbox 1121 434 1237 470; x_wconf 90' lang='lat' dir='ltr'>recte</span> <span class='ocrx_word' id='word_1_31' title='bbox 1253 425 1472 486; x_wconf 87' lang='lat' dir='ltr'>quidquid</span> <span class='ocrx_word' id='word_1_32' title='bbox 1493 425 1684 472; x_wconf 86' lang='lat' dir='ltr'>fueritin</span> <span class='ocrx_word' id='word_1_33' title='bbox 1697 428 1824 474; x_wconf 91' lang='lat' dir='ltr'>oculo</span> <span class='ocrx_word' id='word_1_34' title='bbox 1844 449 1863 487; x_wconf 59' lang='lat'>⁴!</span> <span class='ocrx_word' id='word_1_35' title='bbox 1894 430 1898 463; x_wconf 76' lang='lat'>1</span> 
     </span>
     <span class='ocr_line' id='line_1_5' title="bbox 446 495 1839 557; baseline -0.002 -9"><span class='ocrx_word' id='word_1_36' title='bbox 446 501 588 548; x_wconf 84' lang='lat' dir='ltr'>fratris</span> <span class='ocrx_word' id='word_1_37' title='bbox 610 498 701 557; x_wconf 79' lang='lat' dir='ltr'>tui3</span> <span class='ocrx_word' id='word_1_38' title='bbox 736 506 780 542; x_wconf 92' lang='lat' dir='ltr'>et</span> <span class='ocrx_word' id='word_1_39' title='bbox 799 496 888 542; x_wconf 89' lang='lat' dir='ltr'>vim</span> <span class='ocrx_word' id='word_1_40' title='bbox 908 496 1088 556; x_wconf 88' lang='lat' dir='ltr'>pateris,</span> <span class='ocrx_word' id='word_1_41' title='bbox 1113 495 1254 542; x_wconf 88' lang='lat' dir='ltr'>donec</span> <span class='ocrx_word' id='word_1_42' title='bbox 1275 497 1417 557; x_wconf 85' lang='lat' dir='ltr'>ejicias</span> <span class='ocrx_word' id='word_1_43' title='bbox 1442 498 1498 542; x_wconf 89' lang='lat' dir='ltr'>de</span> <span class='ocrx_word' id='word_1_44' title='bbox 1529 496 1657 543; x_wconf 91' lang='lat' dir='ltr'>oculo</span> <span class='ocrx_word' id='word_1_45' title='bbox 1684 497 1839 546; x_wconf 80' lang='lat' dir='ltr'>fratris</span> 
     </span>
     <span class='ocr_line' id='line_1_6' title="bbox 445 567 1846 631; baseline -0.004 -12"><span class='ocrx_word' id='word_1_46' title='bbox 445 574 533 628; x_wconf 78' lang='lat' dir='ltr'>tui,</span> <span class='ocrx_word' id='word_1_47' title='bbox 559 570 680 631; x_wconf 88' lang='lat' dir='ltr'>quod</span> <span class='ocrx_word' id='word_1_48' title='bbox 701 567 820 614; x_wconf 85' lang='lat' dir='ltr'>vides</span> <span class='ocrx_word' id='word_1_49' title='bbox 835 583 993 613; x_wconf 89' lang='lat' dir='ltr'>nocere</span> <span class='ocrx_word' id='word_1_50' title='bbox 1013 567 1142 614; x_wconf 91' lang='lat' dir='ltr'>oculo</span> <span class='ocrx_word' id='word_1_51' title='bbox 1159 567 1303 612; x_wconf 89' lang='lat' dir='ltr'>fratris</span> <span class='ocrx_word' id='word_1_52' title='bbox 1324 568 1404 612; x_wconf 95' lang='lat' dir='ltr'>tui.</span> <span class='ocrx_word' id='word_1_53' title='bbox 1440 571 1610 614; x_wconf 87' lang='lat' dir='ltr'><strong>Lumen</strong></span> <span class='ocrx_word' id='word_1_54' title='bbox 1631 569 1752 630; x_wconf 88' lang='lat' dir='ltr'>quod</span> <span class='ocrx_word' id='word_1_55' title='bbox 1782 571 1846 616; x_wconf 71' lang='lat' dir='ltr'>int</span> 
     </span>
    </p>
   </div>
   <div class='ocr_carea' id='block_1_3' title="bbox 1760 535 1866 2040">
    <p class='ocr_par' dir='ltr' id='par_1_3' title="bbox 1760 535 1866 2040">
     <span class='ocr_line' id='line_1_7' title="bbox 1842 535 1866 836; baseline 0 -173"><span class='ocrx_word' id='word_1_56' title='bbox 1842 535 1866 836; x_wconf 95' lang='lat' dir='ltr'>  </span> 
     </span>
     <span class='ocr_line' id='line_1_8' title="bbox 1812 945 1861 1449; baseline -0.429 2"><span class='ocrx_word' id='word_1_57' title='bbox 1812 945 1861 1449; x_wconf 95' lang='lat' dir='ltr'>    </span> 
     </span>
     <span class='ocr_line' id='line_1_9' title="bbox 1813 1449 1841 1591; baseline 0 -17"><span class='ocrx_word' id='word_1_58' title='bbox 1813 1449 1841 1591; x_wconf 95' lang='lat' dir='ltr'>   </span> 
     </span>
     <span class='ocr_line' id='line_1_10' title="bbox 1760 1591 1838 1872; baseline 0 0"><span class='ocrx_word' id='word_1_59' title='bbox 1760 1591 1838 1872; x_wconf 95' lang='lat' dir='ltr'>     </span> 
     </span>
     <span class='ocr_line' id='line_1_11' title="bbox 1806 1872 1838 2040; baseline 0 0"><span class='ocrx_word' id='word_1_60' title='bbox 1806 1872 1838 2040; x_wconf 95' lang='lat' dir='ltr'>   </span> 
     </span>
    </p>
   </div>
   <div class='ocr_carea' id='block_1_4' title="bbox 445 712 1898 932">
    <p class='ocr_par' dir='ltr' id='par_1_4' title="bbox 445 712 1898 913">
     <span class='ocr_line' id='line_1_12' title="bbox 445 712 1857 847; baseline -0.002 -18"><span class='ocrx_word' id='word_1_61' title='bbox 445 712 671 845; x_wconf 87' lang='lat' dir='ltr'>perdidisti</span> <span class='ocrx_word' id='word_1_62' title='bbox 691 781 868 826; x_wconf 80' lang='lat' dir='ltr'>lumen?</span> <span class='ocrx_word' id='word_1_63' title='bbox 890 781 1005 827; x_wconf 81' lang='lat' dir='ltr'>Dixit</span> <span class='ocrx_word' id='word_1_64' title='bbox 1020 781 1137 825; x_wconf 91' lang='lat' dir='ltr'>enim</span> <span class='ocrx_word' id='word_1_65' title='bbox 1159 789 1202 824; x_wconf 89' lang='lat' dir='ltr'>et</span> <span class='ocrx_word' id='word_1_66' title='bbox 1221 781 1307 825; x_wconf 88' lang='lat' dir='ltr'>hoc</span> <span class='ocrx_word' id='word_1_67' title='bbox 1339 789 1486 840; x_wconf 87' lang='lat' dir='ltr'>aperte</span> <span class='ocrx_word' id='word_1_68' title='bbox 1507 780 1661 826; x_wconf 84' lang='lat' dir='ltr'>eadem</span> <span class='ocrx_word' id='word_1_69' title='bbox 1686 780 1857 847; x_wconf 70' lang='grc' dir='ltr'><strong>ΞοιίΡ-ῗ·</strong></span> 
     </span>
     <span class='ocr_line' id='line_1_13' title="bbox 446 848 1898 932; baseline -0.003 -32"><span class='ocrx_word' id='word_1_70' title='bbox 446 865 562 911; x_wconf 81' lang='lat' dir='ltr'>tura,</span> <span class='ocrx_word' id='word_1_71' title='bbox 573 854 652 899; x_wconf 88' lang='lat' dir='ltr'>ubi</span> <span class='ocrx_word' id='word_1_72' title='bbox 661 853 878 932; x_wconf 83' lang='lat' dir='ltr'>scriptum</span> <span class='ocrx_word' id='word_1_73' title='bbox 896 861 990 896; x_wconf 89' lang='lat' dir='ltr'>est:</span> <span class='ocrx_word' id='word_1_74' title='bbox 1015 850 1239 904; x_wconf 80' lang='lat' dir='ltr'>«Quiodit</span> <span class='ocrx_word' id='word_1_75' title='bbox 1251 849 1430 895; x_wconf 83' lang='lat' dir='ltr'>fiatrem</span> <span class='ocrx_word' id='word_1_76' title='bbox 1448 865 1590 930; x_wconf 26' lang='lat' dir='ltr'>suumt,</span> <span class='ocrx_word' id='word_1_77' title='bbox 1613 852 1827 897; x_wconf 85' lang='lat' dir='ltr'>homicida</span> <span class='ocrx_word' id='word_1_78' title='bbox 1851 849 1859 907; x_wconf 86' lang='grc' dir='ltr'>Ι</span> <span class='ocrx_word' id='word_1_79' title='bbox 1886 848 1898 891; x_wconf 85' lang='lat' dir='ltr'>h</span> 
     </span>
    </p>
   </div>
   <div class='ocr_carea' id='block_1_5' title="bbox 448 1269 1898 2535">
    <p class='ocr_par' dir='ltr' id='par_1_5' title="bbox 449 1269 1898 2249">
     <span class='ocr_line' id='line_1_14' title="bbox 449 1269 1852 1335; baseline -0.003 -17"><span class='ocrx_word' id='word_1_80' title='bbox 449 1274 696 1335; x_wconf 85' lang='lat' dir='ltr'>prospicere</span> <span class='ocrx_word' id='word_1_81' title='bbox 718 1271 949 1325; x_wconf 66' lang='lat' dir='ltr'>debemm,</span> <span class='ocrx_word' id='word_1_82' title='bbox 974 1284 1030 1313; x_wconf 88' lang='lat' dir='ltr'>ne</span> <span class='ocrx_word' id='word_1_83' title='bbox 1051 1270 1141 1329; x_wconf 88' lang='lat' dir='ltr'>ipse</span> <span class='ocrx_word' id='word_1_84' title='bbox 1162 1269 1363 1314; x_wconf 82' lang='lat' dir='ltr'>laedatur.</span> <span class='ocrx_word' id='word_1_85' title='bbox 1390 1275 1531 1316; x_wconf 84' lang='lat' dir='ltr'>Laedit</span> <span class='ocrx_word' id='word_1_86' title='bbox 1562 1280 1708 1316; x_wconf 89' lang='lat' dir='ltr'>autem</span> <span class='ocrx_word' id='word_1_87' title='bbox 1741 1271 1852 1316; x_wconf 18' lang='lat' dir='ltr'>ani-1*</span> 
     </span>
     <span class='ocr_line' id='line_1_15' title="bbox 451 1339 1830 1401; baseline -0.002 -12"><span class='ocrx_word' id='word_1_88' title='bbox 451 1359 573 1389; x_wconf 89' lang='lat' dir='ltr'>mum</span> <span class='ocrx_word' id='word_1_89' title='bbox 599 1357 758 1397; x_wconf 90' lang='lat' dir='ltr'>suum,</span> <span class='ocrx_word' id='word_1_90' title='bbox 798 1341 874 1401; x_wconf 88' lang='lat' dir='ltr'>qui</span> <span class='ocrx_word' id='word_1_91' title='bbox 902 1339 995 1384; x_wconf 88' lang='lat' dir='ltr'>odit</span> <span class='ocrx_word' id='word_1_92' title='bbox 1026 1339 1226 1384; x_wconf 82' lang='lat' dir='ltr'>alterum.</span> <span class='ocrx_word' id='word_1_93' title='bbox 1267 1342 1325 1385; x_wconf 90' lang='lat' dir='ltr'>Et</span> <span class='ocrx_word' id='word_1_94' title='bbox 1355 1341 1463 1400; x_wconf 90' lang='lat' dir='ltr'>quid</span> <span class='ocrx_word' id='word_1_95' title='bbox 1489 1340 1683 1386; x_wconf 87' lang='lat' dir='ltr'>facturus</span> <span class='ocrx_word' id='word_1_96' title='bbox 1705 1351 1768 1386; x_wconf 88' lang='lat' dir='ltr'>est</span> <span class='ocrx_word' id='word_1_97' title='bbox 1793 1342 1830 1387; x_wconf 84' lang='lat' dir='ltr'>ei</span> 
     </span>
     <span class='ocr_line' id='line_1_16' title="bbox 453 1410 1812 1475; baseline -0.001 -16"><span class='ocrx_word' id='word_1_98' title='bbox 453 1429 585 1475; x_wconf 87' lang='lat' dir='ltr'>quem</span> <span class='ocrx_word' id='word_1_99' title='bbox 604 1412 722 1458; x_wconf 77' lang='lat' dir='ltr'>odit?</span> <span class='ocrx_word' id='word_1_100' title='bbox 744 1410 853 1472; x_wconf 87' lang='lat' dir='ltr'>quid</span> <span class='ocrx_word' id='word_1_101' title='bbox 875 1410 1101 1455; x_wconf 77' lang='lat' dir='ltr'>facturus?</span> <span class='ocrx_word' id='word_1_102' title='bbox 1125 1410 1254 1455; x_wconf 84' lang='lat' dir='ltr'>Tollit</span> <span class='ocrx_word' id='word_1_103' title='bbox 1268 1412 1520 1470; x_wconf 81' lang='lat' dir='ltr'>pecuniam,</span> <span class='ocrx_word' id='word_1_104' title='bbox 1543 1413 1762 1474; x_wconf 88' lang='lat' dir='ltr'>numquid</span> <span class='ocrx_word' id='word_1_105' title='bbox 1782 1412 1812 1457; x_wconf 89' lang='lat' dir='ltr'><strong>fi</strong></span> 
     </span>
     <span class='ocr_line' id='line_1_17' title="bbox 454 1480 1851 1543; baseline -0.003 -14"><span class='ocrx_word' id='word_1_106' title='bbox 454 1485 584 1529; x_wconf 76' lang='lat' dir='ltr'>dem?</span> <span class='ocrx_word' id='word_1_107' title='bbox 607 1482 747 1528; x_wconf 86' lang='lat' dir='ltr'>Laedit</span> <span class='ocrx_word' id='word_1_108' title='bbox 766 1483 929 1527; x_wconf 82' lang='lat' dir='ltr'>famam</span> <span class='ocrx_word' id='word_1_109' title='bbox 945 1514 958 1537; x_wconf 83' lang='lat'>‚</span> <span class='ocrx_word' id='word_1_110' title='bbox 995 1480 1213 1540; x_wconf 88' lang='lat' dir='ltr'>numquid</span> <span class='ocrx_word' id='word_1_111' title='bbox 1244 1482 1582 1527; x_wconf 76' lang='lat' dir='ltr'>conscientiam?</span> <span class='ocrx_word' id='word_1_112' title='bbox 1612 1481 1851 1543; x_wconf 84' lang='lat' dir='ltr'>Quidquid.</span> 
     </span>
     <span class='ocr_line' id='line_1_18' title="bbox 455 1551 1833 1612; baseline -0.001 -12"><span class='ocrx_word' id='word_1_113' title='bbox 455 1564 606 1609; x_wconf 79' lang='lat' dir='ltr'>nocet,</span> <span class='ocrx_word' id='word_1_114' title='bbox 632 1553 870 1598; x_wconf 82' lang='lat' dir='ltr'>forinsecus</span> <span class='ocrx_word' id='word_1_115' title='bbox 885 1560 1015 1596; x_wconf 85' lang='lat' dir='ltr'>nocet</span> <span class='ocrx_word' id='word_1_116' title='bbox 1042 1570 1051 1595; x_wconf 75' lang='grc' dir='ltr'>ε</span> <span class='ocrx_word' id='word_1_117' title='bbox 1079 1551 1160 1595; x_wconf 85' lang='lat' dir='ltr'>sibi</span> <span class='ocrx_word' id='word_1_118' title='bbox 1186 1552 1363 1596; x_wconf 85' lang='lat' dir='ltr'>attende</span> <span class='ocrx_word' id='word_1_119' title='bbox 1384 1553 1493 1612; x_wconf 87' lang='lat' dir='ltr'>quid</span> <span class='ocrx_word' id='word_1_120' title='bbox 1513 1562 1681 1598; x_wconf 87' lang='lat' dir='ltr'>noceat.</span> <span class='ocrx_word' id='word_1_121' title='bbox 1714 1556 1833 1598; x_wconf 55' lang='lat' dir='ltr'>Intu*</span> 
     </span>
     <span class='ocr_line' id='line_1_19' title="bbox 455 1622 1831 1685; baseline 0.001 -17"><span class='ocrx_word' id='word_1_122' title='bbox 455 1625 570 1668; x_wconf 91' lang='lat' dir='ltr'>enim</span> <span class='ocrx_word' id='word_1_123' title='bbox 593 1624 674 1667; x_wconf 81' lang='lat' dir='ltr'>sibi</span> <span class='ocrx_word' id='word_1_124' title='bbox 696 1624 786 1682; x_wconf 85' lang='lat' dir='ltr'>ipsc</span> <span class='ocrx_word' id='word_1_125' title='bbox 808 1622 1010 1665; x_wconf 89' lang='lat' dir='ltr'>inimicus</span> <span class='ocrx_word' id='word_1_126' title='bbox 1047 1629 1111 1665; x_wconf 88' lang='lat' dir='ltr'>est</span> <span class='ocrx_word' id='word_1_127' title='bbox 1127 1656 1139 1676; x_wconf 80' lang='grc'>,</span> <span class='ocrx_word' id='word_1_128' title='bbox 1174 1622 1251 1682; x_wconf 91' lang='lat' dir='ltr'>qui</span> <span class='ocrx_word' id='word_1_129' title='bbox 1274 1622 1366 1667; x_wconf 91' lang='lat' dir='ltr'>odit</span> <span class='ocrx_word' id='word_1_130' title='bbox 1387 1623 1588 1668; x_wconf 87' lang='lat' dir='ltr'>alterum.</span> <span class='ocrx_word' id='word_1_131' title='bbox 1616 1623 1701 1670; x_wconf 87' lang='lat' dir='ltr'>Sed</span> <span class='ocrx_word' id='word_1_132' title='bbox 1734 1623 1831 1685; x_wconf 82' lang='lat' dir='ltr'>quia</span> 
     </span>
     <span class='ocr_line' id='line_1_20' title="bbox 453 1689 1898 1753; baseline 0.001 -15"><span class='ocrx_word' id='word_1_133' title='bbox 453 1709 544 1738; x_wconf 91' lang='lat' dir='ltr'>non</span> <span class='ocrx_word' id='word_1_134' title='bbox 561 1693 692 1737; x_wconf 83' lang='lat' dir='ltr'>sentit</span> <span class='ocrx_word' id='word_1_135' title='bbox 711 1691 820 1752; x_wconf 88' lang='lat' dir='ltr'>quid</span> <span class='ocrx_word' id='word_1_136' title='bbox 835 1691 919 1735; x_wconf 88' lang='lat' dir='ltr'>sibi</span> <span class='ocrx_word' id='word_1_137' title='bbox 939 1690 1044 1736; x_wconf 87' lang='lat' dir='ltr'>mali</span> <span class='ocrx_word' id='word_1_138' title='bbox 1065 1689 1195 1736; x_wconf 88' lang='lat' dir='ltr'>faciat</span> <span class='ocrx_word' id='word_1_139' title='bbox 1208 1725 1221 1747; x_wconf 87' lang='lat'>‚</span> <span class='ocrx_word' id='word_1_140' title='bbox 1245 1692 1292 1736; x_wconf 89' lang='lat' dir='ltr'>in</span> <span class='ocrx_word' id='word_1_141' title='bbox 1314 1693 1498 1737; x_wconf 90' lang='lat' dir='ltr'>alterum</span> <span class='ocrx_word' id='word_1_142' title='bbox 1519 1694 1663 1750; x_wconf 81' lang='lat' dir='ltr'>saevit,</span> <span class='ocrx_word' id='word_1_143' title='bbox 1689 1709 1741 1739; x_wconf 84' lang='lat' dir='ltr'>eo</span> <span class='ocrx_word' id='word_1_144' title='bbox 1757 1705 1849 1753; x_wconf 75' lang='lat' dir='ltr'>pe-,</span> <span class='ocrx_word' id='word_1_145' title='bbox 1895 1701 1898 1705; x_wconf 85' lang='lat'>&#39;</span> 
     </span>
     <span class='ocr_line' id='line_1_21' title="bbox 454 1763 1848 1824; baseline 0.001 -16"><span class='ocrx_word' id='word_1_146' title='bbox 454 1764 680 1809; x_wconf 81' lang='lat' dir='ltr'>riculosius</span> <span class='ocrx_word' id='word_1_147' title='bbox 700 1763 849 1808; x_wconf 84' lang='lat' dir='ltr'>vivens</span> <span class='ocrx_word' id='word_1_148' title='bbox 861 1765 894 1817; x_wconf 77' lang='lat'>²,</span> <span class='ocrx_word' id='word_1_149' title='bbox 919 1777 1009 1822; x_wconf 87' lang='lat' dir='ltr'>quo</span> <span class='ocrx_word' id='word_1_150' title='bbox 1031 1777 1121 1807; x_wconf 88' lang='lat' dir='ltr'>non</span> <span class='ocrx_word' id='word_1_151' title='bbox 1144 1763 1274 1807; x_wconf 88' lang='lat' dir='ltr'>sentit</span> <span class='ocrx_word' id='word_1_152' title='bbox 1301 1763 1408 1823; x_wconf 87' lang='lat' dir='ltr'>quid</span> <span class='ocrx_word' id='word_1_153' title='bbox 1429 1780 1578 1809; x_wconf 90' lang='lat' dir='ltr'>secum</span> <span class='ocrx_word' id='word_1_154' title='bbox 1599 1764 1701 1809; x_wconf 88' lang='lat' dir='ltr'>mali</span> <span class='ocrx_word' id='word_1_155' title='bbox 1717 1765 1826 1824; x_wconf 50' lang='lat' dir='ltr'>agit15</span> <span class='ocrx_word' id='word_1_156' title='bbox 1845 1766 1848 1812; x_wconf 85' lang='grc' dir='ltr'>Ξ</span> 
     </span>
     <span class='ocr_line' id='line_1_22' title="bbox 454 1831 1758 1896; baseline -0.001 -16"><span class='ocrx_word' id='word_1_157' title='bbox 454 1837 557 1896; x_wconf 84' lang='lat' dir='ltr'>quia</span> <span class='ocrx_word' id='word_1_158' title='bbox 590 1840 633 1878; x_wconf 83' lang='lat' dir='ltr'>et</span> <span class='ocrx_word' id='word_1_159' title='bbox 667 1831 886 1878; x_wconf 83' lang='lat' dir='ltr'>saeviendo</span> <span class='ocrx_word' id='word_1_160' title='bbox 916 1846 1090 1876; x_wconf 90' lang='lat' dir='ltr'>sensum</span> <span class='ocrx_word' id='word_1_161' title='bbox 1111 1832 1316 1891; x_wconf 86' lang='lat' dir='ltr'>perdidit.</span> <span class='ocrx_word' id='word_1_162' title='bbox 1357 1835 1523 1879; x_wconf 84' lang='lat' dir='ltr'>Saevisti</span> <span class='ocrx_word' id='word_1_163' title='bbox 1541 1835 1588 1879; x_wconf 93' lang='lat' dir='ltr'>in</span> <span class='ocrx_word' id='word_1_164' title='bbox 1609 1835 1758 1880; x_wconf 87' lang='lat' dir='ltr'>inimic</span> 
     </span>
     <span class='ocr_line' id='line_1_23' title="bbox 452 1903 1806 1966; baseline 0 -15"><span class='ocrx_word' id='word_1_165' title='bbox 452 1918 580 1952; x_wconf 89' lang='lat' dir='ltr'>tuum</span> <span class='ocrx_word' id='word_1_166' title='bbox 604 1922 615 1949; x_wconf 91' lang='lat'>.·</span> <span class='ocrx_word' id='word_1_167' title='bbox 640 1914 682 1950; x_wconf 84' lang='lat' dir='ltr'>te</span> <span class='ocrx_word' id='word_1_168' title='bbox 707 1905 909 1949; x_wconf 80' lang='lat' dir='ltr'>saeviente</span> <span class='ocrx_word' id='word_1_169' title='bbox 930 1903 1003 1948; x_wconf 89' lang='lat' dir='ltr'>ille</span> <span class='ocrx_word' id='word_1_170' title='bbox 1020 1903 1211 1949; x_wconf 86' lang='lat' dir='ltr'>nudatus</span> <span class='ocrx_word' id='word_1_171' title='bbox 1235 1914 1298 1949; x_wconf 89' lang='lat' dir='ltr'>est</span> <span class='ocrx_word' id='word_1_172' title='bbox 1317 1939 1328 1960; x_wconf 89' lang='lat'>‚</span> <span class='ocrx_word' id='word_1_173' title='bbox 1355 1914 1404 1949; x_wconf 89' lang='lat' dir='ltr'>tu</span> <span class='ocrx_word' id='word_1_174' title='bbox 1426 1906 1603 1966; x_wconf 87' lang='lat' dir='ltr'>iniquus</span> <span class='ocrx_word' id='word_1_175' title='bbox 1627 1921 1686 1950; x_wconf 78' lang='lat' dir='ltr'>es,</span> <span class='ocrx_word' id='word_1_176' title='bbox 1713 1905 1806 1953; x_wconf 89' lang='lat' dir='ltr'>Mul</span> 
     </span>
     <span class='ocr_line' id='line_1_24' title="bbox 451 1974 1823 2037; baseline -0.001 -14"><span class='ocrx_word' id='word_1_177' title='bbox 451 1989 546 2024; x_wconf 87' lang='lat' dir='ltr'>tum</span> <span class='ocrx_word' id='word_1_178' title='bbox 566 1978 745 2021; x_wconf 84' lang='lat' dir='ltr'>interest</span> <span class='ocrx_word' id='word_1_179' title='bbox 766 1976 879 2020; x_wconf 90' lang='lat' dir='ltr'>inter</span> <span class='ocrx_word' id='word_1_180' title='bbox 899 1974 1071 2019; x_wconf 91' lang='lat' dir='ltr'>nudum</span> <span class='ocrx_word' id='word_1_181' title='bbox 1086 1984 1129 2019; x_wconf 85' lang='lat' dir='ltr'>et</span> <span class='ocrx_word' id='word_1_182' title='bbox 1144 1975 1361 2035; x_wconf 88' lang='lat' dir='ltr'>iniquum.</span> <span class='ocrx_word' id='word_1_183' title='bbox 1394 1976 1473 2020; x_wconf 84' lang='lat' dir='ltr'>Ille</span> <span class='ocrx_word' id='word_1_184' title='bbox 1497 1975 1687 2036; x_wconf 83' lang='lat' dir='ltr'>perdidit</span> <span class='ocrx_word' id='word_1_185' title='bbox 1703 1989 1823 2037; x_wconf 86' lang='lat' dir='ltr'>pecu-</span> 
     </span>
     <span class='ocr_line' id='line_1_25' title="bbox 452 2046 1898 2107; baseline 0.001 -14"><span class='ocrx_word' id='word_1_186' title='bbox 452 2050 570 2094; x_wconf 84' lang='lat' dir='ltr'>niam</span> <span class='ocrx_word' id='word_1_187' title='bbox 585 2083 596 2103; x_wconf 87' lang='lat'>,</span> <span class='ocrx_word' id='word_1_188' title='bbox 625 2057 673 2091; x_wconf 91' lang='lat' dir='ltr'>tu</span> <span class='ocrx_word' id='word_1_189' title='bbox 689 2047 997 2091; x_wconf 84' lang='lat' dir='ltr'>innocentiam.</span> <span class='ocrx_word' id='word_1_190' title='bbox 1023 2048 1179 2098; x_wconf 86' lang='lat' dir='ltr'>Quaere</span> <span class='ocrx_word' id='word_1_191' title='bbox 1198 2046 1294 2105; x_wconf 86' lang='lat' dir='ltr'>quis</span> <span class='ocrx_word' id='word_1_192' title='bbox 1317 2048 1488 2104; x_wconf 84' lang='lat' dir='ltr'>gravius</span> <span class='ocrx_word' id='word_1_193' title='bbox 1509 2046 1719 2092; x_wconf 86' lang='lat' dir='ltr'>damnum</span> <span class='ocrx_word' id='word_1_194' title='bbox 1738 2057 1825 2107; x_wconf 71' lang='lat' dir='ltr'>pet·</span> <span class='ocrx_word' id='word_1_195' title='bbox 1864 2051 1898 2096; x_wconf 71' lang='lat' dir='ltr'>nist</span> 
     </span>
     <span class='ocr_line' id='line_1_26' title="bbox 452 2115 1898 2181; baseline 0 -17"><span class='ocrx_word' id='word_1_196' title='bbox 452 2134 601 2181; x_wconf 87' lang='lat' dir='ltr'>pessus</span> <span class='ocrx_word' id='word_1_197' title='bbox 620 2127 698 2163; x_wconf 90' lang='lat' dir='ltr'>est.</span> <span class='ocrx_word' id='word_1_198' title='bbox 726 2117 805 2162; x_wconf 88' lang='lat' dir='ltr'>Ille</span> <span class='ocrx_word' id='word_1_199' title='bbox 818 2115 1008 2177; x_wconf 86' lang='lat' dir='ltr'>perdidit</span> <span class='ocrx_word' id='word_1_200' title='bbox 1024 2130 1116 2160; x_wconf 87' lang='lat' dir='ltr'>rem</span> <span class='ocrx_word' id='word_1_201' title='bbox 1132 2117 1391 2176; x_wconf 84' lang='lat' dir='ltr'>perituram,</span> <span class='ocrx_word' id='word_1_202' title='bbox 1417 2126 1466 2162; x_wconf 89' lang='lat' dir='ltr'>tu</span> <span class='ocrx_word' id='word_1_203' title='bbox 1487 2116 1627 2163; x_wconf 84' lang='lat' dir='ltr'>factus</span> <span class='ocrx_word' id='word_1_204' title='bbox 1650 2133 1694 2163; x_wconf 89' lang='lat' dir='ltr'>es</span> <span class='ocrx_word' id='word_1_205' title='bbox 1719 2117 1823 2179; x_wconf 84' lang='lat' dir='ltr'>peri-</span> <span class='ocrx_word' id='word_1_206' title='bbox 1862 2135 1898 2178; x_wconf 79' lang='lat' dir='ltr'>qua</span> 
     </span>
     <span class='ocr_line' id='line_1_27' title="bbox 452 2200 1898 2249; baseline 0 -13"><span class='ocrx_word' id='word_1_207' title='bbox 452 2200 592 2236; x_wconf 88' lang='lat' dir='ltr'>turus.</span> <span class='ocrx_word' id='word_1_208' title='bbox 1826 2214 1829 2249; x_wconf 66' lang='lat' dir='ltr'>i</span> <span class='ocrx_word' id='word_1_209' title='bbox 1863 2207 1898 2237; x_wconf 66' lang='grc' dir='ltr'>»τε</span> 
     </span>
    </p>

    <p class='ocr_par' dir='ltr' id='par_1_6' title="bbox 448 2254 1898 2535">
     <span class='ocr_line' id='line_1_28' title="bbox 508 2254 1898 2317; baseline -0.001 -11"><span class='ocrx_word' id='word_1_210' title='bbox 508 2263 585 2305; x_wconf 90' lang='lat' dir='ltr'>IV.</span> <span class='ocrx_word' id='word_1_211' title='bbox 611 2260 716 2305; x_wconf 89' lang='lat' dir='ltr'>Ideo</span> <span class='ocrx_word' id='word_1_212' title='bbox 737 2257 947 2303; x_wconf 87' lang='lat' dir='ltr'>debemus</span> <span class='ocrx_word' id='word_1_213' title='bbox 962 2257 1149 2302; x_wconf 87' lang='lat' dir='ltr'>amando</span> <span class='ocrx_word' id='word_1_214' title='bbox 1166 2257 1401 2317; x_wconf 84' lang='lat' dir='ltr'>corripere3</span> <span class='ocrx_word' id='word_1_215' title='bbox 1430 2273 1521 2303; x_wconf 93' lang='lat' dir='ltr'>non</span> <span class='ocrx_word' id='word_1_216' title='bbox 1538 2258 1726 2304; x_wconf 89' lang='lat' dir='ltr'>nocendi</span> <span class='ocrx_word' id='word_1_217' title='bbox 1747 2254 1829 2309; x_wconf 63' lang='lat' dir='ltr'>avi-¹</span> <span class='ocrx_word' id='word_1_218' title='bbox 1861 2275 1898 2309; x_wconf 72' lang='lat' dir='ltr'>rem</span> 
     </span>
     <span class='ocr_line' id='line_1_29' title="bbox 449 2328 1898 2397; baseline 0.001 -21"><span class='ocrx_word' id='word_1_219' title='bbox 449 2332 610 2386; x_wconf 75' lang='lat' dir='ltr'>ditate,</span> <span class='ocrx_word' id='word_1_220' title='bbox 636 2329 713 2375; x_wconf 87' lang='lat' dir='ltr'>sed</span> <span class='ocrx_word' id='word_1_221' title='bbox 745 2330 891 2374; x_wconf 87' lang='lat' dir='ltr'>studio</span> <span class='ocrx_word' id='word_1_222' title='bbox 910 2329 1169 2387; x_wconf 84' lang='lat' dir='ltr'>corrigendi.</span> <span class='ocrx_word' id='word_1_223' title='bbox 1199 2329 1321 2374; x_wconf 90' lang='lat' dir='ltr'>Tales</span> <span class='ocrx_word' id='word_1_224' title='bbox 1344 2329 1379 2373; x_wconf 90' lang='lat' dir='ltr'>si</span> <span class='ocrx_word' id='word_1_225' title='bbox 1401 2328 1638 2386; x_wconf 81' lang='lat' dir='ltr'>fuerimus,</span> <span class='ocrx_word' id='word_1_226' title='bbox 1670 2330 1827 2397; x_wconf 63' lang='lat' dir='ltr'>optimuj</span> <span class='ocrx_word' id='word_1_227' title='bbox 1860 2348 1898 2379; x_wconf 63' lang='lat' dir='ltr'>ure</span> 
     </span>
     <span class='ocr_line' id='line_1_30' title="bbox 448 2400 1898 2462; baseline -0.001 -17"><span class='ocrx_word' id='word_1_228' title='bbox 448 2403 629 2447; x_wconf 81' lang='lat' dir='ltr'>facimus</span> <span class='ocrx_word' id='word_1_229' title='bbox 651 2402 772 2462; x_wconf 88' lang='lat' dir='ltr'>quod</span> <span class='ocrx_word' id='word_1_230' title='bbox 801 2400 930 2445; x_wconf 91' lang='lat' dir='ltr'>hodie</span> <span class='ocrx_word' id='word_1_231' title='bbox 952 2400 1163 2444; x_wconf 86' lang='lat' dir='ltr'>admoniti</span> <span class='ocrx_word' id='word_1_232' title='bbox 1198 2415 1381 2445; x_wconf 88' lang='lat' dir='ltr'>sumus:</span> <span class='ocrx_word' id='word_1_233' title='bbox 1411 2419 1432 2443; x_wconf 87' lang='lat'>«</span> <span class='ocrx_word' id='word_1_234' title='bbox 1460 2401 1502 2446; x_wconf 96' lang='lat' dir='ltr'>Si</span> <span class='ocrx_word' id='word_1_235' title='bbox 1524 2415 1682 2460; x_wconf 86' lang='lat' dir='ltr'>peccav</span> <span class='ocrx_word' id='word_1_236' title='bbox 1685 2398 1826 2459; x_wconf 80' lang='lat' dir='ltr'>eritin</span> <span class='ocrx_word' id='word_1_237' title='bbox 1861 2421 1898 2452; x_wconf 50' lang='grc' dir='ltr'>ιη,</span> 
     </span>
     <span class='ocr_line' id='line_1_31' title="bbox 452 2435 1898 2535; baseline 0.001 -20"><span class='ocrx_word' id='word_1_238' title='bbox 452 2491 472 2514; x_wconf 91' lang='lat'>»</span> <span class='ocrx_word' id='word_1_239' title='bbox 498 2483 540 2517; x_wconf 91' lang='lat' dir='ltr'>te</span> <span class='ocrx_word' id='word_1_240' title='bbox 557 2473 689 2517; x_wconf 73' lang='lat' dir='ltr'>trater</span> <span class='ocrx_word' id='word_1_241' title='bbox 709 2482 835 2527; x_wconf 75' lang='lat' dir='ltr'>tuus,</span> <span class='ocrx_word' id='word_1_242' title='bbox 860 2472 1027 2531; x_wconf 88' lang='lat' dir='ltr'>corripe</span> <span class='ocrx_word' id='word_1_243' title='bbox 1042 2470 1194 2515; x_wconf 91' lang='lat' dir='ltr'>illum</span> <span class='ocrx_word' id='word_1_244' title='bbox 1185 2481 1298 2517; x_wconf 87' lang='lat' dir='ltr'>mter</span> <span class='ocrx_word' id='word_1_245' title='bbox 1315 2481 1358 2515; x_wconf 88' lang='lat' dir='ltr'>te</span> <span class='ocrx_word' id='word_1_246' title='bbox 1372 2480 1415 2515; x_wconf 87' lang='lat' dir='ltr'>et</span> <span class='ocrx_word' id='word_1_247' title='bbox 1432 2472 1572 2530; x_wconf 87' lang='lat' dir='ltr'>ipsum</span> <span class='ocrx_word' id='word_1_248' title='bbox 1593 2471 1775 2517; x_wconf 89' lang='lat' dir='ltr'>solum.</span> <span class='ocrx_word' id='word_1_249' title='bbox 1746 2472 1760 2497; x_wconf 82' lang='lat'><strong>³</strong></span> <span class='ocrx_word' id='word_1_250' title='bbox 1797 2435 1825 2535; x_wconf 67' lang='lat' dir='ltr'>»i</span> <span class='ocrx_word' id='word_1_251' title='bbox 1882 2508 1898 2535; x_wconf 60' lang='lat' dir='ltr'>l</span> 
     </span>
    </p>
   </div>
   <div class='ocr_carea' id='block_1_6' title="bbox 504 2554 1897 2663">
    <p class='ocr_par' dir='ltr' id='par_1_7' title="bbox 504 2554 1897 2663">
     <span class='ocr_line' id='line_1_32' title="bbox 504 2554 1897 2601; baseline 0.004 -15"><span class='ocrx_word' id='word_1_252' title='bbox 504 2562 510 2576; x_wconf 83' lang='lat'><em>¹</em></span> <span class='ocrx_word' id='word_1_253' title='bbox 537 2567 547 2586; x_wconf 86' lang='lat'>1</span> <span class='ocrx_word' id='word_1_254' title='bbox 570 2558 659 2586; x_wconf 77' lang='lat' dir='ltr'>Joau.</span> <span class='ocrx_word' id='word_1_255' title='bbox 676 2567 711 2595; x_wconf 82' lang='lat' dir='ltr'>u,</span> <span class='ocrx_word' id='word_1_256' title='bbox 732 2568 764 2597; x_wconf 79' lang='lat'><strong>9</strong></span> <span class='ocrx_word' id='word_1_257' title='bbox 785 2572 825 2579; x_wconf 85' lang='grc'>-</span> <span class='ocrx_word' id='word_1_258' title='bbox 845 2555 1145 2588; x_wconf 73' lang='lat' dir='ltr'>²·F01tesaevicns.</span> <span class='ocrx_word' id='word_1_259' title='bbox 1166 2572 1207 2580; x_wconf 88' lang='lat'><em>-</em></span> <span class='ocrx_word' id='word_1_260' title='bbox 1228 2554 1241 2579; x_wconf 88' lang='lat'>3</span> <span class='ocrx_word' id='word_1_261' title='bbox 1267 2555 1823 2601; x_wconf 38' lang='lat' dir='ltr'>Matth.xv1u,15.,</span> <span class='ocrx_word' id='word_1_262' title='bbox 1858 2557 1897 2591; x_wconf 55' lang='lat' dir='ltr'>n:</span> 
     </span>
     <span class='ocr_line' id='line_1_33' title="bbox 1819 2609 1823 2663; baseline 0 0"><span class='ocrx_word' id='word_1_263' title='bbox 1819 2609 1823 2663; x_wconf 71' lang='grc' dir='ltr'><em>ἕ</em></span> 
     </span>
    </p>
   </div>
  </div>
 </body>
</html>
