1898 3178
236 287 375 316 sunno
404 286 522 324 Lvn,
557 284 604 312 IN
634 281 800 313 MATTH.
836 286 908 324 v1‚
942 285 997 312 nn
1028 280 1153 313 oRAT.
1187 284 1296 311 nom.
1362 271 1440 310 191

84 460 179 477 (firm
183 455 1455 477 mmmmmmlmmmmmmmwmmm

542 597 777 645 SERMO
811 598 944 644 LVII
959 599 989 641 ¹.

8 797 12 822 :
76 759 283 806 Rursum
318 760 369 804 in
404 757 587 805 Mattlz.
618 777 679 804 v1.
710 756 772 803 de
804 757 1037 804 Oratione
1064 755 1354 814 Domz'niccz,
1393 754 1465 801 ad

598 829 946 889 Competentes.

121 991 156 1034 Ι.
175 990 299 1034 Oano
312 997 375 1034 est
388 989 686 1034 aedificationis
697 998 867 1044 vestrae,
878 996 931 1033 ut
940 987 1112 1033 discatis
1124 986 1242 1048 prius
1256 985 1362 1047 quid
1373 1001 1463 1030 cre-

75 1059 202 1115 datis,
214 1069 258 1105 et
269 1069 416 1119 postea
429 1058 537 1120 quid
546 1060 714 1119 petatis.
729 1060 797 1104 Sic
811 1060 927 1104 enim
940 1058 1046 1103 dicit
1053 1057 1285 1118 Apostolus
1299 1059 1377 1102 :«E
1384 1057 1436 1101 rit
1448 1092 1460 1113 ‚

18 1121 19 1128 ¹
80 1146 101 1171 »
126 1130 266 1174 omnis
280 1130 356 1190 qui
373 1130 638 1175 invocaverit
651 1144 813 1174 nomen
830 1128 1020 1183 Domini,
1038 1128 1179 1173 salvus
1192 1128 1313 1172 erit2.
1333 1147 1353 1170 »
1370 1129 1463 1172 Hoc

19 1201 22 1238 ἕ
76 1199 374 1245 testimonium
390 1201 542 1245 beatus
564 1198 725 1244 Paulus
737 1200 883 1259 posuit
896 1199 951 1244 de
969 1200 1186 1259 Propheta
1201 1220 1212 1256 3
1232 1199 1334 1260 quia
1351 1214 1464 1258 prae-

78 1271 195 1315 dicta
212 1279 315 1316 sunt
330 1285 408 1329 per
425 1270 688 1329 Prophetam
704 1271 782 1314 ista
802 1279 1010 1329 tempora,
1026 1269 1205 1330 quando
1227 1286 1376 1315 omnes
1393 1271 1464 1314 in-

23 1329 31 1398 i.
78 1340 273 1387 vocaturi
295 1349 419 1385 erant
434 1343 574 1385 Deum
605 1359 613 1385 :
643 1359 664 1382 «
693 1340 779 1393 Qui
798 1340 1062 1385 invocaverit
1089 1356 1249 1385 nomen
1265 1341 1460 1396 Domini,

26 1436 33 1464 ᾗ.
80 1410 259 1456 »salvus
279 1411 475 1455 erit.»Et
487 1409 685 1470 adjunxit
702 1428 711 1454 ε
726 1429 746 1452 «
763 1409 995 1464 Quomodo
1017 1419 1162 1455 autem
1176 1411 1461 1467 invocabunt,

27 1531 30 1548 ι
79 1501 100 1525 »
126 1483 172 1527 in
188 1497 320 1543 quem
336 1498 426 1527 non
443 1481 752 1527 crediderunt?
770 1484 859 1526 Aut
875 1482 1100 1543 quomodo
1112 1481 1291 1527 credent
1302 1518 1312 1538 ,
1332 1497 1463 1543 quern

30 1562 31 1570 ¹
80 1571 101 1596 »
125 1569 215 1598 non
235 1553 500 1598 audierunt?
519 1553 752 1607 Quomodo
775 1562 920 1598 autem
955 1553 1155 1609 audient,
1181 1554 1273 1598 sine
1300 1553 1463 1614 praedi-

31 1665 33 1669 .
79 1642 102 1666 »
126 1627 281 1669 cante?
307 1627 398 1669 Aut
423 1623 646 1685 quomodo
673 1623 994 1684 praedicabunt,
1020 1626 1054 1669 si
1087 1640 1177 1669 non
1199 1626 1465 1670 mittantur?

81 1713 102 1737 »
126 1695 246 1740 Missi
258 1704 359 1739 sunt
369 1710 471 1754 ergo
482 1693 801 1754 praedicatores,
812 1693 1159 1752 praedicaverunt
1171 1695 1430 1740 Christum-³.
1439 1713 1461 1737 »

79 1763 171 1809 Illis
196 1763 534 1824 praedicantibus
551 1764 706 1824 populi
738 1763 993 1819 audierunt,
1018 1763 1236 1809 audiendo
1264 1764 1464 1810 credide-

35 1842 39 1849 ·
79 1844 184 1879 runt
200 1870 211 1890 ‚
251 1834 470 1880 credendo
510 1835 836 1880 invocaverunt.
863 1834 975 1888 Quia
1008 1849 1111 1894 ergo
1148 1835 1383 1880 rectissime
1418 1845 1463 1882 et

37 1927 39 1934 ·
79 1905 297 1951 verissime
319 1904 487 1950 dictum
514 1913 579 1949 est
602 1924 611 1950 :
637 1924 657 1947 «
682 1904 913 1958 Quomodo
933 1904 1223 1961 invocabunt,
1252 1906 1299 1950 in
1331 1921 1465 1966 quem

34 1999 44 2027 Ξ,
83 1993 104 2017 »
139 1990 230 2020 non
250 1974 561 2020 crediderunt?
585 1993 606 2017 »
624 1974 723 2020 ideo
744 1974 864 2035 prius
879 1974 1085 2020 didicistis
1109 1975 1231 2036 quod
1262 1975 1465 2021 credere-

80 2045 135 2090 tis
160 2064 170 2090 ε
194 2044 326 2090 hodie
340 2044 548 2090 didicistis
566 2060 667 2090 eum
689 2046 907 2101 invocare,
926 2046 972 2090 in
994 2061 1127 2106 quem
1146 2045 1403 2091 credidistis.

42 2110 47 2130 ³
142 2118 201 2160 II.
228 2115 364 2160 Filius
380 2115 458 2160 Dei
472 2116 683 2161 Dominus
704 2125 849 2161 noster
861 2118 886 2161 J
890 2131 986 2161 esus
1004 2116 1200 2163 Christus
1222 2116 1373 2162 docuit
1388 2132 1468 2163 nos

84 2187 327 2231 orationem
351 2205 360 2231 ε
386 2195 430 2230 et
455 2201 555 2230 cum
578 2185 631 2230 sit
657 2186 748 2246 ipse
774 2186 1005 2243 Dominus,
1038 2186 1150 2232 sicut
1181 2187 1227 2232 in
1257 2188 1468 2245 Symbolo

42 2310 47 2315 ,
86 2256 307 2316 accepistis
332 2265 375 2301 et
395 2255 663 2313 reddidistis,
687 2255 824 2302 Filius
840 2257 919 2302 Dei
940 2257 1096 2302 unicus
1113 2293 1124 2314 ‚
1149 2267 1298 2302 tamen
1324 2258 1471 2304 noluit

87 2342 176 2372 esse
195 2342 323 2371 unus.
350 2327 512 2371 Unicus
529 2335 614 2382 est,
638 2336 682 2372 et
703 2342 816 2372 unus
833 2342 923 2372 esse
939 2327 1082 2373 noluit
1107 2347 1116 2373 :
1137 2327 1290 2373 fratres
1307 2329 1470 2374 habere

87 2397 291 2457 dignatus
314 2405 393 2442 est.
414 2396 584 2450 Quibus
601 2397 717 2441 enim
737 2397 843 2442 dicit
865 2417 874 2444 :
907 2417 928 2441 «
949 2399 1086 2443 Dicite
1113 2417 1122 2443 ε
1149 2402 1276 2444 Pater
1291 2408 1438 2445 noster
1457 2435 1469 2457 ,

90 2485 112 2510 n
146 2467 224 2528 qui
245 2483 289 2513 es
313 2468 360 2513 in
379 2467 500 2513 coelis
517 2468 566 2512 4?
587 2485 608 2510 »
635 2472 773 2522 Quem
793 2469 933 2515 voluit
954 2485 978 2514 a
999 2469 1125 2514 nobis
1152 2468 1359 2531 appellari
1381 2474 1470 2517 Pa-

137 2572 147 2587 ¹
166 2565 250 2598 Alias
263 2565 304 2598 de
321 2564 460 2599 Diversis
479 2576 511 2608 9.
539 2582 580 2588 —
596 2572 609 2589 ²
627 2565 709 2599 Jocl.
726 2577 761 2609 u,
777 2567 831 2609 32,
847 2571 879 2600 et
898 2570 989 2601 Rom.
1016 2578 1049 2610 x,
1078 2568 1128 2600 13.
1148 2584 1190 2591 —
1209 2565 1223 2592 3
1241 2568 1323 2603 lbid.
1344 2567 1396 2611 14,
1419 2567 1472 2601 15.

51 2635 60 2644 ι
92 2635 134 2644 -
151 2618 168 2651 4
181 2620 303 2654 Matth.
323 2631 370 2663 vi,
386 2631 420 2663 9.
