1898 3178
343 274 481 301 sirmio
515 273 639 310 XLVI,
676 272 729 300 DE
763 273 1012 302 PASTomssos
1045 276 1090 302 IN
1124 275 1267 301 EzECH.
1444 266 1496 302 33

118 336 315 381 ferantur
335 337 495 380 chartae
517 337 735 392 humanae,
758 348 913 382 sonent
929 354 1055 383 voces
1078 338 1253 384 divinae.
1277 339 1370 384 Ede
1393 340 1500 385 mihi

118 423 252 451 unam
276 407 507 466 Scripturae
535 423 684 452 vocem
708 423 787 467 pro
809 418 931 468 parte
955 411 1110 455 Donati
1137 430 1145 455 :
1172 410 1274 455 audi
1294 412 1498 456 innume—

116 478 270 522 rabiles
284 513 295 532 ‚
320 494 399 537 pro
427 480 532 523 orbe
550 489 778 524 terrarum.
801 481 907 533 Quis
929 496 998 526 eas
1018 484 1275 526 enumerat?
1299 483 1403 535 Quis
1426 498 1494 527 eas

115 548 349 592 terminat?
378 551 540 593 Tamen
562 559 612 594 ut
633 566 772 610 pauca
804 566 1216 607 commemoremus,
1243 555 1400 612 Legem
1437 561 1497 597 at-

115 617 264 673 tende,
288 619 477 678 primum
501 620 579 664 Dei
602 623 927 666 Testamentum
954 641 962 666 :
992 641 1012 664 «
1039 625 1090 666 In
1124 623 1286 668 semine
1311 632 1388 668 tuo
1419 624 1498 667 be-

115 705 135 729 »
170 687 428 733 nedicentur
450 705 599 734 omnes
623 693 812 749 gentes¹.
837 710 856 731 »
884 694 941 735 Et
971 692 1016 735 in
1039 691 1210 737 Psalmo
1237 712 1245 737 :
1276 712 1295 735 «
1322 693 1496 746 Postula

113 775 135 799 »
171 773 194 802 a
216 773 306 813 me,
332 767 375 802 et
391 759 507 804 dabo
547 760 626 804 tibi
650 770 798 819 gentes
822 761 1123 806 haereditatem
1157 773 1300 818 tuam,
1326 776 1369 808 et
1396 780 1497 823 pos-

115 845 133 868 »
170 829 402 873 sessionem
430 839 577 885 tuam,
614 832 821 876 terminos
849 841 974 876 terrae
997 836 1033 876 (Ξ.
1073 834 1496 878 Commemorabim-

113 915 134 938 »
171 907 242 942 tur
263 909 306 944 et
335 910 646 945 convertentur
675 902 729 945 ad
746 903 979 946 Dominum
999 903 1186 947 universi
1209 905 1314 948 fines
1352 913 1496 962 terrae3

112 983 132 1009 »
162 977 206 1012 et
240 969 485 1015 adorabunt
507 971 549 1015 in
586 981 821 1030 conspectu
854 973 944 1032 ejus
975 973 1189 1017 universae
1210 974 1361 1033 patriae
1388 990 1494 1033 gen-

109 1055 130 1078 »
165 1038 271 1083 tium
309 1042 551 1101 :quoniam
589 1042 722 1101 ipsius
755 1052 819 1086 est
855 1058 1059 1101 regnum,
1095 1053 1138 1088 et
1167 1044 1257 1104 ipse
1291 1044 1494 1090 domina-

108 1125 128 1149 »
165 1109 284 1153 bitur
319 1112 556 1169 gentium3.
601 1113 785 1157 Caritate
822 1113 1006 1157 Domino
1043 1115 1262 1158 canticum
1302 1131 1492 1167 novum,

106 1195 127 1218 »
163 1185 335 1221 cantate
375 1181 563 1225 Domino
610 1177 749 1221 omnis
794 1183 955 1221 terra⁴.
998 1181 1054 1221 Et
1093 1178 1338 1224 adorabunt
1394 1198 1494 1226 eum

104 1263 125 1287 »
161 1262 310 1291 omnes
333 1261 452 1304 reges
474 1256 626 1301 terrae,
653 1261 802 1290 omnes
826 1256 974 1304 gentes
999 1249 1186 1292 servient
1207 1249 1311 1293 illi⁵.
1342 1268 1362 1292 »
1388 1252 1494 1304 Quis

102 1332 355 1362 enumerare
371 1317 589 1362 sufficiat?
606 1320 747 1376 Prope
766 1317 905 1361 omnis
924 1318 1080 1376 pagina
1101 1319 1211 1362 nihil
1229 1319 1348 1364 aliud
1366 1332 1491 1366 sonat

101 1402 233 1446 quam
259 1388 506 1442 Christum,
532 1395 575 1431 et
600 1386 838 1431 Ecclesiam
861 1396 954 1431 toto
976 1388 1082 1432 orbe
1109 1387 1330 1434 diffusam.
1355 1394 1490 1436 Exeat

101 1456 208 1500 mihi
230 1472 316 1500 una
351 1472 433 1501 vox
455 1473 536 1515 pro
569 1465 691 1514 parte
713 1458 887 1500 Donati.
915 1457 1033 1509 Quid
1056 1473 1263 1516 magnum
1286 1470 1349 1504 est
1370 1462 1491 1521 quod

99 1527 281 1586 quaero?
303 1525 542 1570 Ecclesiam
574 1534 665 1570 toto
688 1526 794 1569 orbe
832 1525 1054 1581 diffusam,
1090 1530 1325 1587 perituram
1358 1530 1490 1576 fuisse

100 1595 267 1641 dicunt.
301 1596 496 1640 Peritura
529 1595 736 1655 praedieta
771 1605 833 1640 est
866 1606 931 1641 tot
964 1598 1217 1644 testimoniis
1254 1604 1488 1646 mansura?

98 1669 185 1714 Nec
206 1683 293 1711 una
310 1683 392 1712 vox
413 1667 493 1711 ista
513 1682 591 1726 per
612 1670 772 1725 Legem
790 1701 800 1720 ‚
826 1682 902 1726 per
921 1669 1178 1725 Prophetas,
1214 1686 1286 1725 per
1308 1672 1488 1716 Cantica

97 1738 277 1798 pastoris
296 1746 372 1782 est.
394 1740 546 1797 Neque
567 1737 682 1780 enim
707 1735 770 1779 illi
788 1752 940 1780 verum
963 1737 1106 1781 dicere
1125 1738 1215 1781 sine
1240 1738 1387 1784 Verbo
1409 1741 1486 1784 Dei

99 1818 361 1868 potuerunt3
380 1808 501 1868 quod
519 1817 583 1852 est
603 1807 815 1853 Christus.
1008 1860 1010 1862 μ

156 1881 360 1923 XXXIV.
386 1877 502 1923 Audi
519 1893 670 1922 vocem
690 1876 851 1929 Verbi,
871 1885 912 1920 et
945 1894 994 1919 ex
1026 1892 1099 1921 ore
1127 1877 1274 1922 Verbi.
1302 1879 1483 1924 Miratus

97 1947 229 1992 fidem
250 1948 528 1993 Centurionis
554 1967 563 1992 2
594 1966 614 1989 «
638 1951 778 1991 Amen
796 1982 806 2001 ‚
832 1946 990 2005 inquit,
1014 1947 1111 1991 dico
1133 1947 1254 1992 vobis
1274 1983 1284 2002 ‚
1309 1950 1482 1993 nonin-

100 2035 120 2059 »
154 2019 252 2062 veni
274 2027 439 2062 tantam
456 2017 589 2061 fidem
607 2017 652 2061 in
670 2015 818 2061 Israel.
838 2020 1069 2075 Propterea
1088 2016 1184 2062 dico
1215 2018 1353 2074 vobis,
1378 2019 1479 2079 quia

100 2105 119 2129 »
153 2088 281 2132 multi
303 2088 357 2132 ab
381 2087 559 2132 Oriente
589 2095 632 2130 et
650 2085 887 2131 Occidente
919 2086 1122 2141 venient,
1148 2096 1190 2130 et
1223 2089 1481 2133 recumbent

99 2175 119 2199 »
139 2172 238 2202 cum
253 2158 470 2202 Abraham
495 2167 538 2202 et
552 2161 669 2202 Isaac
692 2166 735 2200 et
758 2156 892 2200 Jacob
913 2156 958 2199 in
979 2172 1113 2215 regno
1132 2157 1387 2202 coelorum⁶.
1410 2159 1477 2203 Ab

98 2246 118 2270 »
152 2230 327 2273 Oriente
356 2238 399 2272 et
434 2228 670 2273 Occidente
697 2227 825 2271 multi
847 2226 1024 2270 venient
1058 2247 1066 2271 :
1101 2246 1120 2268 »
1142 2231 1254 2273 Ecce
1285 2228 1478 2273 Ecclesia

96 2299 267 2354 Christi,
285 2314 382 2343 ecce
405 2314 506 2356 grex
528 2298 713 2343 Christi:
741 2307 789 2341 tu
818 2297 934 2352 vide,
967 2297 998 2340 si
1028 2298 1118 2342 ovis
1153 2314 1210 2342 es.
1237 2301 1334 2343 Non
1360 2299 1475 2343 enim

96 2376 137 2413 te
156 2368 262 2414 latet
279 2385 382 2429 grex
407 2369 481 2428 qui
500 2368 666 2428 ubique
680 2376 755 2411 est.
778 2370 875 2412 Non
888 2367 1068 2411 habebis
1087 2367 1194 2426 quid
1217 2370 1476 2428 respondeas

88 2438 225 2496 judici
238 2449 332 2496 tuo,
347 2454 479 2499 quem
493 2453 584 2482 non
596 2439 659 2483 vis
675 2453 763 2482 esse
775 2446 991 2496 pastorem
1007 2447 1131 2481 tuum
1149 2453 1263 2483 :non
1275 2439 1471 2496 habebis,

143 2540 151 2556 ¹
173 2536 251 2568 Gen.
273 2546 350 2577 xxu,
378 2536 430 2568 18.
453 2552 493 2559 —
514 2541 527 2557 ²
544 2510 725 2575 Psal.1i,8.
753 2552 791 2556 ——
813 2533 826 2556 3
849 2535 896 2566 Id.
917 2545 982 2575 xxi,
1003 2533 1058 2575 28,
1073 2542 1128 2576 29.
1148 2551 1189 2558 —
1207 2533 1288 2569 41d.
1308 2546 1377 2570 xcv.
1400 2548 1475 2570 1.--

96 2587 111 2613 ⁵
134 2590 179 2623 ld.
201 2601 286 2632 un,
309 2601 418 2623 11.—
437 2589 452 2614 6
474 2590 587 2624 Matth.
608 2600 677 2630 vm,
707 2600 759 2630 ιο,
778 2601 829 2621 11.

258 2654 395 2686 cxxv.
414 2650 416 2652 ’
1295 2647 1318 2684 3
