1898 3178
232 279 370 309 sumto
401 278 536 318 Lxxx,
571 279 626 306 DE
659 280 805 308 vnnssrs
836 277 1001 309 ΜΑΤΤΗ.
1037 280 1146 307 xvn.
1315 267 1397 306 373

25 369 44 392 «
79 352 130 393 In
151 348 364 408 principio
386 355 476 390 erat
495 345 712 401 Verbum,
733 356 774 391 et
788 348 981 392 Verbum
1001 356 1092 391 erat
1109 344 1225 406 apud
1244 349 1397 401 Deum,

24 438 44 463 >›
78 429 121 464 et
138 423 251 463 Deus
269 428 361 463 erat
384 418 580 462 Verbum
596 419 825 470 ¹.»Quaere
843 418 897 463 de
923 423 1012 463 Deo
1033 417 1151 462 unde
1173 418 1398 467 moriatur,

21 507 109 537 non
124 491 331 535 invenies.
351 491 438 534 Nos
462 498 607 533 autem
629 490 860 545 morimur,
886 492 962 550 qui
983 506 1131 535 sumus
1154 506 1275 545 caro,
1300 505 1403 550 pec-

21 563 106 609 cati
122 577 295 607 carnem
318 570 494 621 portans
516 562 663 605 homo,
691 564 923 606 Peccatum
947 578 1095 623 quaere
1116 562 1234 606 unde
1255 562 1374 607 vivat
1389 597 1400 618 ,

22 649 111 680 non
131 632 278 677 habet.
302 634 392 678 Nec
414 631 487 675 ille
509 647 612 690 ergo
645 632 790 690 potuit
815 633 976 676 habere
1006 642 1192 678 mortem
1214 634 1269 678 de
1297 650 1376 679 suo
1391 669 1402 690 ‚

23 720 103 750 nec
124 720 202 749 nos
236 704 371 749 vitam
399 703 453 747 de
481 712 627 748 nostro
654 722 662 747 :
694 704 769 747 sed
808 719 886 748 nos
907 704 1041 748 vitam
1062 705 1117 748 de
1148 705 1306 764 ipsius,
1331 705 1405 750 ille

24 785 208 822 mortem
226 775 280 820 de
302 783 464 819 nostro.
487 774 637 828 Qualia
651 776 935 820 commercia!
955 776 1062 836 quid
1077 775 1213 831 dedit,
1235 786 1277 821 et
1297 777 1408 837 quid

24 847 216 906 accepit?
248 849 491 890 Mercantes
516 845 714 890 homines
747 846 934 890 veniunt
968 846 1022 890 ad
1045 847 1326 901 commercia,
1352 847 1407 891 ad

25 933 89 961 res
126 915 370 960 mutandas.
410 918 521 961 Nam
543 916 720 976 antiqua
749 916 1007 961 commercia
1039 931 1186 960 rerum
1222 917 1408 961 mutatio

25 987 122 1032 fuit.
143 987 283 1031 Dabat
304 987 437 1031 homo
466 985 586 1046 quod
611 987 801 1031 habebat
818 1022 829 1042 ‚
855 996 897 1032 et
915 987 1152 1046 accipiebat
1174 987 1295 1047 quod
1320 1003 1407 1031 non

21 1057 226 1102 habebat.
254 1056 388 1100 Verbi
423 1057 557 1115 gratia
576 1092 586 1111 ,
612 1057 804 1101 habebat
837 1058 1029 1102 triticum
1048 1093 1059 1114 ,
1097 1057 1172 1102 sed
1193 1058 1408 1102 hordeum

23 1145 110 1174 non
146 1129 366 1187 habebat3
393 1129 500 1174 alter
521 1129 737 1174 hordeum
764 1130 956 1175 habebat
973 1166 984 1186 ‚
1020 1140 1063 1175 et
1093 1131 1283 1175 triticum
1321 1147 1411 1176 non

22 1200 238 1244 habebat:
264 1200 397 1243 dabat
429 1199 502 1243 ille
530 1199 722 1244 triticum
755 1201 876 1260 quod
914 1201 1105 1246 habebat
1124 1236 1135 1256 ‚
1174 1202 1412 1261 accipiebat

0 1261 1 1294 l
22 1270 236 1315 hordeum
266 1270 387 1329 quod
409 1285 498 1314 non
517 1270 725 1314 habebat.
752 1272 914 1324 Quanti
938 1281 1030 1316 erat
1051 1282 1101 1317 ut
1118 1274 1258 1332 major
1288 1273 1412 1332 copia

25 1340 151 1386 vilem
169 1340 356 1399 speciem
370 1342 690 1400 compensaret!
713 1344 826 1385 Ecce
844 1358 947 1401 ergo
959 1342 1067 1387 alius
1085 1343 1161 1388 dat
1176 1343 1410 1399 hordeum,

26 1421 74 1456 ut
97 1410 277 1470 accipiat
299 1411 489 1454 triticum
514 1430 521 1455 :
548 1421 817 1470 postremum
842 1414 952 1458 alius
974 1414 1049 1459 dat
1068 1414 1298 1473 plumbum
1319 1449 1330 1469 ,
1363 1423 1413 1459 ut

27 1481 203 1541 accipiat
222 1489 479 1539 argentum3
503 1480 578 1525 sed
600 1481 789 1526 multum
807 1482 881 1527 dat
902 1484 1137 1543 plumbum
1155 1494 1303 1529 contra
1331 1501 1411 1546 pa-

27 1569 124 1597 rum
147 1561 372 1611 argentum
396 1571 405 1597 2
436 1551 544 1596 alius
577 1551 651 1597 dat
677 1552 844 1609 lanam,
869 1564 920 1598 ut
948 1557 1130 1615 accipiat
1151 1566 1329 1601 vestem.
1356 1560 1413 1602 Et

0 1645 2 1670 1
30 1624 124 1684 quis
146 1633 372 1667 enumerat
398 1623 574 1667 omnia?
608 1625 771 1667 Tamen
793 1640 922 1670 nemo
945 1625 1020 1670 dat
1042 1626 1175 1670 vitam
1190 1662 1200 1681 ‚
1226 1636 1276 1671 ut
1298 1628 1414 1671 acci-

0 1706 5 1737 7
26 1696 113 1756 piat
129 1704 329 1739 mortem.
351 1696 449 1739 Non
463 1688 566 1752 ergo
584 1709 668 1739 vox
686 1695 842 1739 medici
864 1695 1095 1755 pendentis
1117 1698 1162 1741 in
1178 1697 1299 1756 ligno
1320 1698 1414 1742 ina-

30 1767 94 1811 nis
109 1765 208 1810 fuit.
223 1768 280 1810 Ut
302 1766 417 1809 enim
433 1774 675 1810 moreretur
696 1781 775 1825 pro
793 1766 917 1811 nobis
932 1802 942 1821 ,
969 1769 1070 1828 quia
1087 1768 1282 1812 Verbum
1304 1769 1414 1814 mori

3 1829 5 1834 Α
30 1851 118 1880 non
135 1844 304 1894 poterat
327 1853 334 1878 ;
365 1852 384 1874 «
411 1837 607 1892 Verbum
632 1851 731 1876 caro
756 1836 920 1877 factum
952 1847 1015 1879 est
1031 1873 1042 1888 ,
1068 1847 1111 1878 et
1131 1838 1347 1878 habitavit
1368 1840 1413 1879 in

4 1926 6 1934 =
31 1923 53 1948 ))
85 1905 210 1950 nobis
228 1908 260 1948 ².
285 1923 304 1945 »
323 1902 536 1962 Pependit
562 1903 608 1946 in
637 1917 766 1946 cruce
784 1937 794 1957 ,
818 1902 895 1946 sed
917 1903 962 1945 in
984 1918 1127 1946 carne.
1155 1902 1223 1946 Ibi
1244 1903 1384 1947 vilitas
1399 1939 1411 1958 ‚

0 1974 1 1978 ’
31 1991 159 2036 quam
182 1982 541 2033 contempserunt
562 1971 706 2016 Judaei
727 1991 736 2016 :
763 1972 824 2015 ibi
845 1973 1030 2016 charitas
1046 2007 1056 2027 ,
1088 1988 1166 2031 per
1196 1989 1329 2033 quam
1358 1973 1414 2017 li-

30 2046 164 2090 berati
199 2054 300 2089 sunt
324 2043 481 2088 Judaei.
509 2046 593 2086 Pro
615 2043 715 2102 ipsis
746 2042 863 2086 enim
893 2042 1060 2087 dictum
1089 2053 1152 2088 est
1179 2062 1187 2088 :
1212 2062 1231 2085 «
1258 2047 1411 2100 Pater,

37 2132 57 2157 »
88 2117 262 2175 ignosce
279 2113 386 2168 illis,
412 2113 514 2173 quia
533 2113 732 2157 nesciunt
747 2112 856 2172 quid
876 2112 1044 2157 faciunt
1059 2114 1090 2156 3.
1113 2131 1133 2154 »
1153 2115 1211 2157 Et
1232 2130 1322 2158 non
1338 2131 1417 2159 va-

34 2187 143 2231 cavit
161 2203 242 2230 vox
264 2185 353 2230 illa.
380 2187 585 2245 Mortuus
601 2193 680 2239 est,
703 2183 897 2244 sepultus
916 2195 994 2239 est,
1021 2186 1267 2240 resurrexit,
1296 2185 1416 2230 factis

35 2255 319 2316 quadraginta
343 2254 496 2298 diebus
517 2269 619 2298 cum
640 2254 870 2314 Discipulis
908 2255 994 2300 suis
1031 2254 1225 2299 ascendit
1256 2256 1299 2299 in
1322 2272 1417 2300 coe-

35 2326 139 2382 lum,
165 2326 280 2371 misit
298 2326 506 2386 Spiritum
524 2334 722 2370 sanctum
737 2326 783 2370 in
805 2342 877 2371 eos
898 2327 975 2387 qui
996 2327 1284 2386 expectabant
1306 2343 1410 2387 pro-

9 2409 16 2444 1
39 2398 226 2442 missum.
255 2397 324 2440 Illi
347 2405 526 2455 accepto
561 2396 721 2454 Spiritu
744 2405 893 2441 sancto
915 2397 1082 2456 impleti
1105 2406 1233 2452 sunt,
1259 2407 1301 2441 ct
1324 2414 1419 2443 coe-

0 2447 194 2527 iperunt
215 2467 338 2528 loqui
359 2467 517 2526 linguis
540 2468 735 2510 omnium
770 2468 979 2525 gentium.
1015 2470 1137 2511 Tunc
1171 2467 1313 2512 Judaei
1345 2471 1419 2529 qui

0 2518 16 2589 ⁹}
40 2537 213 2583 aderant
225 2545 586 2597 ‚expavescentes
609 2537 655 2580 in
678 2538 854 2581 nomine
883 2538 1042 2582 Ch1isti
1074 2538 1195 2599 loqui
1217 2540 1420 2584 omnibus

12 2608 17 2622 .

87 2628 95 2645 ¹
116 2625 192 2654 Jorm
222 2634 356 2662 1,1,-
379 2629 390 2644 ²
416 2621 496 2652 ibid.
524 2620 574 2661 14.
592 2638 631 2642 -
654 2619 665 2643 3
686 2623 758 2652 Luc.
784 2621 949 2661 xx111,34.
