1898 3178
336 246 475 274 sznmo
504 247 626 285 xmv,
653 246 705 273 DE
738 244 883 275 vEumS
915 244 1080 274 ΜΑΤΤΗ.
1115 245 1211 274 xxv.
1398 234 1482 273 509

105 431 859 450 QUQWWIQMNUMWWWVVWWWWWWW
864 433 1001 450 WWUVW
1005 433 1484 450 mmmmmumz

549 572 684 618 SEM
731 573 776 619 Ο
825 571 1025 621 XC1V1.

133 754 211 801 De
234 755 388 801 verbis
423 755 687 818 Evangelii
714 755 895 802 Macth.
923 776 1051 813 xxm,
1077 755 1160 801 ubi
1197 772 1356 802 servus
1381 759 1457 816 ρι’-

192 843 307 889 ger,
338 828 421 885 qui
462 826 695 873 talentum
738 837 990 887 acceptam
1035 826 1184 873 noluit
1220 844 1455 890 erogare,

196 900 474 943 damnatur.

170 1079 337 1122 Dorum
362 1077 515 1122 fratres
565 1086 609 1122 et
645 1077 888 1137 coepiscopi
923 1078 1008 1121 mei
1044 1078 1272 1137 praesentia
1313 1077 1488 1138 quidem

107 1163 183 1193 sua
219 1164 298 1194 nos
334 1149 506 1193 visitare
536 1158 580 1193 et
611 1149 848 1193 exhilarare
885 1149 1049 1206 dignati
1071 1159 1173 1194 sunt
1199 1168 1207 1194 ε
1242 1149 1318 1194 sed
1349 1149 1492 1194 nescio

107 1235 241 1279 quare
263 1219 422 1263 nolunt
436 1217 515 1263 me¹
528 1218 690 1264 fessum
706 1219 925 1280 adjuvare.
945 1222 1038 1264 Hoc
1052 1219 1150 1264 ideo
1163 1221 1373 1265 Charitati
1386 1223 1493 1264 Ves-

108 1298 186 1333 trae
219 1289 307 1333 dixi
340 1289 440 1348 ipsis
471 1289 772 1346 audientibus,
801 1299 851 1334 ut
888 1291 1081 1350 quodam
1113 1290 1244 1336 modo
1275 1291 1494 1335 audientia

107 1369 248 1405 vestra
276 1360 517 1404 intercedat
533 1375 610 1420 pro
647 1375 717 1404 me
738 1360 856 1420 apud
878 1361 973 1405 illos
991 1396 1002 1416 ‚
1029 1371 1078 1405 ut
1102 1362 1280 1421 quando
1302 1378 1373 1406 eos
1391 1378 1494 1420 rogo

107 1429 269 1475 faciant
292 1439 335 1474 et
356 1430 436 1489 ipsi
451 1445 710 1475 sermonem.
729 1433 922 1488 Erogent
944 1431 1065 1490 quod
1087 1441 1372 1490 acceperunt,
1391 1447 1496 1491 ope-

109 1501 192 1544 rari
212 1501 347 1560 magis
365 1516 495 1561 quam
515 1516 716 1546 excusare
738 1501 988 1559 dignentur.
1012 1504 1048 1545 A
1067 1516 1135 1545 me
1153 1510 1298 1545 autern
1317 1501 1496 1560 fatigato

109 1581 153 1616 et
174 1571 243 1616 vix
264 1570 500 1630 loquente,
533 1586 671 1629 pauca
700 1571 887 1615 libenter
916 1571 1111 1630 aecipite.
1138 1572 1358 1616 Habemus
1380 1573 1495 1616 enim

110 1651 154 1687 et
169 1641 365 1686 libellum
385 1642 439 1685 de
457 1642 679 1696 beneficiis
697 1641 772 1685 Dei
786 1656 862 1700 per
886 1651 1081 1685 sanctum
1098 1645 1335 1700 Martyrem
1359 1642 1469 1687 datis
1482 1677 1493 1697 ‚

109 1715 269 1773 pariter
304 1713 511 1756 libentius
542 1710 782 1756 audiamus.
808 1711 925 1764 Quid
960 1726 1063 1769 ergo
1090 1713 1190 1755 est?
1225 1711 1333 1772 quid
1355 1712 1497 1757 dicam

111 1784 264 1828 vobis?
282 1783 472 1828 Audistis
492 1783 537 1826 in
559 1780 796 1841 Evangelio
818 1790 862 1826 et
883 1782 1100 1826 bonorum
1122 1797 1344 1826 servorum
1368 1785 1498 1826 meri-

114 1863 205 1898 tum
221 1888 232 1909 ,
257 1863 301 1899 et
321 1868 497 1913 poenam
520 1852 774 1910 malorum&
792 1855 848 1897 Et
871 1852 1036 1896 malitia
1057 1860 1146 1896 tota
1164 1853 1271 1897 servi
1294 1851 1407 1897 illius
1429 1869 1497 1898 rc-

112 1925 285 1984 probati
302 1925 574 1984 graviterque
590 1922 783 1967 damnati
800 1923 880 1967 ista
895 1920 979 1967 fuit
992 1957 1002 1977 ‚
1028 1923 1129 1983 quia
1148 1922 1289 1967 noluit
1303 1939 1493 1982 erogare.

117 1995 310 2040 Servavit
327 1995 545 2053 integrum
574 1993 695 2053 quod
717 1994 883 2052 accepit
909 2012 918 2037 :
944 1992 1019 2037 sed
1041 1993 1250 2038 Dominus
1271 1994 1360 2053 ejus
1378 1994 1499 2038 lucra

114 2066 353 2126 quaerebat.
393 2068 559 2110 Avarus
591 2073 654 2108 est
675 2067 787 2108 Deus
824 2064 879 2109 ad
911 2064 1095 2109 salutem
1129 2073 1335 2108 nostram.
1364 2065 1407 2109 Si
1441 2066 1503 2110 sic

116 2137 348 2181 damnatur
362 2135 437 2195 qui
451 2150 540 2180 non
559 2134 882 2195 erogavit,quid
895 2134 1057 2179 debent
1075 2144 1298 2195 expectare
1316 2136 1391 2196 qui
1405 2151 1504 2195 per-e

116 2206 258 2251 dunt?
274 2209 361 2252 Nos
385 2220 485 2263 ergo
502 2203 816 2264 dispensatores
836 2220 985 2249 sumus
1002 2240 1012 2259 ‚
1038 2221 1116 2250 nos
1147 2221 1374 2265 erogamus
1389 2241 1400 2261 ‚
1424 2221 1502 2251 vos

118 2277 320 2336 accipitis.
346 2278 486 2320 Lucra
508 2275 741 2335 quaerimus
768 2294 778 2320 2
804 2276 916 2319 bene
942 2275 1084 2320 vivite.
1105 2279 1243 2321 Lucra
1267 2276 1382 2320 enim
1405 2292 1502 2321 ero-

120 2347 302 2406 gationis
333 2354 490 2390 nostrae
508 2345 588 2389 ista
611 2354 725 2389 sunt.
755 2345 838 2390 Sed
870 2346 999 2390 etiam
1023 2346 1076 2391 ad
1100 2362 1175 2391 vos
1197 2346 1332 2391 nolite
1354 2347 1501 2391 existi-

118 2432 235 2461 mare
266 2432 356 2461 non
385 2415 601 2476 pertinere
642 2416 949 2474 erogationem.
979 2419 1075 2462 Non
1114 2418 1292 2477 potestis
1325 2433 1507 2477 erogare⁴

164 2524 270 2557 'Alias
285 2524 322 2556 51
343 2524 383 2557 dc
402 2524 535 2557 Sanctis.
549 2539 589 2545 -
612 2529 624 2545 ²
650 2524 727 2556 Vide
754 2535 849 2567 supra
868 2527 968 2558 Senn
990 2536 1087 2558 Lxxxx
1114 2530 1148 2559 et
1166 2526 1247 2558 infra
1278 2528 1445 2560 Sermones
1463 2527 1508 2560 d'e

119 2586 228 2615 sancto
245 2581 420 2625 Stephano.
442 2598 483 2605 —-
504 2579 517 2605 3
541 2580 662 2614 Matth.
690 2592 768 2614 xxv.
