1898 3178
409 270 491 310 178
840 281 874 308 s.
909 278 1141 308 Aucusnm
1171 281 1353 310 EPISCOPI

403 366 425 391 »
457 348 504 392 in
525 347 697 395 Christo
715 366 726 404 3
747 354 922 391 tantum
944 355 1093 391 autem
1113 346 1353 393 audiebant
1367 382 1380 404 ‚
1403 349 1505 409 quia
1524 346 1599 392 ille
1619 349 1697 409 qui
1716 348 1793 394 ali-

402 436 423 460 »
458 417 636 480 quando
669 431 747 461 nos
775 417 1142 477 persequebatur,
1182 434 1303 464 nunc
1335 417 1603 478 evangelizat
1625 418 1761 463 fidem
1777 454 1790 475 ‚

399 506 421 531 »
457 504 586 549 quam
621 486 859 548 aliquando
899 488 1098 533 vastabat
1118 524 1134 545 ,
1170 498 1214 534 et
1252 489 1300 532 in
1345 503 1417 533 me
1449 489 1796 548 magnificabant

401 578 423 602 »
457 561 639 605 Deum¹.
668 577 690 602 »
722 563 862 613 Quare
885 561 1228 620 magnificabant
1244 563 1412 616 Deum,
1445 560 1528 606 nisi
1560 561 1663 621 quia
1693 569 1796 605 ante

400 646 534 692 quam
551 639 659 675 esset
679 627 845 676 factum
861 666 874 688 ‚
892 632 1106 691 rogabant
1127 633 1294 677 Deum?

455 705 532 747 IV.
566 703 777 748 Dominus
809 718 914 763 ergo
945 713 1092 749 noster
1130 703 1271 763 primo
1305 702 1551 762 amputavit
1589 700 1793 748 multilo-

398 773 576 833 quium,
590 789 646 818 ne
661 773 801 819 multa
821 775 955 819 verba
970 774 1126 819 afferas
1141 774 1197 818 ad
1209 777 1366 829 Deum,
1384 774 1508 834 quasi
1524 772 1630 819 velis
1644 773 1795 819 multis

402 845 546 891 verbis
559 844 716 891 docere
729 849 887 890 Deum.
908 846 1098 900 Quando
1110 861 1214 905 ergo
1237 860 1385 904 rogas,
1408 845 1564 905 pietate
1581 860 1691 905 opus
1711 853 1792 900 est,

397 932 488 962 non
521 917 797 962 verbositate.
827 937 849 960 «
878 917 967 963 Scit
990 917 1109 962 enim
1132 920 1258 962 Pater
1278 924 1420 960 vester
1441 915 1549 976 quid
1569 915 1693 961 vobis
1707 931 1790 960 ne-

400 1005 424 1029 »
458 988 692 1033 cessarium
712 988 791 1044 sit,
818 988 938 1047 prius
960 1001 1094 1048 quam
1111 986 1267 1046 petatis
1285 986 1341 1031 ab
1363 987 1458 1031 eo2.
1483 1004 1503 1027 »
1523 985 1667 1032 Nolite
1689 1001 1794 1045 ergo

394 1058 584 1103 multum
605 1057 731 1118 loqui
751 1078 761 1104 :
779 1059 882 1118 quia
896 1059 1018 1103 novit
1035 1057 1145 1119 quid
1162 1057 1286 1102 vobis
1305 1057 1595 1101 necessarium
1611 1057 1679 1102 sit.
1707 1055 1794 1102 Sed

396 1143 451 1172 ne
472 1129 587 1173 forte
620 1129 691 1172 hic
723 1128 878 1188 aliquis
901 1128 1018 1173 dicat
1046 1147 1055 1173 z
1083 1127 1127 1173 Si
1148 1128 1271 1173 novit
1291 1127 1399 1187 quid
1419 1127 1545 1172 nobis
1567 1127 1622 1171 sit
1642 1142 1795 1171 neces-

397 1199 580 1255 sarium,
607 1208 658 1243 ut
685 1197 794 1259 quid
812 1198 881 1243 vel
905 1214 1045 1258 pauca
1065 1198 1200 1244 verba
1228 1197 1444 1243 dicimus?
1477 1207 1528 1242 ut
1558 1198 1666 1257 quid
1696 1213 1796 1243 ora-

404 1286 499 1316 mus
516 1272 534 1315 Ξ)
554 1273 652 1330 Ipse
669 1270 749 1315 scit
769 1288 778 1314 :
796 1268 871 1314 det
892 1268 1014 1330 quod
1030 1269 1109 1313 scit
1130 1269 1256 1314 nobis
1271 1269 1576 1313 necessarium.
1599 1267 1684 1313 Sed
1699 1268 1796 1313 ideo

400 1341 540 1385 voluit
561 1350 612 1385 ut
624 1356 719 1386 ores
735 1375 747 1396 ‚
773 1349 822 1384 ut
839 1339 1102 1384 desideranti
1125 1338 1222 1394 det,
1246 1354 1301 1382 ne
1318 1337 1497 1383 vilescat
1513 1338 1635 1398 quod
1657 1337 1796 1382 dede-

398 1411 480 1469 rit3
499 1411 603 1471 quia
624 1420 668 1456 et
688 1411 832 1470 ipsum
853 1408 1116 1454 desiderium
1136 1409 1227 1468 ipse
1249 1408 1504 1454 insinuavit.
1532 1408 1677 1453 Verba
1690 1424 1795 1469 ergo

400 1496 500 1542 quae
529 1482 738 1526 Dominus
771 1489 917 1525 noster
949 1483 1073 1525 Jesus
1090 1480 1289 1526 Christus
1309 1480 1355 1524 in
1368 1480 1576 1525 Oratione
1611 1480 1793 1537 docuit,

401 1551 541 1598 forma
556 1560 619 1596 est
641 1551 973 1596 desideriorum.
990 1553 1087 1597 Non
1104 1550 1185 1595 tihi
1204 1549 1307 1595 licet
1325 1559 1473 1610 petere
1490 1550 1608 1595 aliud
1624 1585 1635 1607 ‚
1661 1565 1795 1612 quam

403 1622 525 1682 quod
540 1623 604 1667 ibi
619 1622 831 1682 script-um
857 1631 934 1666 est.

461 1695 516 1738 V.
546 1712 567 1736 ι(
591 1696 679 1738 Vos
702 1708 828 1753 ergo,
854 1693 1016 1752 inquit,
1037 1691 1168 1737 dicite
1191 1711 1200 1737 ε
1230 1696 1357 1736 Pater
1385 1702 1556 1748 noster,
1584 1694 1661 1753 qui
1681 1708 1725 1737 es
1750 1694 1799 1738 in

406 1782 429 1806 »
450 1764 614 1809 coelisss.
633 1764 754 1807 »Ubi
772 1778 847 1807 vos
862 1762 1047 1817 (videtis)
1061 1765 1200 1806 Deum
1216 1765 1389 1806 Patrem
1407 1763 1570 1806 habere
1587 1763 1793 1822 coepistiS.

407 1834 494 1880 Sed
514 1833 733 1878 habebitis
750 1847 851 1877 eum
873 1832 965 1876 nati
982 1831 1166 1877 fueritis.
1186 1834 1448 1892 Quanquam
1463 1841 1506 1876 et
1517 1832 1650 1877 modo
1671 1842 1797 1878 ante-

405 1921 539 1966 quam
567 1904 827 1960 nascamini,
856 1902 970 1948 illius
1003 1904 1166 1948 semine
1201 1904 1403 1962 concepti
1428 1903 1550 1959 estis,
1586 1913 1797 1984 tanquam

408 1987 534 2053 utero
549 1977 781 2023 Ecclesiae
772 1991 817 2020 1n
830 1974 954 2020 fonte
967 1974 1178 2034 pariendi.
1203 1993 1223 2017 «
1243 1978 1370 2019 Pater
1388 1984 1555 2030 noster,
1583 1976 1660 2036 qui
1685 1991 1729 2021 es
1751 1977 1798 2022 in

410 2068 431 2092 >›
441 2029 594 2095 coelis.
615 2067 636 2091 »
653 2051 1005 2093 Mementotevos
1020 2049 1193 2091 Patrem
1208 2046 1423 2090 habelein
1440 2045 1578 2091 coelis.
1595 2050 1796 2093 Memen-

408 2129 499 2166 tote
507 2135 582 2166 vos
595 2120 649 2164 de
670 2127 795 2178 patre
809 2116 950 2162 Adam
963 2125 1088 2161 natos
1101 2116 1147 2160 in
1162 2125 1375 2172 mortem,
1402 2116 1457 2161 de
1481 2120 1607 2162 Patre
1622 2120 1712 2163 Deo
1726 2134 1798 2163 re-

408 2190 676 2251 generandos
693 2188 749 2234 ad
764 2189 914 2235 vitam.
929 2192 1035 2242 Quae
1048 2196 1091 2232 et
1104 2187 1267 2243 dicitis,
1285 2187 1331 2232 in
1346 2186 1552 2232 cordibus
1565 2189 1716 2234 vestris
1728 2190 1797 2234 di-

408 2264 507 2307 cite.
541 2263 605 2308 Sit
649 2260 811 2306 orantis
847 2259 1030 2304 affectus
1047 2293 1058 2314 ‚
1097 2267 1141 2303 et
1180 2259 1261 2303 erit
1294 2257 1560 2303 exaudientis
1594 2260 1792 2306 effectus.

413 2352 434 2375 α
459 2333 762 2379 Sanctificetur
778 2346 939 2376 nomen
956 2338 1098 2374 tuum.
1120 2347 1141 2371 »
1162 2328 1279 2383 Quid
1297 2344 1419 2388 rogas
1437 2339 1487 2374 ut
1504 2331 1796 2376 sanctificetur
1811 2378 1815 2380 ,

410 2418 571 2448 nomen
591 2404 701 2448 Dei?
725 2404 931 2449 Sanctum
943 2410 1022 2446 est.
1042 2399 1160 2454 Quid
1176 2415 1299 2459 rogas
1316 2435 1327 2457 ,
1353 2399 1474 2460 quod
1486 2401 1577 2460 jam
1594 2410 1795 2447 sanctum

412 2476 500 2519 est?
532 2474 696 2519 Deinde
728 2488 829 2518 cum
861 2487 984 2531 rogas
1018 2480 1068 2517 ut
1101 2472 1396 2517 sanctificetur
1430 2487 1593 2517 nomen
1631 2472 1766 2532 ipsius
1781 2506 1795 2528 ‚

414 2560 561 2591 nonne
582 2545 702 2604 quasi
718 2559 798 2604 pro
813 2543 889 2590 illo
906 2542 1031 2588 illum
1045 2558 1189 2603 rogas,
1209 2552 1253 2589 et
1274 2559 1363 2589 non
1384 2558 1464 2604 pro
1485 2545 1557 2589 te?
1575 2543 1794 2604 Intellige‚

465 2636 475 2653 ¹
495 2629 596 2663 Galat.
615 2640 641 2671 1,
660 2637 716 2670 22,
731 2634 800 2663 etc.-
819 2646 860 2653 -
880 2636 893 2653 ²
918 2628 1042 2664 matth.
1061 2639 1106 2671 vi,
1125 2629 1158 2662 8.
1178 2644 1220 2652 —
1242 2626 1255 2653 ³
1274 2628 1353 2662 lbid.
1374 2638 1408 2670 9.
