1898 3178
340 212 423 249 632
773 223 804 248 s.
844 221 1069 249 Auousnm
1105 222 1284 248 EPISCOPI

338 286 529 330 habebat
552 295 775 345 peccatum
795 320 805 339 ,
831 295 874 329 et
907 294 1102 330 mortuus
1135 294 1198 329 est
1219 300 1296 344 pro
1326 285 1510 343 peccatis
1535 286 1688 329 uostris
1705 320 1715 340 ,

339 367 382 401 et
399 357 647 416 sauguinem
665 372 789 400 suum
805 355 919 399 fudit
937 357 980 400 in
998 356 1288 400 remissionem
1308 364 1602 414 peccatorum.
1618 357 1719 400 Sus-

337 429 448 485 cepit
469 444 548 487 pro
571 428 695 472 nobis
714 428 835 488 quod
856 443 944 471 non
966 422 1176 481 debebat,
1203 437 1252 471 ut
1274 443 1351 471 nos
1374 443 1397 471 a
1427 426 1574 471 debito
1603 426 1717 471 libe-

337 508 464 543 raret.
486 502 583 543 Non
614 498 802 542 debebat
830 499 961 553 mori,
998 514 1077 542 nec
1112 514 1188 542 nos
1213 499 1354 542 vivere
1381 518 1389 543 z
1416 500 1586 557 quare?
1609 499 1720 551 Quia

336 579 581 629 peccatores
603 584 786 612 eramus.
808 571 895 613 Nec
921 584 1036 612 mors
1059 567 1302 612 debebatur
1319 566 1407 621 illi,
1434 583 1514 612 nec
1535 568 1623 611 vita
1640 584 1721 612 uo-

335 641 399 684 bis
425 661 433 685 :
460 641 579 700 quod
611 640 650 683 ei
683 656 770 683 non
803 639 1047 683 debebatur
1079 640 1268 698 accepit,
1312 637 1433 699 quod
1473 639 1599 683 nobis
1631 655 1721 683 non

335 711 578 755 debebatur
601 710 737 754 dedit.
761 709 845 755 Sed
867 711 1072 771 quoniam
1097 710 1151 754 de
1174 710 1422 753 remissione
1444 709 1588 768 agitur
1616 725 1720 769 pec-

335 791 558 835 catorum,
583 796 639 824 ne
670 779 859 825 multum
889 782 944 825 ad
976 797 1050 825 vos
1084 781 1244 840 putetis
1277 780 1436 824 imitari
1468 780 1717 835 Christum,

335 850 591 910 Apostolum
620 851 766 894 audite
795 849 1009 894 dicentem
1036 870 1044 895 :
1074 870 1094 892 «
1119 854 1337 894 Donantes
1371 850 1689 910 vobismetipsis
1707 885 1717 905 ,

339 941 358 963 »
394 923 505 966 sicut
521 931 563 965 et
595 925 707 965 Deus
742 922 787 964 in
821 922 992 965 Christo
1027 921 1207 964 donavit
1228 920 1349 964 vobis
1369 922 1397 963 ¹.
1439 922 1589 964 Estote
1619 935 1720 979 ergo

339 1011 359 1033 »
394 992 631 1035 imitatores
672 991 761 1034 Dei.
807 1010 826 1031 »
869 990 1066 1049 Apostoli
1105 991 1237 1034 verba
1281 1000 1383 1034 sunt
1417 981 1549 1034 :Anon
1586 1006 1680 1034 mea
1710 1011 1719 1036 ;

338 1081 356 1102 «
393 1065 541 1105 Estote
563 1076 665 1119 ergo
694 1061 930 1104 imitatores
953 1061 1043 1104 Dei.
1074 1080 1090 1102 (ι
1119 1064 1246 1105 Certe
1277 1061 1515 1119 superbum
1539 1069 1601 1104 est
1622 1062 1722 1104 imi-

336 1132 416 1176 tari
440 1133 611 1175 Deum?
644 1130 761 1174 Audi
789 1130 1047 1189 Apostolum
1083 1150 1092 1176 2
1128 1150 1146 1172 «
1172 1134 1322 1175 Estote
1351 1132 1586 1174 imitatores
1619 1133 1718 1186 Dei,

336 1221 356 1242 n
393 1202 504 1245 sicut
526 1200 604 1244 filii
639 1200 920 1244 charissimi‘2.
953 1219 971 1240 »
999 1200 1134 1244 Filius
1158 1201 1312 1244 diceris
1339 1221 1347 1245 z
1373 1201 1406 1243 si
1437 1202 1600 1260 respuis
1621 1202 1721 1245 imi-

333 1273 558 1325 tationem,
579 1286 713 1330 quare
735 1270 892 1330 quaeris
914 1271 1247 1314 haereditatem?

392 1344 466 1384 lv.
490 1343 582 1384 Hoc
602 1341 786 1383 dicerem
808 1340 841 1383 si
865 1340 972 1383 nihil
994 1343 1157 1399 peccati
1177 1340 1383 1394 haberes,
1409 1341 1529 1400 quod
1551 1341 1629 1384 tibi
1655 1339 1721 1385 re-

332 1412 464 1455 laxari
487 1410 765 1454 desiderares.
793 1409 926 1454 Modo
965 1420 1108 1453 autem
1150 1411 1345 1469 quisquis
1375 1426 1446 1465 es,
1482 1412 1615 1455 homo
1643 1427 1686 1455 es
1710 1431 1718 1456 ε

326 1484 468 1540 justus
490 1481 545 1524 sis
573 1479 695 1533 licet,
723 1481 854 1523 homo
877 1494 944 1537 es,
968 1480 1104 1524 laicus
1127 1481 1181 1524 sis
1197 1516 1207 1535 ,
1234 1482 1364 1524 homo
1388 1497 1458 1537 es3
1484 1483 1722 1526 monachus

334 1552 386 1594 sis
403 1586 413 1604 ‚
437 1552 569 1593 homo
593 1566 659 1607 es,
684 1549 863 1593 clericus
885 1550 960 1604 sis,
986 1551 1119 1594 homo
1137 1566 1178 1594 es
1199 1572 1210 1607 3
1234 1553 1463 1610 episcopus
1486 1552 1539 1595 sis
1555 1587 1566 1606 ,
1591 1553 1722 1597 homo
1759 1575 1761 1577 ·

332 1638 401 1677 es,
426 1620 646 1679 apostolus
665 1620 734 1672 sis,
763 1620 894 1662 homo
918 1635 971 1662 es.
994 1622 1154 1664 Vocem
1173 1620 1367 1680 Apostoli
1390 1621 1491 1665 audi
1511 1640 1519 1665 :
1551 1641 1570 1662 «
1594 1623 1637 1666 Si
1656 1621 1723 1665 di-

337 1712 354 1732 »
392 1692 577 1734 xcrimus
599 1692 700 1749 quia
725 1699 949 1749 peccatum
974 1707 1062 1734 non
1095 1692 1306 1735 habemus
1323 1727 1333 1746 ,
1360 1709 1436 1736 nos
1458 1693 1571 1751 ipsos
1594 1692 1724 1737 sedu-

337 1782 355 1804 υ
391 1764 567 1806 cimus3.
600 1781 618 1801 »
648 1761 747 1815 Ille,
774 1760 846 1803 ille
863 1796 874 1814 ,
900 1761 973 1804 ille
996 1765 1183 1806 ,loannes
1207 1772 1248 1806 et
1271 1763 1565 1821 Evangelista,
1591 1779 1721 1822 quem

339 1830 543 1877 Dominus
567 1832 763 1876 Christus
786 1848 873 1891 prae
896 1833 1062 1876 caeteris
1085 1832 1306 1889 diligebat,
1326 1834 1401 1891 qui
1423 1848 1551 1892 supra
1571 1842 1722 1892 pectus

332 1906 366 1961 ej
376 1919 422 1947 us
437 1902 758 1956 discumbebat,
774 1904 863 1961 ipse
878 1903 955 1946 ait:
971 1903 1011 1946 Si
1027 1902 1260 1946 dixerimus
1278 1923 1285 1947 :
1303 1919 1390 1947 non
1404 1903 1535 1949 dixit:
1554 1905 1596 1949 Si
1608 1903 1723 1948 dixe-

334 1974 420 2018 ritis
439 1974 541 2033 quia
560 1982 785 2032 peccatum
811 1988 900 2016 non
926 1974 1094 2016 habetis
1116 1993 1125 2018 :
1149 1975 1239 2027 sed,
1259 1994 1276 2015 «
1301 1975 1342 2019 Si
1365 1975 1598 2019 dixerimus
1621 1977 1721 2036 quia

339 2064 357 2083 »
394 2050 620 2103 peccatum
648 2058 736 2086 non
761 2043 970 2086 habemus
989 2079 999 2096 ,
1028 2059 1105 2087 nos
1121 2045 1234 2103 ipsos
1255 2044 1518 2099 seducimus,
1544 2054 1586 2089 et
1609 2047 1721 2089 veri-

337 2134 354 2153 »
394 2114 510 2157 tasin
534 2113 660 2157 nobis
683 2129 770 2156 nou
790 2123 853 2156 est
881 2133 888 2157 :
917 2133 932 2154 i»
960 2114 1110 2157 Junxit
1132 2130 1174 2157 se
1197 2115 1242 2158 in
1265 2114 1392 2173 culpa
1410 2150 1420 2169 ,
1448 2116 1720 2174 utjungere-

336 2194 406 2227 tur
428 2194 471 2227 et
494 2185 536 2227 in
560 2184 699 2227 venia.
731 2204 749 2224 «
779 2185 821 2227 Si
843 2183 1076 2227 dixerimus
1100 2204 1107 2228 :
1137 2203 1155 2224 »
1183 2185 1328 2228 videte
1351 2186 1447 2244 quis
1468 2186 1583 2229 dicat
1611 2206 1618 2230 :
1640 2205 1658 2227 «
1679 2187 1720 2231 Si

390 2255 623 2298 dixerimus
647 2255 746 2314 quia
767 2264 991 2313 peccatum
1011 2271 1097 2298 non
1115 2256 1345 2309 habemus,
1363 2271 1440 2299 nos
1459 2257 1571 2315 ipsos
1589 2257 1720 2301 sedu-

390 2325 552 2378 cimus,
594 2334 636 2368 et
661 2326 812 2368 veritas
834 2325 878 2367 in
915 2325 1041 2368 nobis
1070 2341 1157 2368 non
1190 2336 1266 2369 est.
1296 2327 1337 2370 Si
1362 2335 1503 2369 autem
1536 2327 1720 2371 confessi

392 2395 599 2438 fuerimus
629 2406 803 2454 peccata
826 2404 992 2448 nostra,
1024 2394 1162 2438 fidelis
1184 2405 1247 2439 est
1273 2406 1315 2439 et
1344 2398 1488 2456 justus
1505 2432 1516 2451 ,
1546 2397 1621 2456 qui
1649 2397 1719 2441 di-

392 2465 534 2509 mittat
547 2465 671 2509 nobis
688 2475 863 2524 peccata
877 2474 918 2507 et
933 2464 1114 2508 mundet
1132 2481 1208 2509 nos
1226 2466 1280 2508 ab
1291 2466 1410 2509 omni
1429 2466 1676 2525 iniquitate.
1693 2484 1713 2508 »

336 2276 342 2293 )

345 2275 352 2294 v

336 2344 343 2362 )

346 2344 353 2363 v

336 2415 343 2433 )

345 2416 352 2434 υ

337 2486 344 2503 )

346 2484 354 2503 v

393 2548 532 2580 ¹Coloss.
555 2560 603 2588 ιιι,
629 2550 675 2580 13.
699 2566 738 2571 —-
764 2557 775 2571 ²
796 2549 911 2591 EpheS.
933 2559 964 2587 v,
987 2560 1013 2579 ι.
1037 2566 1074 2571 -
1091 2548 1102 2570 3
1126 2551 1212 2581 Joan.
1233 2561 1255 2582 ι.
1276 2551 1307 2582 8.

1881 1920 1894 1961 ΞΓ.
1884 1871 1890 1882 ‘v

1880 2004 1898 2173 3:³33

1878 2354 1898 2454 ΞΕ
1882 2291 1888 2309 ⁹
1879 2215 1898 2243 ’Ξ

1876 2496 1898 2539 -Ξ
