1898 3178
443 186 580 214 summo
612 187 680 224 cr,
717 187 771 213 DE
804 184 950 214 vnnms
982 188 1075 214 Luc.
1111 188 1155 214 x.
1399 176 1477 216 551

100 264 121 289 »
156 248 240 292 hoe.
263 257 457 308 tempore
478 249 671 309 reliquiae
689 264 766 308 per
788 249 1044 294 electionem
1069 250 1217 309 gratiae
1240 250 1368 295 salvae
1389 251 1483 296 fac-

36 330 40 350 a
98 333 120 359 n
158 326 211 360 [ae
232 326 334 362 sunt
353 320 383 361 ¹.
413 336 433 359 »
456 318 499 362 Si
521 326 666 361 autem
684 320 839 375 gratia,
866 320 1011 379 inquit
1025 354 1036 375 ,
1050 321 1141 379 jam
1159 334 1248 364 non
1270 335 1320 363 ex
1342 322 1483 379 operi-

99 405 119 428 »
156 387 260 443 bus,
278 388 324 432 id
345 397 430 442 est,
450 388 540 447 jam
563 404 651 433 non
674 388 728 432 de
747 398 824 434 tuo
841 390 996 434 merito
1017 389 1233 435 extollaris
1254 409 1263 435 :
1284 389 1480 452 alioquin

98 474 120 498 »
156 457 289 515 gratia
300 459 391 518 jam
411 473 501 502 non
523 467 586 502 est
607 459 782 516 gratia2.
802 478 822 501 »
846 460 891 505 Si
907 461 1022 504 enim
1044 459 1099 504 de
1120 469 1196 506 tuo
1218 475 1349 521 opere
1370 476 1485 521 prae-

36 563 37 573 2
94 528 226 572 sumis
245 549 256 585 3
281 543 382 586 ergo
402 544 566 574 merces
584 529 665 574 tibi
683 529 896 587 redditur,
922 546 1012 576 non
1033 532 1169 590 gratia
1189 533 1478 578 condonatur.

36 620 38 647 ;
96 598 140 644 Si
152 607 297 644 autem
316 600 453 658 gratia
475 610 564 655 est,
590 600 717 658 gratis
738 600 880 645 datur.
901 604 1128 661 Interrogo
1149 617 1283 647 nunc.
1310 603 1482 660 Credis,

93 684 120 713 o
140 678 364 728 peccator,
399 670 604 715 Christo?
635 670 773 726 Dicis,
807 670 966 717 Credo.
993 672 1111 725 Quid
1140 672 1312 718 eredis?
1343 674 1485 719 Gratis

36 762 37 779 l
91 739 291 783 universa
312 748 490 798 peccata
511 755 588 799 per
604 740 746 799 ipsum
763 740 842 785 tibi
857 756 979 800 posse
993 742 1182 786 remitti?
1195 743 1341 788 Habes
1361 743 1483 803 quod

0 795 1 799 Ἰ
91 807 326 852 credidisti.
351 810 388 852 Ο
411 811 546 868 gratia
576 811 703 868 gratis
726 809 853 854 data!
880 810 997 864 Quid
1018 821 1068 856 tu
1090 813 1233 872 juste,
1266 814 1404 859 credis
1437 823 1482 860 te

35 889 37 895 ⁴
90 877 182 921 sine
215 880 306 922 Deo
329 893 417 923 non
445 894 570 937 posse
603 895 771 924 servare
788 880 1032 939 justitiam?
1053 882 1192 940 Ipsius
1213 897 1315 941 ergo
1336 892 1479 928 totum

90 956 271 1006 reputa,
297 947 417 1008 quod
429 949 572 1008 justus
595 965 638 993 es
656 984 667 1004 ‚
692 950 841 1009 pietati
859 969 868 995 :
886 950 1007 1010 quod
1028 961 1174 996 autem
1192 962 1394 1011 peccator
1415 969 1475 1009 es,

0 1040 1 1049 π
35 1064 37 1070 ,
90 1026 179 1062 tuae
201 1017 424 1078 iniquitati
447 1020 625 1064 ascribe.
648 1023 753 1065 Esto
771 1030 993 1066 aecusator
1008 1030 1128 1077 tuus,
1152 1031 1196 1067 et
1211 1023 1285 1067 ille
1301 1023 1382 1068 erit
1403 1024 1474 1068 in-

34 1111 36 1131 ;
89 1086 238 1131 dultor
259 1096 374 1132 tuus.
396 1090 535 1132 Omne
557 1089 674 1134 enim
691 1090 877 1146 crimen,
910 1089 1100 1147 facinus,
1130 1091 1200 1136 vel
1222 1102 1473 1151 peccatum,

88 1166 247 1203 nostrae
263 1168 326 1203 est
346 1159 624 1219 negligentiae
645 1170 688 1205 et
709 1162 848 1206 omnis
870 1162 1005 1207 virtus
1022 1171 1067 1207 et
1085 1162 1303 1220 sanctitas,
1318 1164 1396 1208 Dei
1415 1173 1478 1210 est

88 1227 387 1286 indulgentiae.
408 1231 614 1275 Conversi
636 1231 690 1276 ad
703 1232 955 1288 Dominum,
975 1241 1058 1278 etc.

0 1375 4 1402 l
33 1397 36 1410 1
87 1394 1472 1416 mmmmmmwmmmwmxmwummmwnmmmwmmmmmmmw

585 1531 815 1578 SERMO
864 1531 967 1579 (31³.

210 1692 273 1734 De
294 1690 437 1735 verbis
468 1682 694 1750 Evangelii
716 1693 823 1736 Luc.
846 1709 875 1736 x
902 1710 913 1737 ι
943 1692 1119 1738 Messis
1150 1690 1344 1751 quidem

622 1759 796 1818 malta,
818 1769 907 1806 etc.

21 1964 35 1975 ,Ι
143 1919 178 1961 Ι.
205 1919 256 1962 ΙΝ
275 1916 462 1962 lectione
493 1916 741 1976 Evangelii,
778 1933 878 1978 quae
899 1918 1032 1963 modo
1067 1919 1244 1964 recitata
1265 1928 1350 1976 est,
1385 1920 1466 1966 ad-

32 1992 35 2032 Ῐ
84 2003 316 2032 monemur
336 2003 531 2048 quaerere
560 2004 660 2048 quae
693 1989 747 2033 sit
769 1989 916 2034 messis
939 1988 993 2033 de
1015 2005 1101 2049 qua
1132 1991 1342 2035 Dominus
1374 1992 1432 2036 ait
1454 2011 1463 2036 :

89 2077 110 2101 «
143 2060 292 2104 Messis
325 2058 503 2118 quidem
541 2058 703 2115 multa,
742 2060 926 2119 operarii
960 2069 1104 2104 autem
1126 2062 1269 2120 pauci.
1301 2064 1468 2121 Rogate

33 2138 35 2182 j
88 2147 109 2172 »
144 2130 381 2174 Dominum
429 2130 602 2186 messis,
648 2139 698 2175 ut
745 2131 890 2176 mittat
933 2132 1150 2191 operarios
1193 2133 1239 2176 in
1284 2147 1466 2178 messem

33 2199 35 2203 '
88 2217 110 2242 »
144 2202 307 2244 suam¹.
336 2219 356 2243 »
385 2202 506 2245 Tunc
529 2200 684 2260 adjecit
698 2200 930 2246 duodecim
949 2201 1168 2261 discipulis
1180 2202 1282 2258 suis,
1301 2218 1410 2263 quos
1422 2212 1466 2248 et

85 2270 316 2330 Apostolos
332 2270 589 2325 nominavit,
609 2270 710 2316 alios
731 2272 1005 2331 septuaginta
1029 2271 1160 2327 duos,
1186 2282 1229 2316 et
1242 2273 1358 2317 misit
1369 2272 1466 2319 illos

87 2356 257 2396 omnes,
278 2342 388 2385 sieut
405 2357 454 2384 ex
473 2341 615 2386 verbis
637 2343 727 2401 ejus
749 2351 950 2402 apparet,
975 2341 1027 2386 ad
1051 2351 1244 2403 paratam
1264 2358 1460 2388 messem.

85 2412 317 2469 Quaexergo
350 2420 441 2454 erat
472 2409 545 2454 illa
581 2412 759 2456 messis?
791 2414 888 2457 Non
910 2412 1025 2455 enim
1056 2411 1129 2456 illa
1151 2412 1296 2456 messis
1319 2413 1364 2458 in
1399 2414 1464 2457 his

139 2513 148 2529 ¹
166 2507 239 2540 lsai.
255 2517 279 2549 l,
297 2518 377 2548 9.-
403 2514 415 2529 2
436 2509 527 2539 Rom.
546 2517 593 2549 n,
610 2506 644 2548 6,
662 2512 770 2540 etc.—
788 2505 801 2531 3
817 2507 901 2541 Alias
921 2506 983 2550 427
1004 2508 1044 2540 de
1059 2507 1240 2541 Sanctis.-
1257 2507 1271 2539 4
1286 2510 1363 2542 Luc.
1383 2519 1419 2551 x,
1447 2515 1484 2541 m,
