1898 3178
450 226 529 262 176
875 234 909 261 s.
945 232 1176 262 Avensa-im
1209 236 1391 263 EPlSCOPI

441 302 555 345 solos
577 300 787 344 Isra‘e'litas
805 299 1092 344 invocabatur
1107 315 1265 344 nomen
1289 300 1489 355 Domini,
1514 300 1591 359 qui
1607 299 1712 345 fecit
1727 316 1821 345 coe-

442 372 535 416 lum
553 381 596 415 et
618 381 775 415 terram
799 388 808 414 :
834 378 1001 414 caeterae
1019 379 1165 428 gentes
1180 370 1294 416 idola
1311 380 1432 415 muta
1449 380 1491 415 et
1508 370 1637 414 surda
1652 370 1823 415 invoca-

441 442 562 497 bant,
590 458 612 485 a
634 441 794 501 quibus
816 455 906 485 non
919 440 1240 498 audiebantur,
1265 450 1341 485 aut
1362 441 1598 495 daemones,
1623 457 1646 485 a
1663 441 1824 501 quibus

440 512 555 555 malo
575 526 653 555 suo
683 509 988 555 audiebantur.
1016 514 1071 555 At
1093 511 1168 555 ubi
1198 511 1319 555 venit
1340 510 1568 570 plenitudo
1589 511 1795 570 temporis
1810 545 1822 565 ,

440 580 645 640 impletur
667 579 788 640 quod
809 579 1066 640 praedictum
1083 590 1172 626 est:
1198 600 1218 623 «
1244 583 1301 624 Et
1318 581 1416 635 erit,
1440 581 1580 625 omnis
1601 581 1677 639 qui
1695 582 1823 625 invo-

442 670 462 693 »
497 652 658 696 caverit
678 667 841 697 nomen
862 652 1030 697 Domini
1049 687 1059 707 ,
1082 653 1225 697 salvus
1248 652 1341 695 erit.
1369 669 1389 692 »
1416 650 1581 695 Deinde
1598 651 1700 711 quia
1717 652 1822 696 invi-

438 722 602 767 debant
620 722 702 782 ipsi
733 722 878 766 Judaei
912 722 1125 767 Gentibus
1160 721 1448 780 Evanglium,
1494 721 1625 765 etiam
1646 721 1707 765 illi
1745 722 1822 781 qui

438 793 717 837 crediderunt
734 792 780 836 in
802 793 1021 838 Christum
1037 828 1048 847 ,
1069 801 1111 837 et
1128 792 1333 837 dicebant
1352 807 1441 836 non
1462 791 1622 835 debere
1644 807 1821 836 annun·
1872 799 1875 818 ⁷

439 863 534 907 tiari
557 863 843 923 Evangelium
860 864 1021 909 Christi
1047 864 1106 907 eis
1130 863 1205 923 qui
1228 863 1469 908 circumcisi
1495 878 1585 907 non
1614 862 1819 920 fuissent,
1872 857 1873 864 ¹

437 935 537 995 quia
566 944 716 980 contra
744 935 846 980 istos
870 935 1015 995 posuit
1035 936 1119 979 hoc
1148 934 1445 979 testimonium
1468 933 1688 994 apostolus
1711 938 1823 978 Pau·
1869 934 1873 962 ³

439 1004 507 1049 lus
529 1024 537 1050 :
568 1024 585 1045 «
606 1009 662 1050 Et
680 1006 782 1061 erit,
800 1006 941 1051 omnis
958 1005 1225 1065 quicumque
1248 1004 1513 1049 invocaverit
1539 1019 1701 1049 nomen
1737 1007 1826 1049 Do-

441 1093 460 1116 »
491 1076 621 1130 mini,
653 1076 795 1120 salvus
831 1077 911 1121 erit
948 1095 956 1121 ε
980 1094 1001 1117 »
1036 1075 1261 1135 subjunxit
1281 1076 1425 1120 statim
1443 1074 1497 1119 ad
1523 1074 1618 1119 illos
1640 1075 1824 1120 convin-

437 1146 598 1189 cendos
614 1180 624 1200 ,
668 1146 744 1205 qui
786 1146 996 1190 nolebant
1044 1146 1328 1204 evangelizari
1363 1145 1600 1192 Gentibus,
1643 1155 1686 1189 et
1722 1146 1780 1189 ait
1812 1164 1821 1190 ε

438 1236 457 1258 «
494 1216 726 1269 Quomodo
743 1225 890 1260 autem
903 1216 1189 1270 invocabunt,
1210 1217 1256 1259 in
1274 1232 1405 1276 quem
1415 1232 1505 1261 non
1518 1214 1825 1260 crediderunt?

435 1304 446 1326 ›
493 1295 566 1330 aut
588 1285 811 1346 quomodo
832 1285 1032 1341 credent,
1052 1301 1184 1344 quem
1208 1301 1297 1330 non
1313 1288 1576 1330 audierunt?
1591 1285 1824 1339 Quomodo

435 1373 456 1397 »
491 1365 637 1400 autem
656 1356 834 1400 audient
855 1357 945 1400 sine
967 1355 1257 1414 praedicante,
1279 1365 1354 1400 aut
1375 1355 1598 1416 quomodo
1620 1355 1822 1414 praedica-

434 1444 454 1467 »
491 1426 627 1481 bunt,
648 1426 791 1470 sinon
813 1427 1087 1470 mittantur1?
1103 1445 1121 1468 »
1143 1426 1256 1479 Quia
1271 1441 1372 1485 ergo
1384 1425 1493 1470 dixit
1519 1445 1527 1470 2
1550 1445 1570 1467 «
1590 1425 1822 1479 Quomodo

433 1514 454 1538 »
490 1497 786 1552 invocabunt,
819 1497 865 1540 in
898 1512 1030 1556 quem
1066 1512 1156 1541 non
1190 1496 1474 1541 crediderunt
1498 1531 1509 1551 ,
1549 1515 1568 1537 »
1608 1496 1707 1540 ideo
1733 1511 1823 1540 non

431 1567 654 1625 accepistis
687 1567 806 1626 prius
837 1568 1111 1621 Orationem,
1156 1576 1199 1610 et
1236 1575 1384 1626 postea
1426 1566 1709 1624 Symbolum,
1747 1566 1821 1610 sed

430 1638 548 1695 prius
569 1637 852 1695 Symbolum,
888 1638 965 1681 ubi
1004 1638 1165 1681 sciretis
1187 1637 1295 1697 quid
1317 1636 1571 1692 crederetis,
1608 1647 1650 1681 et
1672 1645 1820 1695 postea
1862 1687 1864 1691 v

429 1708 702 1763 Orationem,
741 1707 818 1750 ubi
856 1709 1035 1751 nossetis
1078 1723 1210 1766 quem
1249 1708 1521 1751 invocaretis.
1561 1705 1821 1764 Symbolum

429 1791 532 1836 ergo
550 1778 740 1835 pertinet
762 1776 817 1819 ad
838 1775 967 1819 fidem
986 1810 996 1830 ,
1023 1777 1173 1820 Oratio
1196 1775 1249 1820 ad
1272 1791 1444 1835 precem
1467 1795 1475 1820 :
1502 1777 1603 1836 quia
1626 1776 1702 1836 qui
1724 1791 1819 1820 cre-

429 1847 515 1901 dit,
541 1848 630 1906 ipse
653 1846 883 1891 exauditur
904 1846 1125 1891 invocans.

491 1920 548 1961 II.
587 1916 716 1962 Multi
758 1925 905 1961 autem
953 1925 1110 1975 petunt
1140 1915 1261 1975 quod
1297 1925 1445 1975 petere
1479 1931 1569 1961 non
1606 1916 1818 1961 deberent

428 1990 676 2047 ignorantes
693 1987 802 2048 quid
824 1988 883 2031 eis
907 1987 1122 2047 expediat.
1150 1990 1264 2030 Duas
1289 2002 1391 2046 ergo
1415 2003 1502 2042 res,
1529 1988 1605 2047 qui
1626 1988 1814 2043 invocat,

428 2074 579 2104 cavere
601 2059 735 2103 debet
759 2077 767 2102 ;
794 2073 849 2101 ne
887 2066 1006 2116 petat
1038 2056 1159 2117 quod
1195 2072 1285 2101 non
1318 2056 1470 2112 debet,
1508 2067 1552 2101 et
1579 2073 1633 2102 ne
1665 2058 1817 2102 abillo
1850 2051 1853 2059 ⁸

428 2139 548 2188 petat
568 2144 592 2172 a
609 2144 698 2188 quo
730 2143 820 2172 non
846 2127 992 2171 debet.
1015 2129 1049 2170 Α
1070 2126 1245 2171 diabolo
1264 2161 1274 2181 ,
1307 2127 1362 2170 ab
1386 2126 1534 2183 idolis,
1560 2143 1583 2171 a
1605 2127 1817 2173 daemoni-

426 2201 509 2244 bus
531 2215 620 2245 non
653 2209 716 2244 est
752 2198 989 2258 petendum
1028 2197 1224 2258 aliquid:
1262 2214 1284 2242 a
1319 2200 1505 2244 Domino
1546 2202 1636 2244 Deo
1669 2209 1815 2244 nostro

428 2272 531 2313 Jesu
553 2270 750 2325 Christo,
782 2272 872 2313 Deo
907 2272 1033 2311 Patre
1061 2269 1401 2327 Prophetarum,
1444 2269 1752 2327 Apostolorum
1773 2278 1815 2313 et

428 2344 694 2399 Martyrum,
735 2357 758 2384 a
786 2343 913 2384 Patre
941 2339 1114 2384 Domini
1152 2341 1288 2384 nostri
1319 2343 1421 2384 ,Iesu
1458 2341 1642 2395 Christi,
1671 2356 1693 2384 a
1727 2344 1813 2385 Deo

428 2412 503 2470 qui
525 2412 628 2456 sccit
643 2411 806 2456 coelum
815 2419 858 2454 et
874 2419 1049 2463 terram,
1070 2424 1190 2453 mare
1211 2420 1254 2454 et
1272 2411 1416 2454 omnia
1440 2411 1599 2470 quaein
1617 2412 1675 2455 eis
1693 2419 1810 2467 sunt,

429 2481 483 2524 ab
506 2480 581 2526 illo
603 2482 841 2540 petendum
869 2491 933 2526 est
948 2517 959 2536 ,
985 2481 1019 2525 si
1040 2480 1146 2540 quid
1179 2481 1413 2539 petendum
1439 2491 1516 2525 est.
1546 2481 1630 2527 Sed
1653 2497 1811 2526 caven-

447 1305 456 1327 ν

477 2571 486 2587 ¹
508 2568 599 2598 Rom.
620 2576 655 2605 x,
684 2566 735 2606 13,
752 2571 817 2599 etc.
