1898 3178
392 174 474 211 232
829 179 863 207 s.
900 178 1130 207 Auousnm
1165 179 1343 207 amseom

448 253 525 296 IX.
554 254 667 296 Ecce
685 248 826 294 recole
851 246 969 294 dives
991 246 1225 306 primordia
1254 255 1353 290 tua:
1389 244 1488 290 vide
1509 254 1657 289 utrum
1685 246 1770 290 huc

390 322 555 383 aliquid
573 321 782 367 attuleris.
809 323 833 365 J
838 335 906 364 am
923 318 1100 374 venisti,
1119 327 1162 362 et
1183 324 1302 361 tanta
1317 315 1532 361 invenisti.
1552 316 1651 371 Dic,
1666 331 1772 375 rogo

388 403 430 438 te
441 430 452 450 ,
471 394 578 454 quid
595 391 805 436 attulisti?
821 392 898 436 Dic
915 390 1024 451 quid
1040 388 1234 434 attuleris
1245 423 1256 442 ,
1281 396 1357 432 aut
1373 387 1408 431 si
1430 387 1574 430 dicere
1591 386 1771 431 erubes-

388 466 472 519 cis,
505 460 763 522 Apostolum
785 461 902 505 audi.
928 458 1046 505 Nihil
1066 458 1292 503 intulimus
1323 457 1370 500 in
1390 457 1509 500 hunc
1536 455 1769 501 mundum.

394 556 413 578 ι(
447 534 590 588 Nihil,
611 533 753 592 inquit
767 568 778 587 ,
802 532 1027 576 intulimus
1040 532 1084 574 in
1100 531 1219 574 hunc
1233 527 1494 572 mundum1.
1516 546 1535 569 »
1559 527 1644 572 Sed
1661 526 1774 572 forte

389 606 491 665 quia
513 603 623 648 nihil
653 603 862 659 attulisti,
893 612 935 646 et
963 603 1034 646 hic
1066 599 1204 645 multa
1227 598 1455 653 invenisti,
1481 597 1647 658 aliquid
1671 598 1773 642 hinc

391 686 533 720 tecum
556 674 776 719 ablaturus
791 676 864 718 es?
880 677 938 719 Et
953 674 1037 718 hoc
1051 671 1230 717 sortasse
1245 685 1391 714 amore
1413 668 1663 714 divitiarum
1681 678 1773 714 tre-

385 747 507 806 pidas
530 746 750 791 confiteri:
777 745 880 790 audi
901 753 944 789 et
965 745 1063 788 hoc.
1089 746 1146 787 Et
1166 742 1250 786 hoc
1272 739 1504 800 Apostolus
1527 738 1642 784 dicat
1659 774 1670 794 ‚
1695 740 1773 800 qui

386 828 427 863 te
449 834 537 863 non
559 817 720 877 palpat.
743 836 762 859 α
779 815 897 861 Nihil
910 815 1137 860 intulimus
1158 813 1205 856 in
1220 812 1339 856 hunc
1354 810 1571 855 mundum
1586 845 1597 866 ,
1619 811 1774 871 utique

387 907 406 929 »
441 888 618 948 quando
649 889 740 932 nati
775 903 922 932 sumus
951 907 959 931 :
991 887 1063 930 sed
1099 900 1178 929 nec
1219 882 1390 928 auferre
1421 882 1589 943 aliquid
1617 897 1773 942 possu-

386 976 406 998 υ
442 974 537 1002 mus
555 994 565 1013 ,
606 959 759 1018 utique
797 956 975 1017 quando
1007 955 1061 1000 de
1079 953 1245 998 mundo
1263 953 1451 997 exiemus
1469 956 1502 996 ².
1522 971 1542 994 »
1567 952 1685 997 Nihil
1705 962 1773 996 at-

385 1028 538 1082 tulisti,
578 1027 687 1071 nihil
711 1029 812 1072 hinc
843 1027 1010 1070 auferes
1047 1045 1056 1070 :
1087 1024 1194 1084 quid
1231 1034 1273 1068 te
1314 1024 1438 1067 inflas
1480 1032 1630 1068 contra
1661 1038 1773 1082 pau-

385 1101 559 1157 perem?
594 1097 781 1150 Quando
813 1105 1051 1140 nascuntur
1082 1093 1289 1148 infantes,
1324 1093 1528 1137 recedant
1555 1093 1610 1137 de
1629 1093 1775 1138 medio

382 1177 581 1227 parentes
595 1202 606 1222 ,
623 1168 754 1222 servi,
780 1166 957 1210 clientes
974 1187 984 1222 3
1005 1166 1209 1209 recedant
1228 1165 1282 1208 de
1303 1164 1448 1208 medio
1472 1163 1614 1207 turbae
1645 1163 1775 1208 obse—-

383 1248 581 1297 quentes,
601 1248 643 1281 et
659 1246 944 1295 agnoscantur
961 1237 1083 1295 pueri
1099 1235 1251 1279 divites
1267 1235 1432 1278 flentes.
1452 1235 1626 1279 Pariant
1646 1234 1776 1278 simul

385 1310 504 1352 dives
527 1317 569 1351 et
585 1323 773 1367 pauper,
798 1307 970 1365 pariant
983 1305 1111 1349 simul
1127 1305 1282 1348 mulier
1298 1304 1416 1348 dives
1432 1314 1475 1348 et
1498 1304 1653 1348 mulier
1667 1320 1777 1362 pau-

385 1393 462 1437 per
485 1397 493 1421 :
519 1393 608 1421 non
638 1376 867 1420 attendant
886 1376 1005 1435 quod
1027 1376 1204 1435 pariunt
1220 1410 1230 1429 ,
1260 1373 1484 1418 discedant
1520 1372 1771 1432 paululum,

385 1447 565 1491 redeant
592 1456 636 1491 et
664 1457 911 1505 agnoscant.
951 1449 1064 1489 Ecce
1086 1445 1204 1489 dives
1236 1444 1345 1488 nihil
1378 1442 1559 1487 attulisti
1577 1443 1623 1486 in
1656 1444 1776 1487 hunc

385 1516 628 1561 mundum:
655 1524 730 1560 sed
760 1532 839 1560 nec
863 1515 1030 1559 auferre
1052 1517 1155 1559 hinc
1177 1514 1341 1574 aliquid
1357 1523 1494 1573 potes.
1531 1512 1660 1566 Quod
1689 1513 1775 1557 dixi

385 1588 439 1632 de
462 1589 572 1632 natis
587 1623 597 1641 ,
623 1589 706 1631 hoc
730 1587 827 1631 dico
850 1587 904 1631 de
929 1587 1126 1631 mortuis.
1152 1588 1281 1631 Certe
1302 1584 1481 1645 quando
1503 1583 1649 1644 aliquo
1674 1599 1777 1628 casu

386 1667 530 1702 vetera
563 1657 758 1717 sepulcra
808 1657 1072 1716 franguntur
1090 1692 1100 1711 ,
1152 1672 1245 1701 ossa
1281 1656 1425 1700 divitis
1468 1665 1772 1714 agnoscantur.

386 1731 502 1787 Ergo
539 1727 657 1772 dives
691 1728 792 1771 audi
822 1726 1079 1786 Apostolum
1106 1746 1115 1771 :
1141 1746 1160 1768 «
1185 1726 1302 1771 Nihil
1328 1724 1555 1770 intulimus
1588 1726 1634 1769 in
1657 1726 1778 1769 hunc

389 1816 408 1838 »
437 1799 696 1842 mundum.»
711 1803 923 1856 Agnosce,
943 1812 1093 1841 verum
1119 1806 1195 1841 est.
1224 1796 1307 1841 Sed
1330 1812 1409 1840 nec
1427 1794 1596 1839 auferre
1613 1794 1791 1855 aliquid·

387 1885 629 1928 possumus.
655 1873 874 1928 Agnosce,
895 1878 938 1912 et
959 1869 1044 1912 hoc
1065 1882 1217 1911 verum
1240 1876 1317 1911 est.

446 1943 502 1984 X.
530 1940 645 1993 Quid
674 1956 776 1998 ergo
805 1940 1026 1999 sequitur?
1053 1939 1264 1982 «Victum
1291 1947 1333 1981 et
1362 1946 1667 1995 tegumentum
1693 1938 1775 1981 ha-

392 2030 410 2049 n
448 2011 599 2054 bentes
616 2046 626 2064 ,
648 2012 714 2054 his
729 2010 924 2055 contenti
941 2010 1086 2053 simus.
1107 2011 1216 2052 Nam
1232 2008 1308 2067 qui
1323 2007 1476 2051 volunt
1499 2007 1652 2052 divites
1665 2008 1772 2062 fieri,

395 2102 410 2120 »
447 2080 649 2124 incidunt
681 2081 727 2123 in
757 2080 1040 2123 tentationem
1076 2088 1118 2121 et
1140 2077 1349 2121 desideria
1379 2076 1514 2121 multa
1547 2087 1590 2121 et
1623 2079 1772 2132 noxia,

394 2170 414 2192 n
450 2168 548 2211 quae
567 2160 769 2208 mergunt
799 2151 1018 2194 hominem
1053 2149 1098 2192 in
1132 2149 1355 2192 interitum
1393 2158 1436 2192 et
1467 2148 1772 2207 perditionem.

395 2240 412 2261 υ
449 2221 587 2265 Radix
608 2230 671 2264 est
693 2221 807 2263 enim
835 2221 1028 2263 omnium
1056 2219 1271 2262 malorum
1290 2218 1492 2262 avaritiae
1517 2234 1647 2277 quam
1675 2218 1777 2277 qui-

399 2310 417 2329 »
453 2290 552 2334 dam
579 2300 832 2351 sequentes,
856 2306 878 2333 a
899 2289 986 2333 fide
1000 2290 1374 2348 pererraverunt3.
1410 2308 1428 2328 »
1458 2287 1646 2331 Attende
1668 2286 1776 2346 quid

394 2360 649 2405 dimiserunt
666 2363 680 2386 4
700 2381 708 2405 :
726 2360 852 2405 Doles
874 2361 976 2419 quia
999 2360 1081 2403 hoc
1101 2360 1357 2402 dimiserunt
1377 2377 1384 2402 :
1407 2357 1505 2402 vide
1526 2373 1615 2417 quo
1637 2372 1681 2401 se
1703 2358 1775 2401 in·-

450 2462 457 2477 ¹
481 2455 587 2487 Florus
604 2456 641 2487 ad
665 2467 677 2487 ι,
701 2458 780 2487 Tim.
802 2467 843 2486 vr.
867 2471 907 2478 --
923 2463 935 2475 ²
960 2467 969 2484 ι
990 2454 1134 2486 Τίιη.”νι.
1156 2466 1170 2490 τ·
1207 2471 1244 2477 «-
1266 2454 1279 2478 3
1295 2455 1376 2486 thid.
1393 2454 1486 2486 8-10.
1510 2472 1548 2476 —
1569 2454 1584 2482 4
1600 2454 1707 2486 Florus
1725 2454 1763 2486 ad

401 2522 411 2542 1
431 2511 511 2541 Tim.
533 2521 573 2540 w.
