1898 3178
444 201 528 241 226
877 207 911 237 s.
946 207 1176 237 Aucus-nm
1208 209 1390 237 Enscom

439 287 536 322 tum
551 277 606 322 sit
626 275 854 328 meritum,
884 273 1107 318 Christum
1134 274 1300 333 pavisse
1321 273 1581 319 esurientem
1599 294 1611 331 3
1630 281 1674 318 et
1694 273 1823 334 quale
1852 333 1856 338 ἱ
1875 263 1878 268 ’

441 349 496 392 sit
515 348 701 401 crimen,
725 344 949 390 Christum
966 345 1272 404 contempsisse
1293 345 1569 390 esurientem.

497 419 601 462 XII.
622 418 765 461 Mutat
786 413 966 475 quidem
986 415 1184 461 homines
1201 415 1246 459 in
1267 414 1422 459 melius
1441 414 1701 474 poenitentia
1721 429 1825 474 pec-

440 497 667 533 catorum:
695 485 773 529 sed
800 499 881 529 nec
902 485 994 544 ipsa
1005 483 1189 530 ‚videtur
1227 483 1394 544 aliquid
1425 484 1679 544 profutura,
1713 484 1747 528 si
1767 484 1824 529 ab

440 557 645 617 operibus
662 555 969 600 misericordiae
991 555 1144 600 sterilis
1165 555 1312 601 fuerit.
1340 557 1538 599 Testatur
1553 556 1638 600 hoc
1656 555 1825 599 Veritas

439 642 516 687 per
533 629 746 671 Joannem
763 661 775 682 ‚
800 626 877 687 qui
899 626 1168 671 venientibus
1184 625 1239 670 ad
1260 640 1304 670 se
1324 625 1499 670 dicebat
1519 645 1527 668 :
1555 644 1575 667 «
1596 626 1825 670 Generatio

443 717 461 739 »
495 697 768 757 viperarum,
793 696 891 758 quis
913 696 1036 742 vobis
1063 695 1253 741 ostendit
1276 695 1429 754 fugere
1452 695 1507 739 ab
1534 696 1596 740 ira
1614 697 1827 740 ventura?

441 786 461 809 >›
498 767 646 812 Facite
677 781 778 825 ergo
799 766 955 826 dignos
976 765 1145 812 fructus
1172 765 1460 826 poenitentiae.
1485 770 1536 809 Et
1556 781 1612 810 ne
1634 766 1786 810 dicatis
1813 784 1822 810 ε

440 856 461 880 »
497 841 670 883 Patrem
693 838 905 882 habemus
927 838 1163 882 Abraham.
1191 836 1297 881 Dico
1314 836 1430 881 enim
1458 837 1603 892 vobis,
1623 837 1725 897 quia
1746 851 1827 896 po-

442 926 462 949 »
497 918 593 954 tens
621 917 685 954 est
705 911 820 953 Deus
847 907 902 953 de
923 907 1143 968 lapidibus
1157 907 1247 952 istis
1269 907 1474 951 suscitare
1488 906 1598 951 filios
1617 907 1821 951 Abrahae.
1870 943 1871 946 ,

437 997 458 1020 »
494 981 520 1023 J
522 993 592 1024 am
614 979 730 1024 enim
750 978 909 1024 securis
923 978 978 1022 ad
996 974 1187 1022 radicem
1208 977 1414 1021 arborum
1428 977 1567 1036 posita
1581 985 1659 1021 est.
1674 977 1826 1021 Omnis

437 1067 459 1091 u
493 1064 598 1109 ergo
621 1049 750 1095 arbor
769 1064 862 1094 non
882 1047 1045 1094 faciens
1067 1048 1263 1092 fructum
1289 1047 1479 1103 bonum,
1503 1047 1724 1092 excidetur
1739 1081 1752 1102 ,
1782 1055 1827 1092 et

435 1136 457 1160 »
491 1118 537 1162 in
578 1118 726 1177 ignem
746 1119 985 1162 mittetur1.
1014 1135 1035 1159 n
1064 1121 1126 1162 De
1156 1118 1242 1162 hoc
1273 1118 1428 1178 utique
1450 1117 1599 1162 fructu
1628 1117 1825 1177 superius

435 1190 517 1236 ait:
540 1208 562 1232 «
586 1190 727 1234 Facite
746 1189 917 1234 fructus
939 1188 1096 1248 dignos
1113 1188 1431 1248 poenitentiae.»
1454 1188 1658 1249 Quisquis
1678 1189 1825 1248 itaque

432 1261 535 1305 istos
565 1258 734 1305 fructus
765 1275 857 1305 non
892 1257 1064 1314 fecerit,
1090 1259 1181 1303 sine
1219 1274 1346 1303 causa
1369 1267 1495 1318 putat
1532 1275 1610 1318 per
1635 1258 1826 1304 sterilem

435 1331 742 1390 poenitentiam
766 1345 811 1374 se
841 1330 999 1373 mereri
1019 1329 1190 1374 veniam
1217 1337 1512 1388 peccatorum.
1538 1329 1621 1381 Qui
1641 1330 1726 1373 sint
1747 1344 1825 1373 au-

434 1408 524 1445 tem
550 1400 619 1444 isti
654 1399 848 1454 fructus,
878 1400 968 1459 ipse
1001 1407 1320 1458 consequenter
1348 1397 1554 1442 ostendit.
1590 1400 1698 1443 Nam
1727 1407 1826 1458 post

433 1470 528 1515 haec
543 1471 633 1529 ejus
647 1471 781 1515 verba
794 1470 1123 1529 interrogabant
1134 1484 1238 1513 eum
1260 1469 1416 1523 turbae,
1434 1469 1627 1513 dicentes
1646 1488 1655 1514 ε
1676 1468 1824 1522 «Quid

438 1559 459 1582 »
495 1555 598 1599 ergo
625 1540 867 1586 faciemus?
891 1558 911 1582 »
932 1539 977 1584 id
1000 1550 1085 1596 est,
1111 1540 1186 1600 qui
1209 1548 1311 1583 sunt
1331 1540 1402 1584 isti
1422 1540 1592 1584 fructus
1608 1574 1619 1596 ,
1645 1555 1755 1600 quos
1774 1548 1825 1590 ut

430 1609 643 1654 faciamus
664 1610 878 1665 hortaris,
903 1619 947 1653 et
973 1611 1139 1653 terres?
1162 1609 1447 1669 Respondens
1476 1619 1624 1654 autem
1649 1609 1826 1656 dicebat

433 1678 517 1725 illis
543 1699 552 1724 2
580 1698 600 1722 «
628 1679 711 1733 Qui
731 1679 866 1723 habet
894 1677 1000 1724 duas
1024 1679 1192 1723 tunicas
1209 1713 1221 1734 ‚
1247 1679 1322 1723 det
1344 1695 1434 1723 non
1450 1680 1658 1737 habenti3
1683 1689 1726 1724 et
1746 1678 1843 1740 qui..

438 1766 460 1790 »
493 1749 629 1794 habet
647 1763 763 1794 escas
786 1747 980 1793 similiter
999 1747 1145 1793 faciat.
1173 1766 1194 1791 n
1215 1749 1332 1803 Quid
1354 1748 1644 1804 manifestius,
1668 1749 1834 1806 fratres-⁴
1862 1747 1867 1806 j

435 1818 553 1862 mei?
574 1818 684 1879 quid
713 1818 902 1863 certius?
929 1817 1036 1878 quid
1057 1819 1327 1878 expressius?
1348 1819 1462 1872 Quid
1485 1834 1586 1878 ergo
1607 1819 1728 1864 aliud
1753 1835 1839 1873 so-,u
1861 1825 1864 1874 ξ

432 1898 533 1945 nat,
556 1889 677 1949 quod
698 1889 897 1949 superius
917 1888 976 1933 ait
1004 1907 1012 1933 :
1043 1907 1063 1931 ι(
1087 1888 1238 1933 Omnis
1261 1889 1391 1933 arbor
1410 1904 1501 1934 non
1521 1888 1684 1934 faciens
1701 1888 1865 1944 sruoq-:ss
1896 1928 1898 1941 ,

437 1978 458 2001 »
493 1969 590 2004 tum
617 1961 816 2016 bonum,
839 1959 1087 2015 excidetur,
1117 1968 1160 2004 et
1191 1960 1405 2018 inignem
1429 1960 1628 2006 mittetur
1653 1980 1662 2006 :
1696 1979 1717 2003 »
1743 1961 1847 2009 nisi«

435 2031 557 2092 quod
592 2031 754 2076 sinistri
783 2030 977 2075 audituri
1009 2039 1111 2075 sunt
1137 2049 1147 2075 z
1181 2048 1202 2073 «
1230 2033 1297 2075 Ite
1328 2031 1375 2075 in
1402 2032 1547 2089 ignem
1577 2041 1826 2088 aeternum,
1844 2071 1845 2075 ,

437 2120 458 2144 »
493 2102 666 2148 Esurivi
685 2102 822 2157 enim,
848 2110 892 2145 et
917 2115 1008 2146 non
1036 2100 1214 2145 dedistis
1244 2101 1352 2145 mihi
1379 2103 1673 2148 manducare?
1694 2121 1714 2146 ,υ
1738 2107 1820 2156 Paq-
1843 2129 1846 2134 -
1884 2111 1888 2118 ’

434 2189 532 2218 rum
565 2184 629 2219 est
650 2174 798 2234 itaque
828 2172 1030 2218 recedere
1059 2188 1083 2217 a
1110 2173 1325 2232 peccatis,
1356 2173 1391 2218 si
1420 2174 1638 2233 praeterita
1669 2188 1819 2222 curare
1843 2192 1848 2213 ³

433 2245 697 2305 neglexeris:
717 2245 829 2290 sicut
850 2245 1062 2304 scriptum
1078 2253 1171 2289 est:
1192 2263 1214 2287 «
1236 2244 1336 2300 Fili,
1347 2246 1550 2304 peccasti,
1570 2260 1625 2289 ne
1648 2245 1822 2305 adjicias*
1855 2235 1861 2307 ξ

481 2549 487 2564 ¹
507 2544 583 2576 Luc.
611 2554 657 2584 u),
678 2554 746 2585 7-9.
771 2560 812 2567 -
832 2551 845 2567 ‘
865 2543 967 2577 Eccli.
989 2555 1054 2585 xn,
1078 2555 1106 2577 1.
