1898 3178
448 219 500 255 68
877 228 908 253 s.
945 224 1175 255 Auens-nm
1208 226 1390 255 Emscom

440 291 609 346 aeterni,
639 299 848 350 tanquam
862 288 981 333 calor
991 289 1078 334 foci
1091 299 1155 335 est
1169 291 1372 336 admotus
1390 304 1524 335 curvo
1541 290 1661 334 cordi
1677 299 1770 346 tuo,
1782 301 1833 335 ut

436 361 540 406 hinc
561 361 849 406 admoneatur
864 368 908 404 et
925 361 1184 420 corrigatur.
1209 361 1316 407 Dole
1330 396 1342 417 ,
1366 376 1541 421 prorsus
1557 369 1672 405 recte
1690 359 1828 417 doles,

435 447 526 477 non
547 440 664 477 stare
696 421 1005 475 testamentum
1026 440 1156 477 tuum
1183 431 1230 476 in
1257 432 1391 477 domo
1411 441 1502 476 tua.
1534 434 1698 476 Domus
1719 431 1828 486 Dei,

433 517 508 548 cor
543 511 669 547 tuum
691 510 767 546 est.
800 501 844 547 Si
862 501 925 546 vis
948 501 1092 547 valere
1123 511 1436 547 testamentum
1469 511 1596 547 tuum
1622 502 1669 545 in
1698 500 1830 546 domo

434 582 531 628 tua,
554 588 688 632 quare
703 586 794 617 non
813 571 877 617 vis
897 571 1043 617 valere
1062 581 1372 618 testamentum
1395 573 1473 617 Dei
1494 573 1541 616 in
1562 571 1695 616 domo
1723 572 1831 616 sua?

433 643 622 687 Dimittis
642 643 741 687 filiis
757 643 843 687 tuis
860 643 1069 703 parietes,
1092 654 1136 689 et
1156 645 1192 689 si
1213 644 1339 689 aliter
1360 643 1472 688 filios
1493 652 1594 688 tuos
1615 642 1830 688 divisuros

434 714 605 758 noveris
620 749 632 770 ,
657 729 791 775 quam
817 723 870 759 tu
890 715 1151 775 disposueris
1168 750 1180 771 ,
1206 714 1342 760 doles.
1365 718 1426 759 De
1441 730 1528 760 una
1552 714 1684 759 domo
1706 712 1827 758 vilis—

430 786 561 842 sima,
589 786 644 831 de
665 795 782 832 tecto
804 787 997 843 ruituro,
1023 796 1234 848 quantam
1256 802 1406 831 curam
1428 786 1561 830 habes
1580 820 1591 841 ,
1617 793 1828 846 quantam

428 856 768 903 sollicitudinem
785 860 992 918 concipis.
1015 858 1398 912 Quemadmodum
1416 856 1670 902 ardentibus
1691 855 1828 900 febri-

427 927 532 983 bus,
557 930 773 988 prementi
794 930 950 975 morbo
967 964 978 984 ‚
1004 930 1085 988 ipsi
1107 929 1238 974 morti
1266 929 1443 988 urgenti
1475 928 1635 972 resistis
1651 961 1662 983 ‚
1685 941 1827 987 quan-

427 1006 524 1042 tum
542 1009 665 1058 potes
681 1035 691 1055 ,
709 999 917 1044 anhelans
939 999 1071 1044 verba
1094 1009 1309 1055 extrema,
1327 1009 1377 1044 ut
1393 999 1573 1059 impleas
1595 1007 1829 1042 testamen·

426 1076 537 1111 tum.
558 1071 677 1122 Quot
693 1070 989 1129 jusrisperitos
1012 1069 1218 1124 consulis,
1244 1078 1430 1130 quantas
1447 1068 1623 1112 fraudes
1644 1103 1654 1123 ,
1675 1076 1726 1111 ut
1742 1075 1826 1111 stet

425 1146 737 1182 testamentum
768 1148 895 1182 tuum
915 1148 1066 1183 contra
1098 1140 1236 1198 ipsam
1256 1138 1402 1197 legem
1425 1137 1725 1198 imperatoris,
1753 1137 1824 1181 in-

425 1207 594 1266 quiris?
627 1211 691 1252 De
721 1208 920 1266 proximo
954 1208 1034 1251 tibi
1070 1207 1306 1267 respondet
1345 1211 1462 1252 Deus
1483 1227 1490 1252 :
1511 1208 1611 1254 Noli
1645 1206 1825 1252 fraudes

420 1292 644 1337 quaerere,
678 1277 770 1322 noli
799 1277 1087 1322 calumniosas
1110 1278 1322 1322 formulas
1347 1279 1587 1337 aucupari:
1613 1278 1676 1323 vis
1711 1286 1823 1322 stare

425 1357 738 1393 testamentum
754 1351 913 1393 tuum?
938 1351 1031 1394 Stet
1050 1350 1096 1393 in
1112 1358 1156 1393 te
1176 1363 1342 1393 meum.
1364 1349 1491 1393 Doles
1512 1383 1523 1405 ,
1548 1349 1651 1409 quia
1669 1349 1822 1409 acqui-

427 1418 630 1463 sitionem
647 1428 770 1463 tuam
786 1418 902 1463 tollit
920 1419 1053 1474 alius,
1079 1434 1211 1479 quem
1240 1418 1420 1463 nolebas
1442 1438 1451 1463 ε
1474 1419 1584 1479 quid
1601 1419 1655 1463 de
1678 1420 1820 1463 haere-

424 1488 559 1533 ditate
580 1503 676 1533 mea
688 1498 779 1533 tam
800 1489 903 1544 lata,
927 1497 1016 1532 tam
1039 1489 1139 1548 pia?
1165 1507 1185 1530 «
1203 1491 1255 1532 In
1277 1489 1440 1532 semine
1462 1497 1540 1533 tuo
1556 1488 1821 1534 benedicen-

425 1578 447 1602 υ
467 1569 540 1604 tur
576 1575 724 1605 omnes
754 1562 933 1619 gentes1
963 1577 973 1603 :
1002 1559 1140 1603 »Dixi
1175 1574 1255 1618 ego
1288 1574 1411 1605 servo
1451 1575 1575 1616 meo,
1606 1559 1712 1604 dicit
1737 1559 1819 1604 tibi

421 1633 560 1686 Deus,
579 1640 622 1675 et
643 1631 828 1676 credidit
851 1645 952 1674 cum
974 1631 1069 1674 haec
1096 1646 1187 1675 non
1214 1629 1380 1675 videret
1405 1649 1414 1672 :
1443 1639 1493 1675 tu
1511 1630 1653 1686 videS,
1679 1639 1724 1675 et
1744 1646 1819 1675 ne-

421 1713 511 1758 gas.
537 1703 649 1745 Ecce
670 1700 743 1744 ille
766 1699 930 1744 factum
944 1704 961 1727 2
978 1708 1288 1745 testamentum
1305 1701 1516 1757 servavit,
1539 1710 1589 1746 tu
1611 1710 1814 1761 apertum

423 1768 645 1816 discindis.
674 1773 796 1815 Tunc
823 1771 936 1814 enim
956 1779 1267 1815 testamentum
1295 1781 1515 1816 servatum
1539 1780 1619 1827 est,
1638 1772 1815 1832 quando

423 1841 623 1886 auditum
654 1851 717 1887 est
742 1859 750 1887 ε
777 1851 884 1886 tunc
917 1852 1116 1902 apertum
1149 1852 1239 1898 est,
1265 1843 1443 1902 quando
1471 1842 1702 1902 impletum
1732 1852 1810 1887 est.

423 1915 569 1972 Usque
591 1914 647 1958 ad
676 1928 830 1958 manus
853 1923 948 1958 tuas
984 1922 1202 1958 servatum
1237 1921 1300 1956 est
1329 1921 1651 1957 testamentum.
1686 1915 1814 1959 Certe

419 1984 558 2029 haeres
582 1985 649 2029 vis
678 2000 794 2029 esse:
828 1983 1047 2044 numquid
1076 1984 1135 2028 sic
1169 1993 1316 2028 tecum
1353 1983 1581 2028 contendit
1620 1985 1812 2029 cohaeres

422 2064 544 2110 tuus,
573 2064 624 2099 ut
646 2054 762 2099 dicat
783 2053 888 2099 tibi:
916 2053 1037 2098 Tolle
1065 2054 1189 2099 istam
1222 2063 1391 2113 partem
1407 2089 1418 2110 ‚
1445 2070 1525 2114 ego
1546 2054 1692 2114 illam,
1717 2064 1808 2111 aut,

423 2125 545 2170 Tolle
568 2134 618 2169 tu
644 2126 880 2177 minorem,
919 2133 962 2169 et
994 2139 1074 2183 ego
1102 2125 1330 2183 majorem,
1371 2127 1470 2170 Non
1500 2125 1606 2171 dicit
1633 2145 1641 2171 :
1673 2125 1810 2171 Simul

419 2193 662 2240 dividamus
685 2215 693 2240 ε
720 2195 818 2250 sed,
853 2195 990 2240 Simul
1022 2195 1274 2239 habeamus.
1307 2198 1400 2240 Hoc
1428 2196 1544 2240 enim
1569 2195 1710 2241 voluit
1730 2196 1808 2256 qui
1856 2226 1858 2231 ,

418 2274 597 2310 testatus
625 2275 703 2310 est.
732 2266 882 2324 Aperi,
904 2274 947 2309 et
966 2264 1077 2323 lege.
1104 2267 1161 2309 Et
1182 2265 1341 2310 clamas
1365 2285 1374 2311 ε
1396 2269 1459 2311 Ne
1480 2266 1804 2321 incenderetur,

418 2348 497 2392 ego
521 2336 603 2380 feci
629 2357 637 2381 :
664 2353 718 2381 ne
739 2336 1046 2380 incenderetur
1069 2350 1147 2393 ego
1176 2338 1356 2381 servavi.
1383 2340 1446 2382 Ne
1470 2338 1802 2392 incenderetur,

420 2413 469 2448 tu
487 2408 691 2450 servasti?
714 2407 843 2466 Aperi
863 2441 873 2461 ,
899 2415 941 2449 et
964 2406 1062 2450 vide
1079 2407 1180 2465 quia
1197 2406 1315 2450 unde
1337 2408 1629 2451 incendereris
1659 2423 1804 2452 serva-

416 2475 468 2519 sti
486 2495 493 2519 z
514 2478 707 2535 quamvis
729 2487 771 2522 tc
792 2492 978 2522 servasse
1002 2477 1114 2520 absit
1135 2486 1185 2521 ut
1201 2477 1393 2534 credam,
1419 2493 1552 2537 quem
1567 2478 1695 2525 video
1712 2472 1803 2522 non

467 2565 474 2581 ¹
499 2561 576 2591 Gen.
599 2562 743 2601 xx11‚18.
771 2578 802 2583 —
826 2569 837 2584 ⁷
862 2562 963 2594 For-ze
987 2561 1141 2593 auditum.
