1898 3178
416 236 499 274 506
852 243 886 272 S.
921 244 1153 272 Aucus'rmi
1186 245 1367 272 EPISCOPI

413 313 513 366 scit,
549 309 922 370 quemadmodum
952 307 1119 369 judicet
1141 307 1214 352 ille
1247 309 1323 368 qui
1353 323 1375 351 a
1398 308 1570 352 nemine
1600 307 1796 353 fallitur?

414 383 556 427 Habet
577 382 735 425 bonam
753 380 1078 434 conscientiam,
1103 395 1192 424 non
1214 379 1338 423 illum
1361 378 1540 423 titillant
1556 379 1736 423 crimina
1751 380 1795 423 in

412 453 542 499 corde
579 460 787 510 concepta
806 486 816 506 ,
857 451 933 495 sed
962 459 1139 511 propter
1174 450 1429 511 quotidiana
1461 448 1661 509 quaedam
1696 450 1797 495 vitae

411 525 616 568 humanae
643 530 817 581 peccata
832 556 843 576 ,
877 520 980 566 licet
1001 521 1116 566 bona
1136 521 1399 566 conscientia
1417 521 1497 575 sit,
1524 530 1670 565 tamen
1691 519 1797 565 dicit

411 598 502 639 Deo
529 613 538 638 ;
568 612 587 635 «
613 592 789 637 Dimitte
820 593 946 637 nobis
976 592 1123 636 debita
1156 601 1318 637 nostra.
1360 609 1380 633 >›
1417 592 1519 651 quia
1545 590 1648 635 fecit
1675 593 1798 651 quod

410 664 630 724 sequitur:
655 682 676 706 «
698 663 818 708 Sicut
839 672 882 707 et
895 678 973 708 nos
991 663 1250 707 dimittimus
1265 662 1537 706 debitoribus
1551 662 1748 706 nostris¹.
1773 680 1793 704 »

411 736 557 793 Fregit
574 750 732 794 panem
750 735 957 779 esurienti
972 750 1025 779 ex
1038 736 1184 790 corde,
1199 734 1370 778 vestivit
1387 733 1555 778 nudum
1573 749 1623 777 ex
1638 734 1793 778 corde:

409 804 464 850 de
487 805 584 850 oleo
601 806 805 850 interime
826 805 930 850 fecit
951 821 1081 865 opera
1098 805 1230 860 bona,
1248 814 1293 849 et
1315 805 1523 849 tamenin
1544 803 1620 850 illo
1630 803 1797 917 judicio

410 877 630 936 trepidat
621 893 710 937 ipsa
734 878 848 922 bona
871 878 1147 922 conscientia.

467 950 586 992 XIV.
605 949 716 992 Vide
730 948 839 1009 quid
858 958 953 992 est:
979 967 998 989 «
1024 950 1131 991 Date
1152 947 1278 992 nobis
1296 945 1498 991 oleum.»
1517 945 1682 990 Audiei
1686 955 1793 991 unt

413 1037 434 1060 «
469 1021 533 1063 Ite
551 1018 696 1077 potius
718 1019 773 1063 ad
792 1018 1044 1064 vendentes
1065 1036 1084 1059 »
1110 1018 1217 1071 Quia
1239 1016 1443 1061 laudibus
1464 1017 1665 1061 humanis
1685 1017 1798 1061 bene

407 1088 552 1132 vivere
565 1090 816 1143 consuestis,
829 1090 1052 1133 vobiscum
1068 1089 1214 1133 oleum
1228 1104 1316 1131 non
1329 1088 1510 1147 portatis
1526 1106 1535 1133 ;
1551 1103 1639 1132 non
1651 1097 1797 1132 autem

408 1174 486 1202 nos
506 1158 659 1203 damus
679 1176 689 1210 ;
718 1178 737 1201 «
768 1162 832 1205 Ne
855 1160 968 1203 forte
990 1175 1080 1203 non
1102 1159 1289 1203 sufficiat
1311 1158 1435 1203 nobis
1457 1167 1500 1201 et
1515 1158 1653 1203 vobis.
1675 1176 1695 1199 »
1716 1158 1797 1202 Vix

408 1229 524 1273 enim
539 1229 593 1273 de
611 1230 734 1274 nobis
742 1229 1005 1290 judicamus,
1022 1238 1188 1289 quanto
1203 1229 1346 1273 minus
1363 1244 1589 1289 possumus
1601 1229 1797 1289 judicare

407 1300 462 1343 de
483 1301 637 1345 vobis?
655 1300 769 1353 Quid
790 1311 854 1345 est
879 1320 888 1346 t
911 1321 931 1343 «
952 1301 1035 1345 Vix
1057 1301 1111 1344 de
1126 1301 1251 1344 nobis
1267 1299 1547 1359 judicamus?
1564 1301 1674 1353 Quia
1696 1316 1796 1344 cum

410 1388 431 1412 »
468 1386 540 1413 rex
555 1371 697 1429 justus
719 1370 878 1414 sederit
894 1371 939 1413 in
965 1371 1122 1414 throno
1137 1405 1147 1425 ,
1168 1371 1264 1430 quis
1287 1369 1543 1428 gloriabitur
1564 1379 1729 1414 castum
1753 1386 1796 1415 se

410 1458 430 1482 »
466 1440 627 1484 habere
659 1443 796 1484 cor2?
820 1458 840 1481 »
868 1443 999 1485 Forte
1021 1449 1070 1484 tu
1092 1456 1181 1484 non
1202 1440 1370 1485 invenis
1401 1439 1568 1501 aliquid
1596 1441 1641 1484 in
1670 1456 1797 1485 cons-

407 1511 563 1555 cientia
586 1520 660 1555 tua
679 1532 691 1569 3
716 1520 759 1554 et
780 1511 946 1555 invenit
967 1511 1040 1555 ille
1074 1512 1151 1571 qui
1185 1510 1340 1555 melius
1361 1510 1482 1555 videt
1498 1546 1509 1566 ,
1540 1512 1662 1571 cujus
1685 1513 1796 1557 acies

407 1580 552 1625 divina
573 1590 770 1640 penetrat
792 1580 945 1626 altiora
969 1599 980 1625 .·
1002 1581 1120 1625 videt
1136 1581 1248 1625 forte
1271 1580 1461 1641 aliquid,
1496 1582 1662 1627 invenit
1682 1582 1795 1627 forte

407 1651 588 1711 aliquid.
613 1656 785 1704 Quanto
808 1651 961 1695 melius
983 1651 1046 1695 illi
1068 1651 1174 1696 dicis
1201 1671 1209 1696 :
1235 1671 1255 1694 «
1280 1654 1343 1697 Ne
1365 1652 1497 1696 intres
1518 1653 1563 1696 in
1578 1653 1794 1712 judicium

409 1740 429 1764 »
456 1737 554 1765 cum
568 1738 691 1767 servo
710 1723 809 1767 tuo3
827 1724 844 1765 ’ἰ
861 1741 880 1763 »
898 1723 1039 1767 Etiam
1059 1732 1225 1783 quanto
1246 1724 1398 1767 melius
1421 1723 1526 1768 dicis
1545 1743 1554 1768 :
1579 1743 1598 1766 «
1617 1725 1795 1770 Dimitte

409 1811 429 1835 »
457 1793 581 1837 nobis
610 1792 756 1838 debita
779 1796 954 1838 nostra?
975 1813 994 1835 »
1016 1795 1127 1848 Quia
1149 1803 1193 1838 et
1214 1794 1372 1838 dicitur
1394 1795 1474 1843 tibi
1504 1805 1681 1854 propter
1701 1796 1795 1841 illas

407 1864 543 1920 faces,
567 1874 744 1924 propter
768 1865 861 1909 illas
891 1865 1112 1925 lampades
1132 1885 1140 1910 :
1166 1884 1186 1907 «
1207 1866 1377 1910 Esurivi
1395 1901 1405 1920 ,
1436 1875 1480 1909 et
1502 1865 1658 1910 dedisti
1688 1867 1795 1910 mihi

410 1953 430 1977 »
452 1934 757 1979 manducare.»
777 1936 894 1988 Quid
908 1952 1011 1995 ergo
1028 1936 1114 1979 illae
1136 1951 1224 1980 non
1246 1934 1356 1979 illud
1371 1935 1571 1980 fecerunt
1586 1938 1604 1980 P
1620 1951 1709 1981 non
1726 1934 1794 1980 fe-

409 2017 564 2051 cerunt
586 2017 686 2052 ante
710 2007 850 2052 illum.
870 2009 952 2053 Sed
970 2008 1192 2067 quomodo
1209 2006 1433 2051 fecerunt?
1447 2007 1678 2060 Quomodo
1691 2023 1794 2067 pro-

406 2079 530 2122 hibet
550 2079 761 2123 Dominus
778 2114 788 2133 ,
815 2080 891 2139 qui
910 2079 1016 2123 dixit
1037 2097 1046 2124 ι
1071 2098 1090 2119 «
1115 2080 1275 2123 Cavete
1296 2077 1437 2122 facere
1462 2079 1675 2138 justitiam
1696 2095 1794 2123 ves-

409 2167 428 2190 »
468 2158 576 2193 tram
609 2165 753 2193 coram
776 2149 1051 2204 hominibus,
1077 2158 1126 2192 ut
1148 2148 1382 2193 videamini
1402 2148 1457 2192 ab
1481 2149 1539 2193 eis
1568 2169 1577 2194 2
1599 2148 1794 2210 alioquin

409 2238 430 2261 »
465 2236 554 2264 non
574 2220 791 2264 habebitis
807 2220 1053 2283 mercedem
1075 2219 1192 2279 apud
1215 2222 1387 2263 Patrem
1409 2229 1602 2264 vestrum
1617 2255 1629 2276 ,
1653 2221 1730 2280 qui
1747 2222 1793 2265 in

409 2308 430 2332 »
461 2291 580 2335 coelis
619 2299 696 2335 est.
730 2293 786 2335 Εῖ
819 2290 953 2335 nolite
987 2290 1144 2334 similes
1185 2305 1272 2333 esse
1309 2290 1572 2350 hypocritis,
1612 2290 1792 2351 quando

410 2378 430 2401 »
465 2362 609 2406 oratis.
646 2365 807 2406 Amant
837 2361 953 2405 enim
975 2369 1086 2404 stare
1108 2360 1153 2404 in
1188 2359 1366 2419 plateis,
1400 2369 1442 2404 et
1474 2376 1619 2416 orare,
1647 2371 1698 2405 ut
1722 2361 1790 2406 vi-

410 2448 430 2472 »
465 2430 650 2476 deantur
671 2432 726 2477 ab
760 2431 1027 2477 hominibus.
1053 2434 1192 2474 Amen
1215 2430 1312 2475 dico
1330 2431 1452 2475 vobis
1468 2465 1479 2486 ,
1505 2441 1790 2490 perceperunt

409 2517 429 2541 >›
465 2502 707 2546 mercedem
719 2504 876 2547 suam4.
892 2520 910 2543 »
923 2504 1137 2545 Emerunt
1151 2500 1318 2556 oleum,
1339 2502 1529 2561 pretium
1546 2501 1785 2560 dederunt3

456 2591 464 2608 ¹
486 2587 604 2618 matth.
616 2598 661 2625 vi,
676 2598 725 2619 12.
741 2595 805 2611 —2
818 2591 912 2620 Prov.
929 2598 982 2627 xx,
998 2587 1031 2629 8,
1045 2599 1124 2629 9.—-
1139 2586 1152 2611 3
1167 2587 1246 2620 Psal.
1266 2598 1344 2620 extu
1360 2613 1368 2629 ,
1388 2597 1418 2621 2.
1435 2605 1475 2611 —-
1487 2588 1626 2621 anlatth.
1642 2599 1689 2629 vi,
1706 2599 1736 2629 1,
1752 2596 1783 2620 2.
