1898 3178
289 220 426 250 SERMO
458 223 641 259 Lxxxiu,
678 224 730 248 DE
768 225 908 250 vfflfflis
940 224 1102 250 MATrfl.
1139 223 1260 250 xviii.
1373 211 1451 250 401

85 285 328 330 ubertatem
351 306 360 332 ι
382 303 471 332 non
493 288 583 331 sinc
599 301 727 330 causa
744 287 980 344 laboravit,
1006 303 1094 333 non
1110 288 1199 331 sine
1214 302 1340 331 causa
1364 287 1462 332 dor-

82 369 177 398 sum
210 357 432 412 curvavit,
466 372 556 400 non
588 357 678 399 sine
710 372 837 401 causa
859 373 1013 402 manus
1036 357 1226 412 attrivit,
1251 373 1342 402 non
1372 358 1463 401 sine

81 441 209 470 causa
232 425 368 486 frigus
399 435 442 471 et
472 435 625 471 aestum
652 426 865 473 toleravit.
906 431 997 473 Hoc
1019 438 1082 473 est
1103 427 1224 490 quod
1245 429 1303 473 ait
1324 447 1333 473 ε
1359 447 1380 471 «
1408 430 1465 472 Ut

84 514 104 538 »
129 512 230 541 cum
253 497 412 557 gaudio
429 498 513 543 hoc
535 497 710 553 faciant,
735 508 777 542 et
790 515 880 543 non
901 515 1000 544 cum
1024 500 1194 544 tristitia
1212 521 1223 558 3
1239 515 1330 545 non
1346 498 1462 544 enim

82 585 102 609 »
129 569 301 628 expedit
321 569 459 614 vobis.
482 569 744 630 »Numquid
765 569 871 614 dixit
893 589 901 615 :
921 573 1019 617 Non
1033 570 1116 615 illis
1135 572 1321 631 expedit.
1346 573 1459 617 Non.

81 637 166 682 Sed
183 637 293 683 dixit
311 657 320 684 ι
334 642 462 684 «Non
476 639 651 700 expedit
667 639 834 684 vobis.»
848 642 957 685 Nam
974 640 1035 684 illi
1051 641 1272 700 praepositi
1284 640 1462 701 quando

77 710 388 754 contristantur
419 709 473 754 de
497 710 618 755 malis
640 711 813 766 vestris,
839 710 1013 770 expedit
1035 711 1145 770 illis,
1173 712 1264 772 ipsa
1293 711 1464 756 tristitia

77 779 255 838 prodest
284 780 366 826 illis
385 816 395 835 ,
426 780 502 824 sed
534 797 623 825 non
655 780 830 840 expedit
860 781 996 825 vobis.
1023 781 1142 827 Nihil
1170 791 1317 827 autem
1339 781 1466 827 nobis

77 849 278 895 volumus
301 851 504 910 expedire
517 887 527 903 ‚
545 851 666 913 quod
683 867 772 897 non
789 850 964 912 expedit
981 853 1120 896 vobis.
1145 853 1284 897 Simul
1298 868 1400 912 ergo
1423 853 1467 895 in

77 920 297 967 dominico
320 938 423 982 agro
439 958 450 977 ‚
475 923 630 968 fratres
646 958 657 979 ,
684 923 852 969 bonum
884 938 1117 983 operemur
1133 958 1144 980 ,
1179 932 1229 968 ut
1249 923 1381 969 simul
1413 921 1468 967 de

76 993 276 1037 mercede
299 993 578 1052 gaudeamus.

75 1161 285 1178 ‘vm-mm
289 1161 1393 1179 vmwvwmnwmwmmmwmmmwmumxmmmwmmwmmu
1398 1161 1463 1177 vm

490 1289 722 1336 SERMO
760 1291 1001 1338 LXXXIII
1025 1295 1054 1335 1.

73 1451 136 1493 De
147 1447 287 1494 verbis
304 1448 530 1508 Evangelii
544 1449 701 1494 Matth.
724 1467 858 1494 xvm:
878 1449 1077 1512 Quoties
1088 1447 1313 1509 peccabit
1328 1451 1376 1495 ιή
1389 1466 1465 1495 me

528 1520 703 1581 frater
723 1537 856 1565 meus
868 1556 878 1575 ,
906 1530 994 1566 etc.

129 1691 165 1732 Ι.
202 1691 427 1733 HESTERNA
461 1687 531 1732 die
565 1695 763 1732 sanctum
803 1688 1091 1746 Evangelium
1130 1688 1358 1735 admonuit
1389 1707 1468 1737 nos

71 1774 162 1804 non
203 1758 440 1818 negligere,
463 1767 639 1818 peccata
679 1758 863 1802 fratrum
904 1768 1153 1803 nostrorum
1189 1779 1198 1804 ε
1251 1779 1271 1803 «
1308 1761 1393 1806 Sed
1431 1762 1464 1806 si

73 1847 94 1871 »
121 1830 363 1888 peccaverit
379 1864 389 1884 ,
414 1829 584 1888 inquit,
609 1829 655 1872 in
678 1838 720 1873 te
740 1828 874 1873 frater
892 1837 994 1873 tuus
1011 1864 1021 1883 ,
1041 1829 1210 1890 corripe
1227 1846 1327 1875 eum
1350 1832 1464 1876 inter

28 1915 32 1932 ’ν
73 1917 93 1941 »
119 1909 162 1944 te
185 1909 228 1944 et
250 1899 392 1960 ipsum
416 1894 575 1944 solum.
613 1899 656 1944 Si
689 1908 731 1943 te
763 1899 969 1953 audierit,
994 1899 1186 1944 lucratus
1213 1916 1256 1945 es
1279 1901 1460 1946 fratrem

73 1989 94 2013 »
120 1980 260 2015 tuum.
300 1972 342 2016 Si
364 1980 510 2015 autem
543 1971 874 2029 contempserit,
910 1970 1070 2014 adhibe
1091 1979 1234 2015 tecum
1259 1971 1368 2017 duos
1391 1972 1460 2018 vel

74 2059 94 2084 ‚,
120 2051 205 2086 tres
223 2076 234 2097 ,
252 2051 301 2085 ut
316 2043 362 2085 in
377 2056 451 2086 ore
467 2041 657 2086 duorum
672 2039 742 2085 vel
759 2040 892 2085 trium
914 2040 1091 2085 testium
1113 2050 1196 2086 stet
1213 2057 1342 2087 omne
1359 2059 1459 2088 ver—

73 2131 94 2155 »
119 2113 243 2157 bum.
264 2112 307 2158 Si
324 2121 468 2158 autem
481 2121 524 2157 et
540 2113 653 2172 ipsos
667 2112 992 2172 contempserit,
1013 2111 1082 2157 dic
1094 2112 1313 2159 Ecclesiae.
1328 2116 1458 2169 Quod

73 2201 94 2226 »
119 2184 152 2228 si
169 2182 406 2229 Ecclesiam
423 2182 753 2243 contempserit,
771 2179 826 2226 sit
846 2182 927 2227 tibi
949 2183 1060 2227 sicut
1074 2183 1286 2229 Ethnicus
1308 2194 1351 2230 et
1368 2189 1457 2230 Pu-

72 2273 94 2298 »
118 2255 314 2299 blicanus
328 2257 361 2297 2.
390 2272 410 2295 »
436 2253 657 2298 Hodierna
679 2253 808 2297 etiam
832 2252 903 2297 die
925 2253 980 2298 ad
1002 2253 1139 2313 ipsam
1158 2270 1250 2300 rem
1272 2257 1459 2315 pertinet

70 2325 311 2386 capitulum
337 2323 458 2385 quod
475 2323 688 2383 sequitur,
714 2321 836 2383 quod
862 2323 996 2367 modo
1015 2337 1116 2367 cum
1137 2323 1356 2383 legeretur
1377 2343 1457 2371 au·-

70 2398 274 2443 divimus.
309 2399 422 2443 Cum
455 2395 569 2440 enim
601 2394 774 2439 dixisset
795 2395 880 2439 hoc
904 2395 1113 2439 Dominus
1145 2398 1268 2441 Jesus
1301 2401 1454 2455 Petro,

71 2470 252 2529 subjecit
292 2476 335 2512 et
376 2466 660 2524 interrogavit
692 2467 975 2524 Magistrum,
1016 2466 1185 2525 quoties
1217 2468 1457 2526 ignosceret

120 2571 128 2588 ¹
150 2564 232 2598 Alias
255 2564 292 2596 15
312 2564 352 2595 de
366 2563 469 2595 verbis
487 2561 611 2594 Domini
643 2579 680 2584 -v
701 2568 711 2584 ²
729 2561 841 2593 Manli.
862 2572 953 2603 xvnr,
978 2561 1094 2602 15-17.

234 2628 371 2658 cxxw
1244 2618 1295 2658 26
