<?xml version="1.0" encoding="UTF-8"?>
<!DOCTYPE html PUBLIC "-//W3C//DTD XHTML 1.0 Transitional//EN"
    "http://www.w3.org/TR/xhtml1/DTD/xhtml1-transitional.dtd">
<html xmlns="http://www.w3.org/1999/xhtml" xml:lang="en" lang="en">
 <head>
  <title>
</title>
<meta http-equiv="Content-Type" content="text/html;charset=utf-8" />
  <meta name='ocr-system' content='tesseract 3.04.00' />
  <meta name='ocr-capabilities' content='ocr_page ocr_carea ocr_par ocr_line ocrx_word'/>
</head>
<body>
  <div class='ocr_page' id='page_1' title='image "./operaomniaaccura18auguuoft_0195.png"; bbox 0 0 1898 3178; ppageno 0'>
   <div class='ocr_carea' id='block_1_1' title="bbox 0 0 121 3178">
    <p class='ocr_par' dir='ltr' id='par_1_1' title="bbox 0 0 121 3178">
     <span class='ocr_line' id='line_1_1' title="bbox 0 0 121 3178; baseline 0 0"><span class='ocrx_word' id='word_1_1' title='bbox 0 0 121 3178; x_wconf 95' lang='lat' dir='ltr'> </span> 
     </span>
    </p>
   </div>
   <div class='ocr_carea' id='block_1_2' title="bbox 286 213 1487 262">
    <p class='ocr_par' dir='ltr' id='par_1_2' title="bbox 286 213 1487 262">
     <span class='ocr_line' id='line_1_2' title="bbox 286 213 1487 262; baseline -0.002 -9"><span class='ocrx_word' id='word_1_2' title='bbox 286 225 424 254; x_wconf 66' lang='lat' dir='ltr'>sumto</span> <span class='ocrx_word' id='word_1_3' title='bbox 459 226 560 262; x_wconf 76' lang='lat' dir='ltr'>Lvr,</span> <span class='ocrx_word' id='word_1_4' title='bbox 596 225 641 252; x_wconf 76' lang='lat' dir='ltr'>IN</span> <span class='ocrx_word' id='word_1_5' title='bbox 674 221 839 251; x_wconf 78' lang='grc' dir='ltr'><strong>ΜΑΤΤΗ.</strong></span> <span class='ocrx_word' id='word_1_6' title='bbox 876 226 948 261; x_wconf 77' lang='lat' dir='ltr'>w,</span> <span class='ocrx_word' id='word_1_7' title='bbox 984 224 1038 251; x_wconf 83' lang='lat' dir='ltr'>DE</span> <span class='ocrx_word' id='word_1_8' title='bbox 1071 220 1195 251; x_wconf 71' lang='lat' dir='ltr'>ORAT.</span> <span class='ocrx_word' id='word_1_9' title='bbox 1231 224 1338 251; x_wconf 82' lang='lat' dir='ltr'>DOM.</span> <span class='ocrx_word' id='word_1_10' title='bbox 1405 213 1487 251; x_wconf 84' lang='lat'>185</span> 
     </span>
    </p>
   </div>
   <div class='ocr_carea' id='block_1_3' title="bbox 110 287 1506 2606">
    <p class='ocr_par' dir='ltr' id='par_1_3' title="bbox 110 287 1489 408">
     <span class='ocr_line' id='line_1_3' title="bbox 110 287 1489 350; baseline -0.002 -14"><span class='ocrx_word' id='word_1_11' title='bbox 110 293 290 337; x_wconf 81' lang='lat' dir='ltr'>flumina</span> <span class='ocrx_word' id='word_1_12' title='bbox 308 290 498 350; x_wconf 87' lang='lat' dir='ltr'>impleri,</span> <span class='ocrx_word' id='word_1_13' title='bbox 517 299 559 334; x_wconf 90' lang='lat' dir='ltr'>et</span> <span class='ocrx_word' id='word_1_14' title='bbox 576 287 734 334; x_wconf 87' lang='lat' dir='ltr'>fundos</span> <span class='ocrx_word' id='word_1_15' title='bbox 757 291 894 334; x_wconf 81' lang='lat' dir='ltr'>trahi?</span> <span class='ocrx_word' id='word_1_16' title='bbox 916 290 1086 335; x_wconf 86' lang='lat' dir='ltr'>Minuta</span> <span class='ocrx_word' id='word_1_17' title='bbox 1107 298 1229 345; x_wconf 80' lang='lat' dir='ltr'>sunt,</span> <span class='ocrx_word' id='word_1_18' title='bbox 1255 289 1329 334; x_wconf 89' lang='lat' dir='ltr'>sed</span> <span class='ocrx_word' id='word_1_19' title='bbox 1351 289 1489 334; x_wconf 89' lang='lat' dir='ltr'>multa</span> 
     </span>
     <span class='ocr_line' id='line_1_4' title="bbox 111 373 228 408; baseline 0 -1"><span class='ocrx_word' id='word_1_20' title='bbox 111 373 228 408; x_wconf 85' lang='lat' dir='ltr'>sunt.</span> 
     </span>
    </p>

    <p class='ocr_par' dir='ltr' id='par_1_4' title="bbox 110 429 1500 1685">
     <span class='ocr_line' id='line_1_5' title="bbox 170 429 1488 490; baseline -0.002 -14"><span class='ocrx_word' id='word_1_21' title='bbox 170 435 293 477; x_wconf 86' lang='lat' dir='ltr'><strong>XIII.</strong></span> <span class='ocrx_word' id='word_1_22' title='bbox 329 429 529 485; x_wconf 80' lang='lat' dir='ltr'>Quotidie</span> <span class='ocrx_word' id='word_1_23' title='bbox 552 445 655 490; x_wconf 82' lang='lat' dir='ltr'>ergo</span> <span class='ocrx_word' id='word_1_24' title='bbox 676 431 895 488; x_wconf 66' lang='lat' dir='ltr'>dicamus,</span> <span class='ocrx_word' id='word_1_25' title='bbox 919 440 961 475; x_wconf 90' lang='lat' dir='ltr'>et</span> <span class='ocrx_word' id='word_1_26' title='bbox 984 429 1114 475; x_wconf 88' lang='lat' dir='ltr'>corde</span> <span class='ocrx_word' id='word_1_27' title='bbox 1143 445 1243 475; x_wconf 90' lang='lat' dir='ltr'>vero</span> <span class='ocrx_word' id='word_1_28' title='bbox 1268 430 1460 474; x_wconf 89' lang='lat' dir='ltr'>dicamus</span> <span class='ocrx_word' id='word_1_29' title='bbox 1477 465 1488 484; x_wconf 87' lang='lat'>‚</span> 
     </span>
     <span class='ocr_line' id='line_1_6' title="bbox 111 500 1488 564; baseline -0.002 -16"><span class='ocrx_word' id='word_1_30' title='bbox 111 514 154 549; x_wconf 88' lang='lat' dir='ltr'>et</span> <span class='ocrx_word' id='word_1_31' title='bbox 174 504 294 564; x_wconf 87' lang='lat' dir='ltr'>quod</span> <span class='ocrx_word' id='word_1_32' title='bbox 316 502 500 547; x_wconf 82' lang='lat' dir='ltr'>dicimus</span> <span class='ocrx_word' id='word_1_33' title='bbox 522 500 728 546; x_wconf 80' lang='lat' dir='ltr'>faciamus</span> <span class='ocrx_word' id='word_1_34' title='bbox 749 521 758 546; x_wconf 77' lang='grc' dir='ltr'>ε</span> <span class='ocrx_word' id='word_1_35' title='bbox 787 503 998 546; x_wconf 89' lang='lat' dir='ltr'>«Dimitte</span> <span class='ocrx_word' id='word_1_36' title='bbox 1015 503 1139 546; x_wconf 91' lang='lat' dir='ltr'>nobis</span> <span class='ocrx_word' id='word_1_37' title='bbox 1160 502 1308 546; x_wconf 82' lang='lat' dir='ltr'>debita</span> <span class='ocrx_word' id='word_1_38' title='bbox 1326 510 1488 554; x_wconf 82' lang='lat' dir='ltr'>nostra,</span> 
     </span>
     <span class='ocr_line' id='line_1_7' title="bbox 115 572 1491 633; baseline 0.002 -18"><span class='ocrx_word' id='word_1_39' title='bbox 115 594 135 616; x_wconf 68' lang='lat'>&gt;2</span> <span class='ocrx_word' id='word_1_40' title='bbox 171 576 282 619; x_wconf 85' lang='lat' dir='ltr'>sicut</span> <span class='ocrx_word' id='word_1_41' title='bbox 303 583 346 618; x_wconf 90' lang='lat' dir='ltr'>et</span> <span class='ocrx_word' id='word_1_42' title='bbox 368 588 446 618; x_wconf 86' lang='lat' dir='ltr'>nos</span> <span class='ocrx_word' id='word_1_43' title='bbox 468 573 727 618; x_wconf 87' lang='lat' dir='ltr'>dimittimus</span> <span class='ocrx_word' id='word_1_44' title='bbox 749 572 1020 618; x_wconf 79' lang='lat' dir='ltr'>debitoribus</span> <span class='ocrx_word' id='word_1_45' title='bbox 1047 574 1217 618; x_wconf 81' lang='lat' dir='ltr'>nostris.</span> <span class='ocrx_word' id='word_1_46' title='bbox 1236 592 1257 615; x_wconf 85' lang='lat'>»</span> <span class='ocrx_word' id='word_1_47' title='bbox 1286 574 1491 633; x_wconf 33' lang='lat' dir='ltr'>Sponsiod</span> 
     </span>
     <span class='ocr_line' id='line_1_8' title="bbox 110 644 1492 703; baseline -0.001 -14"><span class='ocrx_word' id='word_1_48' title='bbox 110 660 211 689; x_wconf 91' lang='lat' dir='ltr'>nem</span> <span class='ocrx_word' id='word_1_49' title='bbox 229 644 411 689; x_wconf 88' lang='lat' dir='ltr'>facimus</span> <span class='ocrx_word' id='word_1_50' title='bbox 433 660 533 689; x_wconf 89' lang='lat' dir='ltr'>cum</span> <span class='ocrx_word' id='word_1_51' title='bbox 548 647 662 700; x_wconf 93' lang='lat' dir='ltr'>Deo,</span> <span class='ocrx_word' id='word_1_52' title='bbox 686 652 867 703; x_wconf 90' lang='lat' dir='ltr'>pactum</span> <span class='ocrx_word' id='word_1_53' title='bbox 894 653 936 688; x_wconf 90' lang='lat' dir='ltr'>et</span> <span class='ocrx_word' id='word_1_54' title='bbox 956 644 1181 703; x_wconf 88' lang='lat' dir='ltr'>placitum.</span> <span class='ocrx_word' id='word_1_55' title='bbox 1208 646 1301 689; x_wconf 92' lang='lat' dir='ltr'>Hoc</span> <span class='ocrx_word' id='word_1_56' title='bbox 1322 644 1401 688; x_wconf 89' lang='lat' dir='ltr'>tibi</span> <span class='ocrx_word' id='word_1_57' title='bbox 1424 644 1492 687; x_wconf 79' lang='lat' dir='ltr'>di-</span> 
     </span>
     <span class='ocr_line' id='line_1_9' title="bbox 111 714 1491 770; baseline -0.001 -10"><span class='ocrx_word' id='word_1_58' title='bbox 111 716 170 760; x_wconf 84' lang='lat' dir='ltr'>cit</span> <span class='ocrx_word' id='word_1_59' title='bbox 188 716 397 760; x_wconf 89' lang='lat' dir='ltr'>Dominus</span> <span class='ocrx_word' id='word_1_60' title='bbox 408 718 522 760; x_wconf 90' lang='lat' dir='ltr'>Deus</span> <span class='ocrx_word' id='word_1_61' title='bbox 532 724 633 759; x_wconf 89' lang='lat' dir='ltr'>tuus</span> <span class='ocrx_word' id='word_1_62' title='bbox 655 734 664 760; x_wconf 73' lang='grc' dir='ltr'>ε</span> <span class='ocrx_word' id='word_1_63' title='bbox 684 715 879 770; x_wconf 89' lang='lat' dir='ltr'>Dimitte,</span> <span class='ocrx_word' id='word_1_64' title='bbox 892 724 936 758; x_wconf 90' lang='lat' dir='ltr'>et</span> <span class='ocrx_word' id='word_1_65' title='bbox 948 715 1135 759; x_wconf 88' lang='lat' dir='ltr'>dimitto.</span> <span class='ocrx_word' id='word_1_66' title='bbox 1161 717 1258 760; x_wconf 88' lang='lat' dir='ltr'>Non</span> <span class='ocrx_word' id='word_1_67' title='bbox 1279 714 1491 759; x_wconf 81' lang='lat' dir='ltr'>dimisisti:</span> 
     </span>
     <span class='ocr_line' id='line_1_10' title="bbox 110 783 1493 844; baseline -0.001 -14"><span class='ocrx_word' id='word_1_68' title='bbox 110 795 159 830; x_wconf 85' lang='lat' dir='ltr'>tu</span> <span class='ocrx_word' id='word_1_69' title='bbox 175 795 324 830; x_wconf 88' lang='lat' dir='ltr'>contra</span> <span class='ocrx_word' id='word_1_70' title='bbox 339 794 382 829; x_wconf 92' lang='lat' dir='ltr'>te</span> <span class='ocrx_word' id='word_1_71' title='bbox 405 794 539 840; x_wconf 86' lang='lat' dir='ltr'>tenes,</span> <span class='ocrx_word' id='word_1_72' title='bbox 558 801 647 830; x_wconf 88' lang='lat' dir='ltr'>non</span> <span class='ocrx_word' id='word_1_73' title='bbox 666 800 760 844; x_wconf 82' lang='lat' dir='ltr'>ego.</span> <span class='ocrx_word' id='word_1_74' title='bbox 781 787 907 840; x_wconf 84' lang='lat' dir='ltr'>Sane,</span> <span class='ocrx_word' id='word_1_75' title='bbox 928 785 1164 830; x_wconf 85' lang='lat' dir='ltr'>charissimi</span> <span class='ocrx_word' id='word_1_76' title='bbox 1178 783 1254 828; x_wconf 87' lang='lat' dir='ltr'>filii</span> <span class='ocrx_word' id='word_1_77' title='bbox 1268 785 1369 839; x_wconf 87' lang='lat' dir='ltr'>mei,</span> <span class='ocrx_word' id='word_1_78' title='bbox 1389 800 1493 844; x_wconf 83' lang='lat' dir='ltr'>quo-</span> 
     </span>
     <span class='ocr_line' id='line_1_11' title="bbox 110 855 1496 916; baseline 0.001 -17"><span class='ocrx_word' id='word_1_79' title='bbox 110 857 225 900; x_wconf 91' lang='lat' dir='ltr'>niam</span> <span class='ocrx_word' id='word_1_80' title='bbox 249 856 337 901; x_wconf 89' lang='lat' dir='ltr'>scio</span> <span class='ocrx_word' id='word_1_81' title='bbox 372 855 480 916; x_wconf 88' lang='lat' dir='ltr'>quid</span> <span class='ocrx_word' id='word_1_82' title='bbox 501 856 624 901; x_wconf 86' lang='lat' dir='ltr'>vobis</span> <span class='ocrx_word' id='word_1_83' title='bbox 646 855 845 916; x_wconf 84' lang='lat' dir='ltr'>expediat</span> <span class='ocrx_word' id='word_1_84' title='bbox 865 856 911 899; x_wconf 92' lang='lat' dir='ltr'>in</span> <span class='ocrx_word' id='word_1_85' title='bbox 928 856 1136 900; x_wconf 84' lang='lat' dir='ltr'>Oratione</span> <span class='ocrx_word' id='word_1_86' title='bbox 1158 856 1385 900; x_wconf 90' lang='lat' dir='ltr'>Dominica</span> <span class='ocrx_word' id='word_1_87' title='bbox 1405 891 1416 911; x_wconf 90' lang='lat'>,</span> <span class='ocrx_word' id='word_1_88' title='bbox 1453 866 1496 900; x_wconf 87' lang='lat' dir='ltr'>ct</span> 
     </span>
     <span class='ocr_line' id='line_1_12' title="bbox 110 926 1497 972; baseline -0.001 -2"><span class='ocrx_word' id='word_1_89' title='bbox 110 927 294 971; x_wconf 81' lang='lat' dir='ltr'>maxime</span> <span class='ocrx_word' id='word_1_90' title='bbox 308 928 353 970; x_wconf 87' lang='lat' dir='ltr'>in</span> <span class='ocrx_word' id='word_1_91' title='bbox 368 936 458 972; x_wconf 91' lang='lat' dir='ltr'>tota</span> <span class='ocrx_word' id='word_1_92' title='bbox 477 927 671 972; x_wconf 89' lang='lat' dir='ltr'>oratione</span> <span class='ocrx_word' id='word_1_93' title='bbox 692 928 772 972; x_wconf 90' lang='lat' dir='ltr'>ista</span> <span class='ocrx_word' id='word_1_94' title='bbox 789 928 1001 972; x_wconf 88' lang='lat' dir='ltr'>sententia</span> <span class='ocrx_word' id='word_1_95' title='bbox 1023 946 1030 972; x_wconf 92' lang='lat'><strong>:</strong></span> <span class='ocrx_word' id='word_1_96' title='bbox 1053 927 1263 971; x_wconf 91' lang='lat' dir='ltr'>«Dimitte</span> <span class='ocrx_word' id='word_1_97' title='bbox 1280 927 1403 970; x_wconf 90' lang='lat' dir='ltr'>nobis</span> <span class='ocrx_word' id='word_1_98' title='bbox 1420 926 1497 970; x_wconf 93' lang='lat' dir='ltr'>de-</span> 
     </span>
     <span class='ocr_line' id='line_1_13' title="bbox 115 997 1493 1052; baseline -0.001 -11"><span class='ocrx_word' id='word_1_99' title='bbox 115 1015 136 1038; x_wconf 90' lang='lat'>»</span> <span class='ocrx_word' id='word_1_100' title='bbox 155 997 246 1041; x_wconf 82' lang='lat' dir='ltr'>bita</span> <span class='ocrx_word' id='word_1_101' title='bbox 264 1007 426 1052; x_wconf 83' lang='lat' dir='ltr'>nostra,</span> <span class='ocrx_word' id='word_1_102' title='bbox 447 999 608 1042; x_wconf 87' lang='lat' dir='ltr'>sicutet</span> <span class='ocrx_word' id='word_1_103' title='bbox 621 1014 699 1043; x_wconf 90' lang='lat' dir='ltr'>nos</span> <span class='ocrx_word' id='word_1_104' title='bbox 713 997 970 1042; x_wconf 89' lang='lat' dir='ltr'>dimittimus</span> <span class='ocrx_word' id='word_1_105' title='bbox 987 997 1257 1042; x_wconf 86' lang='lat' dir='ltr'>debitoribus</span> <span class='ocrx_word' id='word_1_106' title='bbox 1272 997 1426 1041; x_wconf 86' lang='lat' dir='ltr'>nostris</span> <span class='ocrx_word' id='word_1_107' title='bbox 1446 1016 1453 1041; x_wconf 92' lang='lat'>:</span> <span class='ocrx_word' id='word_1_108' title='bbox 1474 1014 1493 1037; x_wconf 92' lang='lat'>»</span> 
     </span>
     <span class='ocr_line' id='line_1_14' title="bbox 114 1067 1498 1128; baseline -0.001 -16"><span class='ocrx_word' id='word_1_109' title='bbox 114 1067 261 1113; x_wconf 80' lang='lat' dir='ltr'>audite</span> <span class='ocrx_word' id='word_1_110' title='bbox 284 1084 368 1112; x_wconf 88' lang='lat' dir='ltr'>me.</span> <span class='ocrx_word' id='word_1_111' title='bbox 414 1069 669 1128; x_wconf 86' lang='lat' dir='ltr'>Baptizandi</span> <span class='ocrx_word' id='word_1_112' title='bbox 701 1070 821 1125; x_wconf 87' lang='lat' dir='ltr'>estis,</span> <span class='ocrx_word' id='word_1_113' title='bbox 853 1069 1000 1114; x_wconf 90' lang='lat' dir='ltr'>omnia</span> <span class='ocrx_word' id='word_1_114' title='bbox 1036 1068 1241 1113; x_wconf 89' lang='lat' dir='ltr'>dimittite</span> <span class='ocrx_word' id='word_1_115' title='bbox 1279 1088 1287 1113; x_wconf 91' lang='lat'>:</span> <span class='ocrx_word' id='word_1_116' title='bbox 1313 1068 1498 1127; x_wconf 86' lang='lat' dir='ltr'>quisque</span> 
     </span>
     <span class='ocr_line' id='line_1_15' title="bbox 115 1139 1498 1199; baseline 0 -17"><span class='ocrx_word' id='word_1_117' title='bbox 115 1139 237 1198; x_wconf 87' lang='lat' dir='ltr'>quod</span> <span class='ocrx_word' id='word_1_118' title='bbox 258 1140 391 1183; x_wconf 90' lang='lat' dir='ltr'>habet</span> <span class='ocrx_word' id='word_1_119' title='bbox 413 1139 615 1184; x_wconf 88' lang='lat' dir='ltr'>adversus</span> <span class='ocrx_word' id='word_1_120' title='bbox 639 1140 829 1199; x_wconf 89' lang='lat' dir='ltr'>aliquem</span> <span class='ocrx_word' id='word_1_121' title='bbox 851 1142 898 1184; x_wconf 92' lang='lat' dir='ltr'>in</span> <span class='ocrx_word' id='word_1_122' title='bbox 927 1139 1057 1184; x_wconf 91' lang='lat' dir='ltr'>corde</span> <span class='ocrx_word' id='word_1_123' title='bbox 1085 1155 1163 1184; x_wconf 90' lang='lat' dir='ltr'>suo</span> <span class='ocrx_word' id='word_1_124' title='bbox 1179 1175 1190 1194; x_wconf 92' lang='lat'>,</span> <span class='ocrx_word' id='word_1_125' title='bbox 1226 1140 1415 1183; x_wconf 87' lang='lat' dir='ltr'>dimittat</span> <span class='ocrx_word' id='word_1_126' title='bbox 1445 1154 1498 1182; x_wconf 83' lang='lat' dir='ltr'>ex</span> 
     </span>
     <span class='ocr_line' id='line_1_16' title="bbox 115 1208 1497 1269; baseline 0.001 -17"><span class='ocrx_word' id='word_1_127' title='bbox 115 1208 260 1253; x_wconf 88' lang='lat' dir='ltr'>corde.</span> <span class='ocrx_word' id='word_1_128' title='bbox 290 1209 360 1253; x_wconf 91' lang='lat' dir='ltr'>Sic</span> <span class='ocrx_word' id='word_1_129' title='bbox 382 1211 560 1264; x_wconf 85' lang='lat' dir='ltr'>intrate,</span> <span class='ocrx_word' id='word_1_130' title='bbox 588 1220 631 1254; x_wconf 93' lang='lat' dir='ltr'>et</span> <span class='ocrx_word' id='word_1_131' title='bbox 658 1211 763 1254; x_wconf 90' lang='lat' dir='ltr'>certi</span> <span class='ocrx_word' id='word_1_132' title='bbox 794 1219 956 1266; x_wconf 83' lang='lat' dir='ltr'>estote,</span> <span class='ocrx_word' id='word_1_133' title='bbox 990 1211 1135 1254; x_wconf 85' lang='lat' dir='ltr'>omnia</span> <span class='ocrx_word' id='word_1_134' title='bbox 1169 1225 1342 1269; x_wconf 89' lang='lat' dir='ltr'>prorsus</span> <span class='ocrx_word' id='word_1_135' title='bbox 1375 1209 1497 1254; x_wconf 86' lang='lat' dir='ltr'>vobis</span> 
     </span>
     <span class='ocr_line' id='line_1_17' title="bbox 115 1278 1498 1339; baseline 0.002 -18"><span class='ocrx_word' id='word_1_136' title='bbox 115 1278 299 1333; x_wconf 86' lang='lat' dir='ltr'>dimitti,</span> <span class='ocrx_word' id='word_1_137' title='bbox 326 1295 425 1338; x_wconf 82' lang='lat' dir='ltr'>quae</span> <span class='ocrx_word' id='word_1_138' title='bbox 447 1281 714 1323; x_wconf 80' lang='lat' dir='ltr'>contraxistis</span> <span class='ocrx_word' id='word_1_139' title='bbox 729 1315 739 1334; x_wconf 91' lang='lat'>,</span> <span class='ocrx_word' id='word_1_140' title='bbox 771 1290 813 1324; x_wconf 89' lang='lat' dir='ltr'>et</span> <span class='ocrx_word' id='word_1_141' title='bbox 835 1296 887 1324; x_wconf 83' lang='lat' dir='ltr'>ex</span> <span class='ocrx_word' id='word_1_142' title='bbox 908 1281 1164 1339; x_wconf 85' lang='lat' dir='ltr'>parentibus</span> <span class='ocrx_word' id='word_1_143' title='bbox 1191 1280 1409 1324; x_wconf 85' lang='lat' dir='ltr'>nascendo</span> <span class='ocrx_word' id='word_1_144' title='bbox 1431 1294 1498 1324; x_wconf 85' lang='lat' dir='ltr'>se-</span> 
     </span>
     <span class='ocr_line' id='line_1_18' title="bbox 114 1347 1499 1409; baseline 0.002 -18"><span class='ocrx_word' id='word_1_145' title='bbox 114 1347 310 1392; x_wconf 90' lang='lat' dir='ltr'>cundum</span> <span class='ocrx_word' id='word_1_146' title='bbox 333 1349 473 1392; x_wconf 82' lang='lat' dir='ltr'>Adam</span> <span class='ocrx_word' id='word_1_147' title='bbox 496 1363 597 1392; x_wconf 93' lang='lat' dir='ltr'>cum</span> <span class='ocrx_word' id='word_1_148' title='bbox 619 1349 818 1408; x_wconf 82' lang='lat' dir='ltr'>originali</span> <span class='ocrx_word' id='word_1_149' title='bbox 839 1359 1017 1409; x_wconf 88' lang='lat' dir='ltr'>peccato</span> <span class='ocrx_word' id='word_1_150' title='bbox 1034 1385 1045 1405; x_wconf 91' lang='lat'>,</span> <span class='ocrx_word' id='word_1_151' title='bbox 1070 1360 1245 1409; x_wconf 87' lang='lat' dir='ltr'>propter</span> <span class='ocrx_word' id='word_1_152' title='bbox 1266 1351 1386 1409; x_wconf 87' lang='lat' dir='ltr'>quod</span> <span class='ocrx_word' id='word_1_153' title='bbox 1402 1365 1499 1408; x_wconf 89' lang='lat' dir='ltr'>pec-</span> 
     </span>
     <span class='ocr_line' id='line_1_19' title="bbox 114 1418 1499 1480; baseline 0.001 -18"><span class='ocrx_word' id='word_1_154' title='bbox 114 1427 261 1463; x_wconf 91' lang='lat' dir='ltr'>catum</span> <span class='ocrx_word' id='word_1_155' title='bbox 278 1434 379 1463; x_wconf 89' lang='lat' dir='ltr'>cum</span> <span class='ocrx_word' id='word_1_156' title='bbox 393 1418 582 1478; x_wconf 87' lang='lat' dir='ltr'>parvulis</span> <span class='ocrx_word' id='word_1_157' title='bbox 601 1420 770 1464; x_wconf 87' lang='lat' dir='ltr'>curritis</span> <span class='ocrx_word' id='word_1_158' title='bbox 785 1419 840 1464; x_wconf 90' lang='lat' dir='ltr'>ad</span> <span class='ocrx_word' id='word_1_159' title='bbox 854 1421 1034 1478; x_wconf 83' lang='lat' dir='ltr'>gratiam</span> <span class='ocrx_word' id='word_1_160' title='bbox 1056 1421 1301 1475; x_wconf 85' lang='lat' dir='ltr'>Salvatoris,</span> <span class='ocrx_word' id='word_1_161' title='bbox 1323 1430 1365 1464; x_wconf 89' lang='lat' dir='ltr'>et</span> <span class='ocrx_word' id='word_1_162' title='bbox 1376 1420 1499 1480; x_wconf 85' lang='lat' dir='ltr'>quid·</span> 
     </span>
     <span class='ocr_line' id='line_1_20' title="bbox 115 1487 1496 1549; baseline 0.001 -17"><span class='ocrx_word' id='word_1_163' title='bbox 115 1487 224 1548; x_wconf 91' lang='lat' dir='ltr'>quid</span> <span class='ocrx_word' id='word_1_164' title='bbox 254 1489 442 1533; x_wconf 90' lang='lat' dir='ltr'>vivendo</span> <span class='ocrx_word' id='word_1_165' title='bbox 477 1488 724 1544; x_wconf 84' lang='lat' dir='ltr'>addidistis,</span> <span class='ocrx_word' id='word_1_166' title='bbox 750 1488 897 1545; x_wconf 83' lang='lat' dir='ltr'>dictis,</span> <span class='ocrx_word' id='word_1_167' title='bbox 932 1489 1084 1545; x_wconf 88' lang='lat' dir='ltr'>factis,</span> <span class='ocrx_word' id='word_1_168' title='bbox 1123 1490 1460 1549; x_wconf 81' lang='lat' dir='ltr'>cogitationibus</span> <span class='ocrx_word' id='word_1_169' title='bbox 1486 1525 1496 1543; x_wconf 94' lang='lat'>,</span> 
     </span>
     <span class='ocr_line' id='line_1_21' title="bbox 116 1559 1500 1620; baseline 0 -18"><span class='ocrx_word' id='word_1_170' title='bbox 116 1559 261 1603; x_wconf 91' lang='lat' dir='ltr'>omnia</span> <span class='ocrx_word' id='word_1_171' title='bbox 279 1560 585 1604; x_wconf 89' lang='lat' dir='ltr'>dimittuntur:</span> <span class='ocrx_word' id='word_1_172' title='bbox 604 1569 648 1604; x_wconf 86' lang='lat' dir='ltr'>et</span> <span class='ocrx_word' id='word_1_173' title='bbox 663 1560 837 1604; x_wconf 81' lang='lat' dir='ltr'>exibitis</span> <span class='ocrx_word' id='word_1_174' title='bbox 862 1559 963 1604; x_wconf 90' lang='lat' dir='ltr'>inde</span> <span class='ocrx_word' id='word_1_175' title='bbox 983 1570 1193 1620; x_wconf 86' lang='lat' dir='ltr'>tanquam</span> <span class='ocrx_word' id='word_1_176' title='bbox 1219 1577 1240 1604; x_wconf 87' lang='lat' dir='ltr'>a</span> <span class='ocrx_word' id='word_1_177' title='bbox 1263 1569 1500 1620; x_wconf 86' lang='lat' dir='ltr'>conspectu</span> 
     </span>
     <span class='ocr_line' id='line_1_22' title="bbox 117 1630 1349 1685; baseline 0 -11"><span class='ocrx_word' id='word_1_178' title='bbox 117 1630 289 1675; x_wconf 89' lang='lat' dir='ltr'>Domini</span> <span class='ocrx_word' id='word_1_179' title='bbox 310 1631 470 1685; x_wconf 81' lang='lat' dir='ltr'>vestri,</span> <span class='ocrx_word' id='word_1_180' title='bbox 493 1645 593 1675; x_wconf 89' lang='lat' dir='ltr'>curn</span> <span class='ocrx_word' id='word_1_181' title='bbox 616 1631 845 1675; x_wconf 89' lang='lat' dir='ltr'>securitate</span> <span class='ocrx_word' id='word_1_182' title='bbox 866 1632 1063 1675; x_wconf 89' lang='lat' dir='ltr'>omnium</span> <span class='ocrx_word' id='word_1_183' title='bbox 1085 1631 1349 1676; x_wconf 86' lang='lat' dir='ltr'>debitorum.</span> 
     </span>
    </p>

    <p class='ocr_par' dir='ltr' id='par_1_5' title="bbox 119 1700 1506 2606">
     <span class='ocr_line' id='line_1_23' title="bbox 176 1700 1500 1760; baseline 0.001 -17"><span class='ocrx_word' id='word_1_184' title='bbox 176 1703 296 1744; x_wconf 84' lang='lat' dir='ltr'><strong>XIV.</strong></span> <span class='ocrx_word' id='word_1_185' title='bbox 331 1703 429 1744; x_wconf 87' lang='lat' dir='ltr'>Jam</span> <span class='ocrx_word' id='word_1_186' title='bbox 450 1710 628 1759; x_wconf 84' lang='lat' dir='ltr'>propter</span> <span class='ocrx_word' id='word_1_187' title='bbox 649 1700 723 1744; x_wconf 86' lang='lat' dir='ltr'>illa</span> <span class='ocrx_word' id='word_1_188' title='bbox 745 1700 999 1760; x_wconf 89' lang='lat' dir='ltr'>quotidiana</span> <span class='ocrx_word' id='word_1_189' title='bbox 1025 1710 1224 1759; x_wconf 85' lang='lat' dir='ltr'>peccata,</span> <span class='ocrx_word' id='word_1_190' title='bbox 1262 1701 1317 1745; x_wconf 89' lang='lat' dir='ltr'>de</span> <span class='ocrx_word' id='word_1_191' title='bbox 1340 1701 1500 1759; x_wconf 87' lang='lat' dir='ltr'>quibus</span> 
     </span>
     <span class='ocr_line' id='line_1_24' title="bbox 119 1770 1502 1831; baseline 0.001 -17"><span class='ocrx_word' id='word_1_192' title='bbox 119 1771 290 1814; x_wconf 91' lang='lat' dir='ltr'>locutus</span> <span class='ocrx_word' id='word_1_193' title='bbox 308 1784 420 1824; x_wconf 90' lang='lat' dir='ltr'>sum,</span> <span class='ocrx_word' id='word_1_194' title='bbox 436 1771 538 1828; x_wconf 91' lang='lat' dir='ltr'>quia</span> <span class='ocrx_word' id='word_1_195' title='bbox 550 1771 837 1813; x_wconf 86' lang='lat' dir='ltr'>necessarium</span> <span class='ocrx_word' id='word_1_196' title='bbox 859 1778 922 1813; x_wconf 90' lang='lat' dir='ltr'>est</span> <span class='ocrx_word' id='word_1_197' title='bbox 944 1771 1065 1814; x_wconf 85' lang='lat' dir='ltr'>vobis</span> <span class='ocrx_word' id='word_1_198' title='bbox 1082 1771 1242 1825; x_wconf 89' lang='lat' dir='ltr'>dicere,</span> <span class='ocrx_word' id='word_1_199' title='bbox 1256 1770 1376 1814; x_wconf 89' lang='lat' dir='ltr'>velut</span> <span class='ocrx_word' id='word_1_200' title='bbox 1392 1787 1502 1831; x_wconf 88' lang='lat' dir='ltr'>quo-</span> 
     </span>
     <span class='ocr_line' id='line_1_25' title="bbox 119 1840 1499 1897; baseline 0.002 -13"><span class='ocrx_word' id='word_1_201' title='bbox 119 1841 281 1884; x_wconf 89' lang='lat' dir='ltr'>tidiana</span> <span class='ocrx_word' id='word_1_202' title='bbox 302 1841 589 1884; x_wconf 86' lang='lat' dir='ltr'>mundatione</span> <span class='ocrx_word' id='word_1_203' title='bbox 611 1841 688 1884; x_wconf 88' lang='lat' dir='ltr'>ista</span> <span class='ocrx_word' id='word_1_204' title='bbox 720 1860 729 1884; x_wconf 87' lang='lat'>:</span> <span class='ocrx_word' id='word_1_205' title='bbox 765 1840 978 1884; x_wconf 83' lang='lat' dir='ltr'>«Dimitte</span> <span class='ocrx_word' id='word_1_206' title='bbox 1000 1841 1126 1885; x_wconf 87' lang='lat' dir='ltr'>nobis</span> <span class='ocrx_word' id='word_1_207' title='bbox 1149 1841 1299 1885; x_wconf 86' lang='lat' dir='ltr'>debita</span> <span class='ocrx_word' id='word_1_208' title='bbox 1321 1852 1466 1887; x_wconf 83' lang='lat' dir='ltr'>nostra</span> <span class='ocrx_word' id='word_1_209' title='bbox 1485 1878 1499 1897; x_wconf 85' lang='lat'>,</span> 
     </span>
     <span class='ocr_line' id='line_1_26' title="bbox 122 1909 1503 1964; baseline 0.003 -12"><span class='ocrx_word' id='word_1_210' title='bbox 122 1929 143 1952; x_wconf 89' lang='lat'>»</span> <span class='ocrx_word' id='word_1_211' title='bbox 177 1911 289 1955; x_wconf 88' lang='lat' dir='ltr'>sicut</span> <span class='ocrx_word' id='word_1_212' title='bbox 310 1920 354 1954; x_wconf 88' lang='lat' dir='ltr'>et</span> <span class='ocrx_word' id='word_1_213' title='bbox 375 1925 453 1955; x_wconf 91' lang='lat' dir='ltr'>nos</span> <span class='ocrx_word' id='word_1_214' title='bbox 475 1909 734 1954; x_wconf 87' lang='lat' dir='ltr'>dimittimus</span> <span class='ocrx_word' id='word_1_215' title='bbox 757 1910 1030 1955; x_wconf 87' lang='lat' dir='ltr'>debitoribus</span> <span class='ocrx_word' id='word_1_216' title='bbox 1044 1913 1200 1956; x_wconf 89' lang='lat' dir='ltr'>nostris</span> <span class='ocrx_word' id='word_1_217' title='bbox 1223 1932 1232 1956; x_wconf 89' lang='lat'>:</span> <span class='ocrx_word' id='word_1_218' title='bbox 1256 1930 1276 1952; x_wconf 90' lang='lat'>»</span> <span class='ocrx_word' id='word_1_219' title='bbox 1302 1912 1415 1964; x_wconf 86' lang='lat' dir='ltr'>Quid</span> <span class='ocrx_word' id='word_1_220' title='bbox 1438 1911 1503 1956; x_wconf 83' lang='lat' dir='ltr'>fa-</span> 
     </span>
     <span class='ocr_line' id='line_1_27' title="bbox 119 1981 1501 2034; baseline 0.002 -9"><span class='ocrx_word' id='word_1_221' title='bbox 119 1982 263 2025; x_wconf 81' lang='lat' dir='ltr'>cietis?</span> <span class='ocrx_word' id='word_1_222' title='bbox 284 1981 463 2025; x_wconf 89' lang='lat' dir='ltr'>Habetis</span> <span class='ocrx_word' id='word_1_223' title='bbox 486 1981 696 2026; x_wconf 87' lang='lat' dir='ltr'>inimicos.</span> <span class='ocrx_word' id='word_1_224' title='bbox 723 1983 825 2034; x_wconf 85' lang='lat' dir='ltr'>Quis</span> <span class='ocrx_word' id='word_1_225' title='bbox 839 1982 954 2025; x_wconf 82' lang='lat' dir='ltr'>enim</span> <span class='ocrx_word' id='word_1_226' title='bbox 973 1982 1090 2026; x_wconf 86' lang='lat' dir='ltr'>vivat</span> <span class='ocrx_word' id='word_1_227' title='bbox 1111 1983 1157 2026; x_wconf 91' lang='lat' dir='ltr'>in</span> <span class='ocrx_word' id='word_1_228' title='bbox 1175 1984 1256 2028; x_wconf 87' lang='lat' dir='ltr'>hac</span> <span class='ocrx_word' id='word_1_229' title='bbox 1277 1993 1390 2028; x_wconf 86' lang='lat' dir='ltr'>terra</span> <span class='ocrx_word' id='word_1_230' title='bbox 1412 2000 1501 2028; x_wconf 79' lang='lat' dir='ltr'>non</span> 
     </span>
     <span class='ocr_line' id='line_1_28' title="bbox 120 2053 1501 2112; baseline 0.002 -16"><span class='ocrx_word' id='word_1_231' title='bbox 120 2053 285 2096; x_wconf 89' lang='lat' dir='ltr'>habens</span> <span class='ocrx_word' id='word_1_232' title='bbox 306 2053 558 2097; x_wconf 72' lang='lat' dir='ltr'>inimicum?</span> <span class='ocrx_word' id='word_1_233' title='bbox 586 2053 807 2096; x_wconf 89' lang='lat' dir='ltr'>Intendite</span> <span class='ocrx_word' id='word_1_234' title='bbox 837 2053 985 2108; x_wconf 87' lang='lat' dir='ltr'>vobis,</span> <span class='ocrx_word' id='word_1_235' title='bbox 1025 2053 1189 2112; x_wconf 86' lang='lat' dir='ltr'>diligite</span> <span class='ocrx_word' id='word_1_236' title='bbox 1221 2055 1333 2100; x_wconf 83' lang='lat' dir='ltr'>illos.</span> <span class='ocrx_word' id='word_1_237' title='bbox 1371 2055 1501 2101; x_wconf 88' lang='lat' dir='ltr'>Nullo</span> 
     </span>
     <span class='ocr_line' id='line_1_29' title="bbox 119 2122 1503 2184; baseline 0.003 -18"><span class='ocrx_word' id='word_1_238' title='bbox 119 2122 252 2167; x_wconf 90' lang='lat' dir='ltr'>modo</span> <span class='ocrx_word' id='word_1_239' title='bbox 284 2123 364 2166; x_wconf 86' lang='lat' dir='ltr'>tibi</span> <span class='ocrx_word' id='word_1_240' title='bbox 387 2132 534 2181; x_wconf 89' lang='lat' dir='ltr'>potest</span> <span class='ocrx_word' id='word_1_241' title='bbox 555 2138 709 2167; x_wconf 83' lang='lat' dir='ltr'>nocere</span> <span class='ocrx_word' id='word_1_242' title='bbox 732 2123 911 2167; x_wconf 83' lang='lat' dir='ltr'>saeviens</span> <span class='ocrx_word' id='word_1_243' title='bbox 932 2123 1153 2180; x_wconf 89' lang='lat' dir='ltr'>inimicus,</span> <span class='ocrx_word' id='word_1_244' title='bbox 1188 2135 1400 2184; x_wconf 87' lang='lat' dir='ltr'>quantum</span> <span class='ocrx_word' id='word_1_245' title='bbox 1424 2126 1503 2170; x_wconf 85' lang='lat' dir='ltr'>tibi</span> 
     </span>
     <span class='ocr_line' id='line_1_30' title="bbox 121 2192 1504 2255; baseline 0.004 -21"><span class='ocrx_word' id='word_1_246' title='bbox 121 2207 277 2245; x_wconf 81' lang='lat' dir='ltr'>noces,</span> <span class='ocrx_word' id='word_1_247' title='bbox 302 2192 336 2235; x_wconf 92' lang='lat' dir='ltr'>si</span> <span class='ocrx_word' id='word_1_248' title='bbox 358 2207 447 2236; x_wconf 91' lang='lat' dir='ltr'>non</span> <span class='ocrx_word' id='word_1_249' title='bbox 479 2192 619 2250; x_wconf 79' lang='lat' dir='ltr'>diligis</span> <span class='ocrx_word' id='word_1_250' title='bbox 647 2192 889 2236; x_wconf 84' lang='lat' dir='ltr'>inimicum.</span> <span class='ocrx_word' id='word_1_251' title='bbox 931 2192 1011 2237; x_wconf 92' lang='lat' dir='ltr'>Ille</span> <span class='ocrx_word' id='word_1_252' title='bbox 1038 2194 1153 2238; x_wconf 90' lang='lat' dir='ltr'>enim</span> <span class='ocrx_word' id='word_1_253' title='bbox 1185 2210 1341 2240; x_wconf 84' lang='lat' dir='ltr'>nocere</span> <span class='ocrx_word' id='word_1_254' title='bbox 1363 2205 1504 2255; x_wconf 86' lang='lat' dir='ltr'>potest</span> 
     </span>
     <span class='ocr_line' id='line_1_31' title="bbox 122 2261 1503 2322; baseline 0.003 -15"><span class='ocrx_word' id='word_1_255' title='bbox 122 2272 198 2307; x_wconf 89' lang='lat' dir='ltr'>aut</span> <span class='ocrx_word' id='word_1_256' title='bbox 219 2261 334 2307; x_wconf 89' lang='lat' dir='ltr'>villae</span> <span class='ocrx_word' id='word_1_257' title='bbox 350 2271 438 2306; x_wconf 84' lang='lat' dir='ltr'>tuae</span> <span class='ocrx_word' id='word_1_258' title='bbox 454 2297 464 2316; x_wconf 96' lang='lat'>,</span> <span class='ocrx_word' id='word_1_259' title='bbox 491 2272 564 2306; x_wconf 88' lang='lat' dir='ltr'>aut</span> <span class='ocrx_word' id='word_1_260' title='bbox 581 2264 727 2322; x_wconf 87' lang='lat' dir='ltr'>pecori</span> <span class='ocrx_word' id='word_1_261' title='bbox 749 2272 826 2308; x_wconf 89' lang='lat' dir='ltr'>tuo</span> <span class='ocrx_word' id='word_1_262' title='bbox 842 2298 853 2319; x_wconf 90' lang='lat'>,</span> <span class='ocrx_word' id='word_1_263' title='bbox 875 2272 949 2308; x_wconf 83' lang='lat' dir='ltr'>aut</span> <span class='ocrx_word' id='word_1_264' title='bbox 974 2263 1123 2308; x_wconf 90' lang='lat' dir='ltr'>domui</span> <span class='ocrx_word' id='word_1_265' title='bbox 1141 2274 1229 2310; x_wconf 85' lang='lat' dir='ltr'>tuae</span> <span class='ocrx_word' id='word_1_266' title='bbox 1244 2302 1254 2321; x_wconf 85' lang='lat'>,</span> <span class='ocrx_word' id='word_1_267' title='bbox 1282 2276 1356 2310; x_wconf 85' lang='lat' dir='ltr'>aut</span> <span class='ocrx_word' id='word_1_268' title='bbox 1381 2283 1503 2311; x_wconf 89' lang='lat' dir='ltr'>servo</span> 
     </span>
     <span class='ocr_line' id='line_1_32' title="bbox 122 2333 1498 2395; baseline 0.003 -18"><span class='ocrx_word' id='word_1_269' title='bbox 122 2342 200 2378; x_wconf 93' lang='lat' dir='ltr'>tuo</span> <span class='ocrx_word' id='word_1_270' title='bbox 214 2368 225 2387; x_wconf 92' lang='lat'>,</span> <span class='ocrx_word' id='word_1_271' title='bbox 252 2342 327 2377; x_wconf 92' lang='lat' dir='ltr'>aut</span> <span class='ocrx_word' id='word_1_272' title='bbox 349 2333 515 2377; x_wconf 84' lang='lat' dir='ltr'>ancillae</span> <span class='ocrx_word' id='word_1_273' title='bbox 530 2342 633 2389; x_wconf 74' lang='lat' dir='ltr'>tuae,</span> <span class='ocrx_word' id='word_1_274' title='bbox 649 2343 724 2379; x_wconf 90' lang='lat' dir='ltr'>aut</span> <span class='ocrx_word' id='word_1_275' title='bbox 740 2334 830 2379; x_wconf 89' lang='lat' dir='ltr'>filio</span> <span class='ocrx_word' id='word_1_276' title='bbox 852 2344 928 2379; x_wconf 91' lang='lat' dir='ltr'>tuo</span> <span class='ocrx_word' id='word_1_277' title='bbox 944 2370 954 2389; x_wconf 92' lang='lat'>,</span> <span class='ocrx_word' id='word_1_278' title='bbox 981 2345 1054 2379; x_wconf 91' lang='lat' dir='ltr'>aut</span> <span class='ocrx_word' id='word_1_279' title='bbox 1077 2337 1251 2395; x_wconf 82' lang='lat' dir='ltr'>conjugi</span> <span class='ocrx_word' id='word_1_280' title='bbox 1274 2346 1383 2394; x_wconf 67' lang='lat' dir='ltr'>tuae,</span> <span class='ocrx_word' id='word_1_281' title='bbox 1409 2347 1498 2393; x_wconf 82' lang='lat' dir='ltr'>aut,</span> 
     </span>
     <span class='ocr_line' id='line_1_33' title="bbox 123 2402 1506 2464; baseline 0.003 -18"><span class='ocrx_word' id='word_1_282' title='bbox 123 2413 174 2447; x_wconf 90' lang='lat' dir='ltr'>ut</span> <span class='ocrx_word' id='word_1_283' title='bbox 194 2402 406 2458; x_wconf 89' lang='lat' dir='ltr'>multum,</span> <span class='ocrx_word' id='word_1_284' title='bbox 437 2403 471 2447; x_wconf 89' lang='lat' dir='ltr'>si</span> <span class='ocrx_word' id='word_1_285' title='bbox 492 2402 555 2446; x_wconf 87' lang='lat' dir='ltr'>illi</span> <span class='ocrx_word' id='word_1_286' title='bbox 581 2402 680 2448; x_wconf 88' lang='lat' dir='ltr'>data</span> <span class='ocrx_word' id='word_1_287' title='bbox 697 2404 830 2448; x_wconf 86' lang='lat' dir='ltr'>fuerit</span> <span class='ocrx_word' id='word_1_288' title='bbox 851 2414 1066 2464; x_wconf 76' lang='lat' dir='ltr'>potestas,</span> <span class='ocrx_word' id='word_1_289' title='bbox 1091 2406 1209 2450; x_wconf 86' lang='lat' dir='ltr'>carni</span> <span class='ocrx_word' id='word_1_290' title='bbox 1233 2409 1346 2452; x_wconf 83' lang='lat' dir='ltr'>tuae?</span> <span class='ocrx_word' id='word_1_291' title='bbox 1366 2410 1506 2454; x_wconf 90' lang='lat' dir='ltr'>Num-</span> 
     </span>
     <span class='ocr_line' id='line_1_34' title="bbox 125 2464 1502 2533; baseline 0.004 -17"><span class='ocrx_word' id='word_1_292' title='bbox 125 2471 234 2532; x_wconf 89' lang='lat' dir='ltr'>quid</span> <span class='ocrx_word' id='word_1_293' title='bbox 255 2473 477 2533; x_wconf 87' lang='lat' dir='ltr'>quomodo</span> <span class='ocrx_word' id='word_1_294' title='bbox 496 2481 570 2527; x_wconf 90' lang='lat' dir='ltr'>tu,</span> <span class='ocrx_word' id='word_1_295' title='bbox 600 2464 892 2518; x_wconf 78' lang='lat' dir='ltr'>animaetuae?</span> <span class='ocrx_word' id='word_1_296' title='bbox 919 2474 1150 2519; x_wconf 81' lang='lat' dir='ltr'>Extendite</span> <span class='ocrx_word' id='word_1_297' title='bbox 1189 2491 1264 2521; x_wconf 87' lang='lat' dir='ltr'>vos</span> <span class='ocrx_word' id='word_1_298' title='bbox 1297 2478 1352 2522; x_wconf 89' lang='lat' dir='ltr'>ad</span> <span class='ocrx_word' id='word_1_299' title='bbox 1379 2478 1502 2522; x_wconf 82' lang='lat' dir='ltr'>istam</span> 
     </span>
     <span class='ocr_line' id='line_1_35' title="bbox 125 2541 1502 2606; baseline 0.004 -20"><span class='ocrx_word' id='word_1_300' title='bbox 125 2541 451 2602; x_wconf 84' lang='lat' dir='ltr'>perfectionem,</span> <span class='ocrx_word' id='word_1_301' title='bbox 476 2544 724 2599; x_wconf 85' lang='lat' dir='ltr'>charissimi,</span> <span class='ocrx_word' id='word_1_302' title='bbox 749 2545 951 2589; x_wconf 84' lang='lat' dir='ltr'>exhortor</span> <span class='ocrx_word' id='word_1_303' title='bbox 968 2560 1057 2590; x_wconf 89' lang='lat' dir='ltr'>vos.</span> <span class='ocrx_word' id='word_1_304' title='bbox 1083 2545 1167 2590; x_wconf 91' lang='lat' dir='ltr'>Sed</span> <span class='ocrx_word' id='word_1_305' title='bbox 1184 2547 1398 2606; x_wconf 84' lang='lat' dir='ltr'>numquid</span> <span class='ocrx_word' id='word_1_306' title='bbox 1423 2563 1502 2605; x_wconf 74' lang='lat' dir='ltr'>ego</span> 
     </span>
    </p>
   </div>
  </div>
 </body>
</html>
