1898 3178
352 250 489 277 suamc
521 249 646 287 XLVI,
682 250 734 275 m:
768 249 1014 277 Pas'ronuws
1047 250 1091 277 m
1124 250 1270 276 Ezucn.
1475 239 1499 276 5

126 329 214 373 quo
236 322 392 358 cuncta
423 312 696 358 adducantur
718 314 761 357 in
779 313 1037 373 judicium¹.
1052 317 1109 358 Et
1138 313 1210 357 ille
1231 313 1321 357 dies
1339 348 1350 368 ,
1375 314 1409 358 si
1425 328 1500 358 sae-

65 407 68 409 >
127 383 226 428 culo
246 384 374 441 longe
396 391 473 438 est,
497 384 734 443 unicuique
755 384 922 428 homini
939 386 1038 428 vitae
1059 400 1148 429 suae
1168 383 1346 428 ultimus
1368 399 1502 443 prope

127 462 203 497 est.
240 456 402 496 Tamen
423 461 659 512 utrumque
680 455 814 497 latere
835 456 950 497 Deus
966 452 1129 509 voluit,
1156 463 1199 499 et
1228 454 1404 514 quando
1424 468 1503 499 ve-

127 523 218 566 niat
239 523 334 566 finis
354 522 517 576 saeculi,
542 532 587 566 et
603 522 779 582 quando
801 523 855 567 sit
878 524 924 566 in
946 539 1212 584 unoquoque
1232 524 1409 568 homine
1425 524 1504 567 hu-

121 592 191 652 jus
210 593 311 637 vitae
327 593 438 636 finis.
457 593 530 636 Vis
551 607 641 637 non
662 593 814 637 timere
836 593 952 636 diem
975 593 1226 639 occultum?
1245 598 1358 638 Dum
1378 608 1504 638 vene-

126 662 202 717 rit,
223 663 413 706 inveniat
432 671 474 706 te
495 671 710 721 paratum.
728 665 840 707 Cum
863 678 965 721 ergo
982 664 1202 722 praepositi
1224 663 1278 708 ad
1300 665 1383 708 hoc
1399 664 1501 718 sint,

126 731 256 775 uthis
273 732 348 790 qui
369 725 552 791 subjecti
576 742 677 776 sunt
702 732 960 789 consulant3
983 748 1073 777 non
1101 734 1147 776 in
1173 748 1225 777 eo
1247 732 1367 793 quod
1391 748 1504 792 prae-

125 810 247 855 sunt,
273 802 451 845 omnino
474 801 704 846 utilitatem
726 818 846 846 suam
869 801 1215 857 attendant,.sed
1232 818 1384 847 eorum
1406 804 1505 862 qui-

126 872 207 915 bus
229 872 489 915 ministrant.
527 873 730 932 Quisquis
760 873 819 916 ita
848 875 1102 932 praepositus
1142 883 1231 927 est,
1266 883 1316 918 ut
1353 874 1400 917 in
1422 888 1501 928 eo,

125 941 242 1001 quod
266 942 520 1000 praepositus
542 952 621 998 est,
639 943 842 1002 gaudeat,
867 952 911 987 et
935 943 1145 988 honorem
1167 959 1295 988 suum
1317 954 1501 1003 quaerat,

125 1021 167 1054 et
189 1012 416 1055 commoda
456 1028 531 1056 sua
563 1012 650 1057 sola
678 1013 898 1072 respiciat,
931 1029 974 1057 se
997 1015 1151 1073 pascit,
1178 1030 1267 1058 non
1296 1029 1410 1058 oves.
1437 1014 1507 1058 Ad

124 1081 203 1124 hos
224 1096 362 1124 sermo
392 1080 608 1139 dirigitur.
630 1083 792 1126 Audite
823 1092 1032 1142 tanquam
1055 1098 1155 1127 oves
1174 1083 1249 1127 Dei
1267 1118 1276 1136 ‚
1298 1092 1342 1126 et
1362 1081 1506 1126 videte

124 1149 495 1209 quemadmodum
516 1166 592 1194 vos
614 1166 786 1195 securos
819 1151 968 1194 fecerit
991 1155 1103 1194 Deus
1132 1172 1141 1195 :
1167 1151 1507 1210 qualescumque

124 1220 208 1262 sint
231 1219 304 1277 qui
322 1219 444 1261 vobis
465 1228 679 1276 praesunt,
703 1219 747 1261 id
770 1229 858 1273 est,
889 1219 1228 1278 qualescumque
1251 1235 1327 1263 nos
1349 1221 1504 1277 simus3

123 1289 244 1333 vobis
267 1291 539 1332 securitatem
557 1288 704 1343 dedit,
726 1290 802 1348 qui
820 1290 955 1347 pascit
978 1289 1123 1334 Israel.
1155 1292 1264 1335 Nam
1287 1293 1400 1334 Deus
1416 1306 1505 1335 non

123 1360 279 1403 descrit
302 1374 400 1402 oves
419 1374 514 1402 suas
531 1379 541 1415 3
559 1368 601 1403 et
618 1359 720 1402 mali
739 1369 928 1418 pastores
945 1375 1095 1419 poenas
1112 1360 1280 1405 debitas
1303 1360 1441 1416 luent,
1463 1370 1505 1407 et

127 1444 226 1473 oves
244 1429 452 1488 promissa
474 1429 728 1488 percipient.

183 1502 262 1542 III.
300 1499 534 1542 Videamus
559 1514 660 1557 ergo
688 1500 795 1560 quid
827 1500 1075 1559 alloquatur
1102 1510 1293 1560 pastores
1325 1517 1369 1546 se
1391 1502 1506 1561 ipsos

122 1578 369 1628 pascentes,
409 1584 499 1612 non
527 1585 648 1625 oves,
685 1586 825 1615 sermo
853 1570 1026 1615 divinus
1058 1572 1279 1615 neminem
1306 1572 1502 1631 palpans.

127 1658 147 1681 «
181 1642 293 1682 Eece
314 1638 381 1683 lac
403 1640 655 1683 consumitis
674 1675 685 1694 ,
716 1649 758 1684 et
780 1639 888 1684 lanis
909 1655 985 1684 vos
1008 1641 1172 1699 tegitis,
1197 1651 1242 1685 et
1257 1642 1377 1700 quod
1396 1657 1506 1686 cras-

127 1726 148 1748 »
185 1722 280 1751 sum
303 1718 366 1751 cst
397 1703 662 1762 interficitis,
698 1718 740 1753 et
762 1724 862 1753 oves
883 1725 999 1753 meas
1036 1726 1125 1754 non
1153 1711 1325 1769 pascitis
1349 1731 1356 1755 2
1383 1712 1503 1770 quod

125 1795 146 1818 »
181 1777 447 1820 infirmatum
464 1786 544 1830 est,
562 1793 651 1821 non
670 1777 943 1822 confortastis
960 1800 970 1836 3
987 1789 1030 1823 et
1050 1779 1171 1838 quod
1187 1789 1399 1837 aegrotum
1422 1790 1501 1836 est,

180 1862 270 1890 non
291 1847 599 1891 corroborastis
619 1868 630 1904 3
656 1856 698 1891 et
720 1848 839 1907 quod
853 1840 1195 1893 contribulatum
1213 1859 1291 1903 est,
1313 1866 1398 1893 non
1414 1850 1506 1893 col-

180 1915 338 1973 ligastis
360 1937 370 1971 3
394 1925 436 1959 et
458 1917 579 1975 quod
600 1917 796 1972 errabat,
827 1933 916 1961 non
940 1919 1169 1962 revocastis
1189 1939 1201 1975 3
1223 1929 1266 1962 et
1287 1920 1406 1978 quod
1426 1936 1504 1978 pe-

126 2003 146 2026 »
181 1986 276 2038 riu,
301 2000 391 2028 non
409 1985 644 2044 inquisistis
662 2007 673 2042 3
693 1995 736 2030 et
757 1987 877 2046 quod
899 1987 1012 2031 forte
1034 1986 1133 2041 fuit,
1154 1986 1399 2032 confecistis
1426 2008 1434 2033 ε
1462 1999 1505 2034 et

126 2072 146 2095 »
181 2053 382 2112 dispersae
399 2063 500 2098 sunt
518 2070 617 2098 oves
639 2071 771 2110 meae,
796 2071 848 2100 eo
869 2056 990 2116 quod
1012 2073 1101 2101 non
1117 2058 1171 2102 sit
1192 2062 1408 2116 pastor'2.»
1437 2060 1505 2102 Di-

124 2125 234 2168 citur
250 2125 296 2167 in
319 2134 508 2183 pastores
529 2133 753 2182 pascentes
776 2127 1048 2182 semetipsos,
1069 2142 1159 2169 non
1183 2143 1284 2169 oves
1298 2160 1308 2180 ‚
1334 2129 1410 2185 qui
1433 2128 1501 2171 di-

124 2193 261 2252 ligant
277 2228 288 2246 ,
313 2193 419 2252 quid
436 2193 673 2251 negligant.
697 2192 814 2246 Quid
834 2208 936 2251 ergo
957 2192 1174 2251 diligunt?
1200 2213 1220 2235 «
1245 2197 1330 2238 Lac
1347 2211 1505 2240 consu-

127 2282 147 2304 »
183 2263 321 2318 mitis,
362 2273 405 2307 et
433 2263 540 2307 lanis
570 2279 645 2308 vos
672 2263 829 2321 tegitis.
858 2281 879 2304 »
906 2267 1087 2322 Propter
1114 2264 1234 2323 quod
1272 2267 1504 2325 Apostolus

126 2332 229 2376 dicit
253 2352 262 2377 2
293 2333 438 2385 «Quis
459 2332 628 2391 plantat
656 2333 847 2387 vineam,
878 2342 921 2377 et
942 2332 996 2376 de
1029 2333 1176 2377 fructu
1198 2335 1288 2394 ejus
1316 2351 1404 2380 non
1428 2353 1502 2380 su-

129 2421 150 2444 »
184 2403 295 2446 mit?
312 2403 417 2455 Quis
445 2403 579 2461 pascit
601 2417 770 2461 gregem
785 2437 796 2457 ‚
821 2411 864 2447 et
887 2403 940 2446 de
962 2403 1072 2447 lacte
1094 2404 1230 2461 gregis
1250 2420 1339 2449 non
1360 2407 1503 2464 perci-

129 2489 150 2513 »
180 2472 245 2530 pit
257 2472 298 2515 3?
310 2490 329 2512 »
342 2473 593 2516 Invenimur
610 2487 712 2530 ergo
733 2487 823 2515 esse
838 2471 905 2516 lac
927 2473 1078 2530 gregis,
1096 2472 1313 2532 quidquid
1335 2490 1357 2518 a
1375 2475 1504 2533 plebe

171 2560 181 2574 ¹
204 2553 301 2585 Eccli.
323 2564 378 2594 xii,
402 2553 451 2595 14.
481 2569 522 2576 —-
541 2560 553 2575 ²
568 2554 685 2586 Ezech.
708 2564 818 2593 xxxiv,
835 2554 866 2594 3,
887 2553 918 2594 4
941 2570 980 2576 --
1001 2552 1014 2576 3
1036 2565 1047 2584 1
1065 2556 1136 2585 Cor.
1152 2566 1195 2595 lx,
1215 2566 1245 2596 7.

126 1865 136 1887 )

137 1865 146 1887 v

126 1934 136 1956 )

137 1934 146 1956 ν
