1898 3178
378 165 434 203 60
812 176 844 202 s.
881 170 1111 201 Auous‘rmi
1142 173 1323 202 Emscon

379 251 556 285 tuorum
583 259 591 284 z
619 248 745 284 tuum
778 237 942 284 factum
966 241 1173 297 attendo,
1208 238 1329 300 quod
1364 238 1467 284 foris
1498 253 1569 294 es,
1607 254 1756 298 arguo.

378 312 555 356 Exitum
577 319 701 355 tuum
725 325 873 368 arguo.
897 313 1074 354 Prorsus
1093 310 1238 354 omnia
1261 325 1478 364 remove0,
1504 325 1604 369 quae
1622 310 1667 354 in
1687 326 1763 355 vos

378 382 462 426 diei
483 391 679 441 possunt.
695 381 861 426 Omitto
883 381 1149 426 ebriositates
1170 391 1347 435 vestras,
1375 380 1522 425 foenus
1548 390 1591 425 et
1612 396 1762 426 usuras

377 468 506 511 super
527 468 678 496 usuras
696 472 707 509 3
732 451 887 496 omitto
908 466 1054 510 greges
1076 461 1120 496 et
1153 451 1285 496 furias
1311 451 1727 497 Circumcellionum
1749 470 1761 497 z

377 523 530 567 omitto
551 523 645 566 haec
675 522 846 577 omnia,
878 531 923 566 et
949 537 1241 582 quaecumque
1271 521 1352 565 alia
1378 536 1478 581 quae
1506 536 1763 565 enumerare

375 609 463 637 non
487 607 676 652 possum.
702 595 799 638 Non
828 608 977 638 omnes
999 593 1112 638 forte
1143 592 1260 652 apud
1279 607 1354 636 vos
1371 592 1452 636 ista
1473 590 1655 636 faciunt.
1684 590 1764 636 Ille

376 664 452 724 qui
473 664 535 707 ibi
555 664 633 708 ista
652 679 742 708 non
757 663 877 719 facit,
894 664 966 708 ille
983 666 1053 709 cui
1069 664 1301 724 displicent
1322 664 1401 707 ista
1424 679 1524 723 quae
1541 663 1604 706 ibi
1625 663 1762 721 fiunt3

375 735 464 794 ipse
486 749 588 794 ergo
619 735 817 789 accedat,
842 735 932 793 ipse
960 734 1166 795 loquatur
1193 754 1201 779 :
1233 749 1322 778 non
1344 733 1382 777 ei
1414 734 1573 793 objicio
1595 734 1763 778 crimen

375 805 565 848 alienum
579 839 589 859 ,
609 804 759 849 abluat
772 805 934 849 exitum
949 820 1092 849 suum.
1109 805 1242 849 Vides
1255 804 1358 865 quia
1372 813 1488 848 recte
1502 802 1566 847 illi
1581 802 1761 848 dicitur:

380 896 396 915 «
426 876 561 920 Filius
579 875 717 920 malus
740 876 828 933 ipse
850 892 893 920 se
905 877 1073 936 justum
1088 875 1244 920 dicit.»
1271 874 1482 920 Dominus
1504 874 1620 918 enim
1640 875 1762 930 dicit,

374 948 449 1007 qui
469 961 615 990 verum
636 945 739 990 dicit
763 965 771 991 ε
793 946 959 991 «Filius
980 945 1116 990 malus
1137 946 1228 1005 ipse
1249 961 1292 989 se
1304 947 1472 1006 justum
1495 944 1617 990 dicit.
1632 947 1765 989 »Non

374 1033 452 1074 ego
471 1053 481 1071 ,
502 1018 577 1061 sed
599 1018 703 1076 ipse.
731 1017 773 1062 Si
795 1017 890 1062 vult
904 1027 954 1062 ut
975 1033 1056 1076 ego
1075 1017 1214 1062 dicam
1233 1018 1418 1077 justum,
1438 1017 1600 1071 veniat,
1626 1016 1765 1061 bonos

375 1089 544 1132 fructus
562 1089 607 1130 in
625 1088 837 1131 catholica
855 1103 959 1146 pace
980 1089 1155 1142 afferat,
1183 1088 1228 1131 in
1255 1087 1466 1132 catholica
1489 1102 1594 1146 pace
1616 1096 1766 1131 custo-

372 1156 460 1200 diat
483 1177 491 1201 :
517 1157 618 1216 quia
645 1166 687 1200 et
710 1156 877 1200 fructus
900 1172 989 1200 non
1007 1166 1086 1210 est,
1107 1156 1185 1200 ubi
1204 1171 1292 1200 non
1316 1165 1380 1200 est
1402 1156 1647 1200 tolerantia.
1670 1159 1766 1200 «Et

377 1246 395 1269 n
432 1227 624 1271 fructum
641 1262 653 1281 ,
691 1228 860 1287 inquit,
886 1227 1072 1271 afferent
1108 1241 1209 1270 cum
1232 1226 1459 1270 tolerantia
1480 1228 1510 1269 ¹.
1540 1245 1559 1267 »
1587 1226 1661 1270 Vis
1699 1226 1766 1270 vi-

372 1314 472 1343 vere
493 1297 866 1357 quemadmodum
888 1298 1167 1355 grandinatus
1189 1297 1277 1341 sis?
1300 1296 1416 1341 Audi
1442 1312 1493 1341 ex
1519 1296 1603 1341 alio
1625 1295 1723 1341 loco
1750 1316 1759 1342 ε

376 1388 396 1410 α
432 1371 508 1411 Vae
535 1369 601 1412 his
616 1368 691 1427 qui
710 1367 995 1427 perdiderunt
1017 1367 1294 1411 tolerantiam
1311 1370 1342 1410 ².
1368 1385 1388 1408 »

409 1441 574 1483 XVIII.
586 1438 720 1498 Modo
729 1438 918 1498 aliquem
931 1447 1082 1498 putate
1090 1438 1295 1495 cogitare,
1308 1437 1408 1496 quia
1421 1446 1463 1481 et
1472 1452 1586 1496 saepe
1596 1439 1766 1482 contin-

374 1510 433 1568 git
446 1507 459 1564 ,'
481 1509 557 1553 ubi
579 1509 634 1553 sit
647 1508 932 1553 Christianus.
953 1511 1099 1552 Motus
1121 1516 1205 1561 est,
1227 1515 1277 1551 ut
1298 1507 1353 1551 sit
1382 1507 1677 1562 Christianus,
1702 1518 1766 1553 at-

372 1579 512 1622 tendit
545 1579 590 1622 in
627 1593 787 1622 nomen
813 1578 974 1623 Christi
1009 1592 1267 1622 concurrere
1297 1592 1433 1635 genus
1473 1577 1717 1621 humanum
1750 1597 1760 1622 z

373 1648 492 1693 nulla
528 1648 754 1707 temporali
783 1649 1002 1707 proposita
1031 1646 1341 1692 commoditate
1369 1647 1465 1692 vult
1498 1662 1588 1692 esse
1615 1648 1764 1693 Chris-

375 1720 542 1774 tianus,
577 1734 667 1763 non
700 1728 750 1762 ut
783 1720 992 1778 Majorem
1025 1720 1212 1763 amicum
1241 1718 1470 1774 conciliet,
1505 1734 1596 1764 non
1629 1728 1679 1764 ut
1707 1720 1762 1764 ad

371 1791 649 1849 concupitam
665 1805 845 1834 uxorem
864 1790 1087 1849 perveniat
1100 1825 1110 1844 ‚
1132 1805 1221 1834 non
1240 1799 1288 1833 ut
1305 1788 1494 1849 aliquam
1514 1804 1759 1848 pressuram

372 1862 503 1919 hujus
517 1860 663 1904 saeculi
682 1860 862 1904 evadat:
889 1876 1141 1920 quanquam
1165 1861 1292 1904 multi
1310 1860 1437 1903 etiam
1467 1860 1526 1905 sic
1549 1860 1760 1906 intrantes

372 1932 651 1989 corriguntur
671 1931 866 1990 ingressi.
895 1930 979 1976 Sed
994 1931 1202 1976 faciamus
1219 1930 1408 1991 aliquem
1426 1931 1690 1990 cogitantem
1705 1932 1760 1976 de

373 2002 514 2045 anima
536 2017 637 2055 sua,
663 2011 705 2045 et
726 2001 946 2045 volentem
977 2016 1067 2044 esse
1095 2001 1390 2046 Christianum
1418 2020 1426 2046 :
1458 2001 1646 2047 attendit
1680 2002 1756 2046 ubi

372 2071 478 2115 duas
501 2081 642 2131 partes
665 2072 782 2115 videt
801 2106 811 2125 ,
837 2072 992 2130 quaerit
1010 2086 1158 2116 causas
1173 2106 1183 2126 ,
1209 2087 1343 2131 quare
1358 2087 1402 2115 se
1431 2071 1495 2115 illi
1514 2072 1569 2115 ab
1588 2072 1670 2116 illis
1690 2088 1758 2118 se-

372 2151 649 2200 paraverunt.
686 2141 970 2200 Respondent
996 2140 1082 2195 illi,
1109 2140 1409 2200 Separavimus
1437 2157 1515 2186 nos
1548 2151 1755 2202 tanquam

365 2212 470 2270 justi
492 2227 514 2255 a
536 2212 848 2271 peccatoribus.
875 2211 1005 2264 Quasi
1027 2226 1130 2256 vero
1153 2227 1269 2255 caeco
1298 2211 1538 2272 loquantur
1559 2211 1756 2257 audienti

372 2282 480 2340 quid
500 2282 647 2327 dicant
663 2317 673 2335 ,
701 2298 789 2326 non
812 2281 978 2335 videnti
1001 2281 1107 2341 quid
1132 2292 1275 2340 agant.
1300 2283 1342 2326 Si
1360 2283 1507 2342 itaque
1524 2283 1754 2342 inspiciens

371 2366 512 2395 mores
525 2353 716 2410 ipsorum
729 2388 739 2406 ,
757 2361 800 2396 et
816 2367 864 2396 ea
886 2368 985 2412 quae
1001 2351 1130 2411 paulo
1145 2361 1244 2396 ante
1257 2353 1616 2408 commemoravi,
1637 2352 1752 2398 dicat

374 2420 454 2465 illis
470 2456 480 2476 ‚
504 2424 624 2479 Rogo
647 2439 743 2478 vos,
763 2425 901 2482 justos
922 2438 997 2467 vos
1019 2421 1185 2479 dicitis,
1211 2432 1254 2469 et
1275 2423 1373 2469 ideo
1395 2439 1470 2470 vos
1487 2433 1602 2468 recte
1623 2439 1750 2483 sepa-

422 2514 430 2530 ¹
450 2509 526 2540 Luc.
545 2518 622 2550 vin,
645 2509 696 2541 15.
716 2525 756 2532 —
772 2516 784 2532 ²
804 2509 956 2551 Eccli.11‚
978 2510 1028 2542 16.
