1898 3178
344 202 480 229 SERMO
512 200 632 238 Lxx1‚
669 201 721 226 DE
755 199 900 228 vmzms
931 198 1096 227 MATTH.
1131 199 1206 225 xn.
1371 189 1453 227 303

81 283 101 306 »
137 265 370 323 praedicare
387 274 430 309 et
452 264 618 308 dicere:
641 264 767 320 Agite
785 263 1086 323 poenitentiam
1103 297 1115 318 ‚
1133 263 1457 322 appropinqua-

81 353 101 376 »
135 335 198 380 vit
213 336 328 380 enim
346 350 527 392 regnum
551 333 805 378 coelorum1.
834 354 854 376 »
875 336 947 379 Ait
969 344 1112 379 autem
1130 337 1318 379 Joannes
1345 335 1458 378 inter

78 413 233 450 caetera
255 439 267 461 ‚
289 420 387 465 quae
408 404 579 448 locutus
610 413 674 448 est
695 403 750 447 ad
772 419 844 448 eos
876 405 952 464 qui
972 414 1187 450 venerunt
1201 439 1212 460 ‚
1238 413 1289 448 ut
1309 403 1365 447 ab
1383 403 1459 448 illo

78 475 427 537 baptizarentur²
461 494 469 519 :
499 494 520 517 «
553 477 645 532 Ego
673 474 852 534 quidem
885 491 960 520 vos
994 476 1168 535 baptizo
1197 475 1243 519 in
1277 490 1389 535 aqua
1412 475 1459 519 in

82 565 102 590 ι)
137 546 442 606 poenitentiam
469 562 477 587 :
503 545 579 606 qui
596 555 741 590 autem
761 555 971 590 venturus
993 555 1058 590 est
1076 555 1174 606 post
1187 561 1281 601 me,
1305 544 1460 590 fortior

78 635 99 659 »
133 632 203 661 me
220 626 299 672 est,
315 618 383 677 cuj
391 633 439 660 us
453 632 543 661 non
559 631 654 660 sum
672 615 830 675 dignus
845 615 1132 660 calceamenta
1150 625 1344 675 portare3
1368 616 1459 676 ipse

78 705 98 730 »
131 703 207 733 vos
229 688 467 748 baptizabit
495 688 541 731 in
564 687 726 747 Spiritu
748 696 897 732 sancto
926 697 969 731 et
1004 687 1138 745 igni3.
1168 706 1188 728 »
1210 687 1282 731 Ait
1302 696 1344 732 et
1371 691 1460 732 Do-

74 757 218 801 minus
247 777 256 802 :
282 776 301 799 «
336 760 525 801 ,Ioannes
562 757 740 816 quidem
770 756 1004 816 baptizavit
1033 772 1144 816 aqua
1177 776 1185 801 :
1211 773 1286 802 vos
1314 766 1459 802 autem

77 845 98 870 »
132 828 459 888 baptizabimini
485 828 647 887 Spiritu
660 836 830 883 sancto,
858 843 990 888 quem
1005 828 1223 887 accepturi
1243 829 1340 873 estis
1370 843 1459 872 non

77 917 98 940 »
131 907 229 959 post
245 899 405 943 multos
425 899 504 943 hos
532 898 624 942 dies
639 934 650 954 ‚
674 914 812 958 usque
834 898 888 943 ad
922 902 1208 943 Pentecosten
1225 900 1257 942 4.
1285 918 1305 940 »
1331 897 1460 952 Quod

75 978 220 1013 autem
239 969 345 1014 dixit
362 972 551 1013 Joannes
579 988 587 1013 :
617 988 637 1010 «
660 972 717 1013 Et
738 969 854 1027 igni,
883 969 1115 1028 »quamvis
1130 970 1263 1028 possit
1278 967 1460 1026 intelligi

74 1048 117 1084 et
137 1039 379 1094 tribulatio,
400 1055 532 1099 quam
557 1055 636 1098 pro
667 1039 842 1083 nomine
864 1040 1022 1084 Christi
1040 1039 1265 1084 credentes
1286 1038 1460 1083 fuerant

71 1111 315 1170 perpessuri
333 1131 344 1167 3
370 1120 514 1154 tamen
539 1125 630 1154 non
648 1110 702 1154 ab
721 1125 766 1153 re
786 1119 870 1164 est,
888 1109 1090 1153 eumdem
1110 1110 1318 1169 Spiritum
1331 1125 1459 1154 sanc-

72 1189 167 1225 tum
185 1181 312 1224 etiam
333 1180 508 1224 nomine
531 1180 639 1236 ignis
661 1180 949 1237 significatum
962 1179 1112 1223 videri.
1138 1183 1319 1239 Propter
1338 1179 1459 1240 quod

71 1250 183 1294 etin
209 1249 401 1294 adventu
422 1251 512 1308 ejus
546 1249 713 1293 dictum
741 1258 805 1293 est
829 1269 838 1294 :
865 1268 884 1291 «
908 1249 1022 1293 Visae
1049 1259 1151 1294 sunt
1182 1250 1266 1295 illis
1296 1250 1459 1310 linguae

75 1337 96 1361 »
133 1319 281 1364 divisae
297 1354 308 1374 ,
332 1319 454 1364 velut
476 1319 602 1377 ignis,
623 1319 698 1378 qui
713 1328 756 1363 et
771 1318 930 1363 insedit
948 1335 1077 1380 super
1098 1336 1459 1381 unumquemque

74 1407 95 1431 »
129 1405 281 1434 eorum
297 1391 329 1433 ⁵.
347 1407 368 1431 »
390 1388 503 1433 Hinc
517 1388 669 1448 etipse
690 1389 901 1433 Dominus
919 1389 977 1433 ait
999 1409 1008 1433 :
1029 1408 1049 1431 «
1069 1393 1221 1449 Ignem
1234 1392 1334 1435 veni
1357 1392 1460 1436 mit-

75 1476 96 1501 »
130 1468 221 1503 tere
232 1460 278 1503 in
291 1459 549 1503 mundumss.
573 1476 593 1499 »
611 1459 721 1503 Hinc
734 1468 777 1502 et
787 1458 1020 1518 Apostolus
1032 1460 1090 1503 ait
1112 1479 1120 1504 z
1146 1478 1165 1502 «
1187 1461 1350 1520 Spiritu
1370 1461 1460 1505 fer-

74 1547 96 1570 »
129 1530 306 1574 ventes⁷
325 1547 334 1572 :
360 1546 380 1569 »
401 1528 609 1588 quoniam
626 1528 729 1573 hinc
750 1527 890 1572 fervet
916 1530 1115 1573 charitas.
1145 1548 1165 1571 «
1187 1530 1459 1576 Diffunditur

74 1617 96 1642 »
130 1600 293 1659 quippe
319 1599 364 1644 in
386 1598 590 1643 cordibus
618 1599 773 1643 nostris
789 1615 867 1658 per
897 1600 1106 1658 Spiritum
1128 1610 1327 1645 sanctum
1346 1636 1357 1657 ‚
1382 1602 1459 1662 qui

75 1688 96 1711 »
131 1669 258 1714 datus
295 1678 358 1713 est
379 1669 595 1717 nobis³.„»
621 1669 705 1713 Cui
733 1668 893 1713 fervori
914 1670 1181 1714 contrarium
1213 1680 1301 1727 est,
1338 1672 1459 1732 quod

72 1740 281 1784 Dominus
303 1739 363 1783 ait
395 1758 404 1783 2
439 1758 460 1781 «
495 1738 760 1796 Refrigescet
796 1739 980 1783 charitas
1010 1739 1295 1785 multorum9.
1324 1760 1344 1783 »
1373 1743 1458 1787 Sed

73 1809 264 1869 perfecta
286 1809 470 1853 charitas
507 1808 752 1867 perfectum
787 1808 953 1853 donum
989 1819 1052 1853 est
1091 1810 1274 1870 Spiritus
1300 1813 1453 1857 sancti.

74 1879 198 1924 Prius
219 1888 283 1923 est
299 1887 443 1923 autem
459 1877 568 1922 illud
586 1878 706 1937 quod
720 1878 775 1922 ad
790 1879 1084 1924 remissionem
1098 1881 1286 1940 pertinet
1300 1898 1456 1942 pecca-

74 1957 219 1994 torum
247 1968 256 1993 :
279 1964 356 2008 per
379 1947 500 2008 quod
522 1948 785 1992 heneficium
810 1949 1003 1993 eruimur
1025 1948 1079 1993 de
1100 1959 1313 2009 potestate
1335 1962 1458 1997 tene-

74 2020 253 2064 brarum
268 2021 316 2074 ¹⁰,
334 2028 378 2063 et
393 2019 588 2078 princeps
600 2019 730 2079 hujus
743 2020 899 2064 mundi
916 2020 1102 2064 mittitur
1123 2019 1236 2066 foras
1257 2022 1344 2066 fide
1362 2039 1458 2068 nos-

75 2093 198 2146 tra¹¹‚
218 2091 294 2150 qui
308 2099 512 2150 operatur
528 2089 684 2133 insiliis
705 2089 972 2135 infidelitatis
989 2093 1046 2145 1²,
1071 2091 1192 2136 nulla
1213 2093 1256 2137 vi
1275 2093 1356 2138 alia
1377 2095 1457 2140 nisi

77 2161 280 2205 societate
308 2168 350 2203 et
377 2158 639 2216 obligatione
666 2161 847 2219 peccati.
880 2163 932 2204 In
957 2161 1118 2220 Spiritu
1140 2163 1255 2206 enim
1277 2173 1454 2221 sancto,

78 2245 166 2290 quo
183 2230 229 2274 in
253 2244 390 2273 unum
414 2228 491 2272 Dei
513 2228 700 2288 populus
735 2240 1045 2289 congregatur,
1082 2233 1250 2291 ejicitur
1282 2234 1456 2293 spiritus

78 2298 350 2354 immundus,
375 2298 514 2358 quiin
535 2313 579 2343 se
601 2300 744 2359 ipsum
761 2298 985 2345 dividitur.

132 2421 140 2437 ¹
157 2413 277 2446 Matth.
296 2424 342 2454 lv,
366 2424 416 2455 17.
435 2430 476 2436 —
495 2419 508 2436 2
531 2413 642 2445 Florus
658 2414 698 2446 ad
719 2416 809 2446 Rom.
830 2426 883 2447 ιιι.
907 2432 948 2437 --
969 2412 982 2437 3
1000 2415 1115 2449 Matth.
1139 2427 1187 2456 ιιι,
1208 2427 1260 2449 ιι.
1288 2434 1330 2441 -
1348 2415 1364 2447 4
1380 2421 1453 2465 Act:

79 2482 106 2510 1,
137 2469 168 2502 5.
189 2467 325 2501 -51d.
346 2479 382 2508 ιι,
401 2468 431 2500 3.
458 2485 499 2491 -
517 2467 532 2492 6
551 2470 630 2501 Luc.
650 2480 710 2508 111,
725 2469 781 2511 49.
801 2487 842 2492 -
858 2477 871 2503 7
890 2472 979 2502 Rom.
1001 2481 1054 2512 xli,
1080 2481 1129 2502 11.
1151 2488 1193 2494 --
1212 2470 1226 2494 8
1243 2473 1292 2504 Id.
1310 2484 1344 2514 v,
1366 2473 1397 2507 5.
1415 2488 1456 2499 -Α

82 2534 97 2556 9
113 2523 226 2558 Matth.
244 2535 333 2563 xxiv,
354 2532 406 2565 12,
421 2540 461 2547 —
482 2529 512 2547 ¹⁰
530 2523 648 2557 Coloss.
668 2535 692 2566 1,
712 2523 743 2557 3.
760 2541 801 2549 —
823 2531 850 2549 ¹¹
871 2527 961 2559 Joan.
984 2537 1041 2567 xu,
1060 2526 1113 2558 31.
1132 2543 1172 2549 —
1190 2533 1220 2551 ¹2
1239 2529 1354 2571 Ephes.
1369 2540 1405 2573 ιι,
1422 2539 1455 2563 2.
