1898 3178
388 193 406 228 1
417 191 468 228 88
818 200 849 226 s.
888 196 1117 225 Anous‘mm
1150 198 1330 226 Enscom

384 266 592 321 feceritis,
617 266 825 325 peribitis.
857 263 1044 317 Quando
1075 264 1275 309 inimicus
1298 266 1467 309 veniam
1497 267 1627 325 petit,
1660 282 1766 312 0011-

384 337 509 381 tinuo
544 336 785 380 dimittatis⁸
811 337 868 378 Et
889 335 973 379 hoc
995 334 1184 379 multum
1207 335 1261 380 ad
1290 339 1395 382 vos?
1419 336 1610 381 Multum
1639 337 1693 382 ad
1723 346 1765 382 te

382 416 495 461 erat,
528 407 753 450 inimicum
790 403 968 462 diligere
997 406 1244 450 saevientem
1271 426 1280 451 ι
1306 407 1492 451 multum
1529 407 1665 451 estad
1696 418 1761 463 te,

383 478 602 521 hominem
623 474 804 533 diligere
839 473 1188 534 supplicantem?
1208 477 1323 529 Quid
1358 477 1493 521 dicis?
1525 477 1761 533 Saeviebat‚

379 557 422 592 et
450 547 617 592 oderas.
645 545 821 590 Mallem
844 562 925 591 nec
948 556 1052 591 tunc
1078 546 1266 605 odisses3
1296 547 1472 592 mallem
1500 557 1631 604 tunc,
1662 564 1763 593 cum

379 619 624 661 saevientem
657 618 890 676 patereris,
922 619 1158 663 Dominum
1194 618 1480 663 recordareris
1513 619 1761 666 dicentem:

382 709 401 731 «
427 693 575 744 Pater,
600 688 776 748 ignosce
799 688 882 734 illis
898 725 908 745 ‚
925 690 1028 750 quia
1051 690 1250 735 nesciunt
1268 691 1377 750 quid
1394 688 1561 735 faciunt
1577 693 1609 736 ¹.
1632 693 1764 736 »Hoc

376 776 479 819 ergo
492 776 755 820 magnopere
769 760 941 817 vellem,
955 770 1005 806 ut
1015 761 1142 805 etiam
1160 776 1211 806 eo
1226 770 1439 820 tempore,
1456 776 1557 806 cum
1572 761 1619 805 in
1631 770 1674 806 te
1689 777 1766 806 sae·

375 832 521 876 viebat
558 831 779 886 inimicus,
817 832 1048 892 respiceres
1071 833 1306 876 Dominum
1341 835 1481 876 Deum
1517 840 1646 876 tuum
1683 833 1764 878 ista

375 901 608 947 dicentem.
638 902 723 948 Sed
744 902 857 947 forte
879 903 1074 948 dicturus
1096 918 1140 947 es
1165 920 1176 946 .·
1212 903 1335 947 Fecit
1354 902 1454 958 ille,
1493 901 1568 947 sed
1590 911 1641 947 ut
1677 906 1765 948 Do-

373 974 517 1018 minus
533 1009 543 1028 ,
564 974 667 1034 quia
688 974 908 1029 Christus,
939 974 1042 1034 quia
1065 974 1143 1018 Dei
1161 973 1298 1018 Filius
1314 1008 1324 1028 ‚
1355 973 1459 1033 quia
1487 973 1758 1032 Unigenitus‚

340 1044 475 1103 ,quia
512 1044 708 1088 Verbum
731 1059 831 1089 caro
854 1043 1034 1089 factum.
1080 1044 1198 1098 Quid
1234 1059 1313 1103 ego
1344 1045 1484 1090 malus
1521 1053 1565 1089 et
1599 1044 1762 1090 invali-

373 1113 453 1158 dus
486 1115 650 1159 homo?
675 1115 718 1159 Si
745 1114 933 1160 multum
957 1125 1020 1160 est
1054 1115 1109 1160 ad
1132 1124 1174 1160 te
1196 1116 1407 1161 Dominus
1437 1125 1561 1171 tuus,
1597 1116 1762 1173 cogite-

372 1195 443 1229 tur
466 1201 489 1229 a
511 1194 553 1229 te
575 1200 809 1230 conservus
831 1194 947 1230 tuus
974 1186 1219 1245 Stephanus
1241 1195 1415 1230 sanctus
1444 1184 1720 1245 lapidabatur
1745 1205 1756 1232 ι

371 1265 414 1300 et
426 1256 539 1300 inter
555 1255 720 1315 lapides
738 1270 853 1313 genu
874 1257 959 1300 fixo
976 1271 1056 1315 pro
1077 1256 1259 1301 inimicis
1278 1256 1445 1311 orabat,
1463 1265 1506 1300 et
1523 1256 1582 1300 ait
1603 1275 1612 1301 ε
1633 1275 1653 1298 «
1674 1259 1763 1301 Do-

373 1345 394 1368 »
430 1328 573 1383 mine,
619 1342 674 1371 ne
703 1335 865 1372 statuas
900 1325 983 1370 illis
1014 1327 1098 1372 hoc
1131 1336 1359 1386 peccatum
1378 1330 1410 1369 ².
1442 1344 1461 1368 »
1490 1326 1559 1370 Illi
1597 1326 1761 1385 lapides

370 1398 604 1443 mittebant
617 1433 628 1453 ,
654 1413 744 1442 non
761 1397 932 1442 veniam
953 1396 1252 1456 postulabant,
1269 1407 1312 1441 et
1328 1397 1401 1440 ille
1416 1412 1497 1456 pro
1516 1396 1575 1441 eis
1593 1396 1761 1442 orabat.

370 1469 516 1513 Talem
537 1478 580 1513 te
602 1485 691 1514 esse
723 1469 823 1514 volo
844 1488 853 1514 :
879 1468 1064 1513 extende
1088 1478 1145 1513 te.
1172 1467 1289 1522 Quid
1320 1469 1454 1512 trahis
1488 1483 1659 1528 semper
1689 1483 1764 1513 cor

368 1542 413 1583 in
435 1543 579 1585 terra?
596 1541 737 1596 Audi,
766 1543 945 1586 Sursum
963 1555 1036 1585 cor
1058 1560 1066 1584 2
1094 1538 1301 1594 extende,
1322 1539 1455 1598 dilige
1477 1539 1689 1584 inimicos.
1716 1541 1760 1584 Si

369 1627 458 1654 non
479 1620 601 1670 potes
621 1611 798 1669 diligere
821 1611 1072 1656 saevientem
1089 1645 1100 1663 ‚
1122 1609 1254 1669 dilige
1271 1610 1341 1655 vel
1357 1618 1597 1669 petentem.
1620 1609 1762 1669 Dilige

370 1683 591 1726 hominem
614 1683 691 1742 qui
711 1682 793 1725 tibi
827 1681 934 1725 dicit
959 1700 967 1724 :
994 1684 1145 1725 Frater
1165 1716 1176 1735 ‚
1200 1681 1402 1740 peccavi,
1427 1681 1600 1739 ignosce
1635 1681 1757 1724 mihi.

371 1755 493 1797 Tunc
509 1754 543 1796 si
560 1768 649 1797 non
667 1753 898 1811 ignoveris,
916 1767 1006 1795 non
1032 1751 1149 1807 dico.
1165 1752 1283 1795 deles
1301 1752 1540 1795 orationem
1560 1751 1615 1795 de
1631 1752 1762 1796 corde

372 1833 445 1867 tuo
463 1844 473 1880 3
494 1823 568 1866 sed
591 1822 806 1866 deleberis
829 1822 884 1865 de
905 1821 1021 1866 libro
1044 1822 1137 1865 Dei.

427 1896 566 1938 XVII.
594 1895 636 1939 Si
658 1903 802 1938 autem
821 1893 890 1938 vel
920 1902 1025 1937 tunc
1052 1892 1267 1952 ignoveris
1283 1926 1295 1947 ‚
1323 1892 1392 1936 vel
1425 1901 1531 1936 tunc
1554 1907 1604 1935 ex
1620 1892 1759 1937 corde

370 1964 579 2009 dimiseris
610 1984 619 2010 2
645 1963 794 2009 odium
822 1962 921 2008 dico
955 1963 1147 2007 dimittas
1177 1977 1228 2007 ex
1250 1961 1407 2017 corde,
1442 1977 1532 2007 non
1565 1962 1761 2023 discipli-

369 2052 486 2080 nam.
513 2036 629 2089 Quid
648 2036 681 2080 si
700 2035 772 2078 ille
794 2035 870 2095 qui
891 2034 1000 2094 petit
1019 2034 1211 2088 veniam,
1233 2033 1510 2093 castigandus
1533 2043 1596 2079 est
1614 2051 1637 2079 a
1656 2037 1760 2080 me?

372 2111 456 2151 Fac
490 2105 611 2166 quod
647 2105 710 2150 vis
731 2124 740 2150 :
761 2114 870 2164 puto
908 2104 1024 2147 enim
1059 2104 1181 2164 quod
1217 2103 1357 2148 filium
1393 2114 1518 2149 tuum
1550 2104 1693 2166 diligis
1714 2115 1758 2151 et

370 2177 548 2237 quando
592 2174 738 2221 caedis.
778 2179 1011 2232 Lacrymas
1055 2173 1303 2234 vapulantis
1337 2191 1427 2220 non
1472 2191 1623 2234 curas;
1656 2177 1759 2236 quia

371 2248 408 2291 ei
426 2246 727 2291 haereditatem
762 2261 917 2290 servaS.
945 2247 1039 2303 Ego
1062 2245 1144 2289 hoc
1165 2245 1263 2289 dico
1281 2280 1292 2299 ‚
1319 2254 1368 2290 ut
1386 2245 1441 2290 de
1458 2247 1590 2290 corde
1610 2246 1760 2291 dimit-

371 2327 434 2361 tas
452 2319 601 2362 odium
619 2353 630 2373 ,
656 2316 835 2377 quando
857 2332 881 2360 a
898 2325 940 2360 te
962 2316 1135 2360 veniam
1157 2317 1266 2376 petit
1285 2317 1500 2361 inimicus.
1539 2317 1624 2362 Sed
1644 2317 1758 2363 forte

372 2387 478 2432 dicis
495 2424 505 2442 ‚
538 2389 747 2433 Mentitur
765 2424 776 2443 ,
802 2387 941 2446 fingit.
974 2387 1011 2430 Ο
1035 2387 1172 2445 judex
1204 2386 1345 2432 cordis
1371 2387 1523 2442 alieni,
1549 2388 1618 2432 dic
1650 2389 1756 2432 mihi

371 2458 649 2515 cogitationes
671 2459 802 2518 patris
837 2458 927 2512 tui,
951 2456 1019 2500 dic
1043 2458 1147 2501 mihi
1180 2459 1396 2502 hesternas
1432 2467 1542 2503 tuas.
1579 2462 1747 2517 Rogat,

422 2545 522 2575 ¹Luc.
544 2554 634 2584 xxm,
656 2543 706 2584 31.
729 2562 767 2566 —
785 2551 797 2566 ²
818 2546 889 2576 Aet.
913 2554 968 2585 vn,
989 2543 1042 2584 59.
