1898 3178
404 172 484 213 184
830 182 863 211 s.
900 182 1130 211 Auonszmm
1162 184 1343 211 Emscom

403 280 424 304 »
459 277 539 307 nos
571 262 830 306 dimittimus
860 260 1132 305 debitoribus
1159 261 1330 306 nostris.
1354 278 1374 302 »
1414 261 1695 306 Abstinentes
1723 264 1779 307 ab

397 332 642 378 idololatria
654 367 664 385 ,
690 347 713 375 a
736 330 1137 376 constellationibus
1156 331 1562 376 mathematicorum
1577 366 1589 387 ,
1607 348 1631 377 a
1646 347 1781 377 reme-

400 402 480 447 diis
502 404 824 447 incantatorum
863 421 872 445 :
908 401 1174 446 abstinentes
1199 417 1222 446 a
1243 400 1574 462 deceptionibus
1608 403 1782 447 haereti-

396 489 546 518 corum
563 508 574 527 ,
600 489 622 517 3
646 470 1009 516 conscissionibus
1024 473 1420 529 schismaticorum,
1438 473 1704 517 abstinentes
1726 474 1781 517 ab

395 542 660 600 homicidiis,
685 544 740 601 ab
758 543 980 588 adulteriis
996 552 1039 587 et
1056 543 1440 597 fornicationibus,
1466 559 1488 588 a
1508 542 1634 588 furtis
1655 553 1698 588 et
1717 559 1781 588 ra-

392 615 525 673 pinis,
551 630 575 657 a
598 612 714 658 falsis
738 613 993 659 testimoniis
1019 633 1029 658 z
1056 622 1098 658 et
1120 614 1154 658 si
1174 628 1261 674 qua
1284 610 1397 657 forte
1418 612 1500 657 alia
1520 647 1532 669 ,
1566 628 1656 658 non
1682 613 1782 659 dico

393 700 493 744 quae
515 683 705 729 exitiales
737 684 875 730 exitus
902 685 1088 740 habent,
1115 684 1233 729 unde
1255 699 1428 729 necesse
1446 684 1500 728 sit
1520 684 1698 744 praecidi
1726 685 1782 729 ab

393 755 539 810 altari,
558 764 602 799 et
622 755 747 814 ligari
763 755 808 799 in
824 764 937 799 terra
952 790 963 811 ,
987 764 1036 799 ut
1052 754 1209 814 ligetur
1227 755 1273 798 in
1296 753 1410 799 coelo
1425 789 1437 810 ,
1457 753 1584 799 valde
1605 755 1782 814 pericu-

391 825 481 870 lose
515 835 559 871 et
590 825 838 882 mortifere,
865 827 944 871 nisi
965 826 1157 872 solvatur
1173 826 1220 870 in
1238 835 1351 870 terra
1378 825 1499 886 quod
1520 825 1713 871 solvatur
1733 827 1782 871 in

391 897 505 941 coelo
531 917 540 941 ε
565 897 654 941 istis
676 912 779 956 ergo
802 898 992 957 exceptis
1007 932 1018 952 ,
1046 912 1137 942 non
1160 896 1282 941 deest
1304 896 1423 941 unde
1445 897 1579 941 homo
1610 906 1778 956 peccet.

390 967 521 1022 Quod
542 983 631 1012 non
648 978 821 1028 oportet
837 968 1027 1013 videndo
1044 968 1250 1022 libenter,
1269 977 1435 1027 peccat,
1453 970 1510 1012 Et
1522 968 1620 1027 quis
1636 976 1783 1013 teneat

386 1038 503 1084 oculi
521 1039 822 1083 velocitatem?
845 1038 1212 1099 Quandoquidem
1234 1039 1394 1083 dicitur
1409 1038 1560 1083 oculus
1581 1037 1685 1082 inde
1713 1055 1783 1083 ac-

386 1110 549 1168 cepisse
562 1124 724 1153 nomen
739 1125 762 1153 a
775 1109 1018 1153 velocitate.
1041 1109 1144 1162 Quis
1166 1118 1311 1153 teneat
1329 1124 1477 1153 aurem
1495 1108 1564 1153 vel
1577 1109 1783 1154 oculum?

386 1178 536 1234 Oculi,
562 1194 663 1223 cum
685 1178 870 1223 volueris
886 1215 897 1234 ‚
923 1179 1067 1223 claudi
1091 1189 1298 1238 possunt,
1323 1188 1366 1224 et
1383 1179 1470 1224 cito
1493 1179 1779 1226 clauduntur:

389 1265 513 1294 aures
538 1265 638 1294 cum
660 1258 820 1294 conatu
841 1248 1030 1306 claudis,
1055 1264 1233 1293 manum
1267 1249 1382 1294 levas
1397 1284 1408 1304 ,
1434 1251 1632 1308 pervenis
1651 1250 1707 1294 ad
1725 1250 1782 1294 il-

389 1320 451 1365 las
475 1340 485 1365 z
510 1329 555 1364 et
576 1320 609 1363 si
631 1320 712 1362 tibi
734 1319 890 1378 aliquis
911 1334 1064 1362 manus
1088 1328 1250 1375 teneat,
1271 1328 1419 1378 patent
1439 1340 1450 1377 3
1477 1335 1556 1364 nec
1571 1329 1695 1379 potes
1712 1336 1782 1366 eas

392 1390 595 1436 claudere
624 1389 827 1435 adversus
864 1390 996 1434 verba
1018 1389 1230 1434 maledica
1251 1425 1262 1444 ,
1287 1391 1460 1450 impura
1475 1426 1486 1446 ,
1513 1390 1784 1437 blandientia

391 1471 435 1506 et
456 1460 730 1520 decipientia.
756 1462 871 1505 Cum
891 1458 1055 1519 aliquid
1072 1495 1083 1515 ,
1109 1460 1229 1519 quod
1247 1476 1336 1504 non
1358 1470 1552 1520 oportet,
1578 1461 1780 1517 audieris,

391 1532 469 1576 etsi
486 1547 576 1576 non
591 1530 743 1575 feceris
757 1566 767 1585 ,
793 1546 938 1575 nonne
961 1546 1064 1575 aure
1080 1546 1234 1590 peccas
1251 1551 1261 1588 3
1285 1531 1408 1575 auctis
1429 1531 1533 1576 mali
1551 1532 1718 1593 aliquid
1730 1533 1783 1577 li—

394 1605 563 1647 benter.
590 1603 760 1661 Lingua
777 1601 1002 1647 mortifera
1024 1613 1189 1662 quanta
1210 1612 1387 1662 peccata
1406 1604 1667 1649 committit?
1688 1605 1783 1649 Ali-

391 1673 570 1734 quando
588 1672 690 1716 talia
707 1707 718 1726 ,
743 1672 905 1732 quibus
928 1674 1061 1717 homo
1084 1673 1139 1716 ab
1162 1672 1286 1717 altari
1304 1683 1541 1732 separetur.
1567 1674 1637 1718 Ad
1659 1674 1781 1718 illam

391 1744 580 1803 pertinet
601 1743 799 1785 materies
820 1741 1190 1800 blasphemiarum
1212 1762 1221 1786 ε
1247 1752 1290 1786 et
1312 1742 1450 1786 multa
1479 1744 1611 1788 etiam
1640 1744 1781 1789 inania

391 1815 613 1867 dicuntur,
629 1828 729 1872 quae
747 1813 802 1856 ad
820 1827 910 1856 rem
928 1826 1017 1857 non
1034 1812 1270 1871 pertinent.
1286 1813 1403 1858 Nihil
1420 1812 1523 1857 mali
1544 1813 1674 1858 faciat
1689 1830 1781 1859 ma-

390 1900 499 1941 nus3
526 1898 618 1927 non
640 1892 786 1926 currat
810 1898 882 1941 pes
909 1882 964 1926 ad
988 1881 1156 1942 aliquid
1177 1882 1304 1939 mali,
1329 1898 1419 1927 non
1441 1883 1654 1943 dirigatur
1675 1901 1781 1930 ocu-

398 1956 461 1999 lus
485 1955 530 1998 in
550 1954 766 1998 lasciviam
805 1972 814 1997 2
840 1968 930 1997 non
952 1953 1066 1996 auris
1093 1952 1280 2009 libenter
1312 1963 1471 2012 pateat,
1488 1956 1778 2015 turpitudini3

396 2041 484 2069 non
505 2034 730 2069 moveatur
751 2023 901 2081 lingua
924 2023 979 2065 ad
998 2022 1043 2066 id
1060 2021 1180 2082 quod
1197 2038 1285 2067 non
1300 2022 1426 2068 decet
1457 2043 1465 2068 :
1491 2024 1561 2069 dic
1578 2060 1590 2080 ,
1612 2027 1778 2085 cogita-

397 2098 531 2141 tiones
569 2095 664 2154 quis
698 2095 846 2137 tenet?
883 2096 1055 2137 Fratres
1087 2093 1195 2147 mei,
1227 2093 1487 2154 plerumque
1510 2110 1710 2152 oramus,
1737 2107 1780 2143 et

394 2165 571 2210 aliunde
598 2164 864 2223 cogitamus,
897 2163 1020 2223 quasi
1053 2162 1176 2207 obliti
1211 2173 1310 2207 ante
1341 2180 1474 2223 quem
1496 2174 1657 2210 stemus
1664 2202 1680 2223 ,
1705 2176 1780 2212 aut

396 2246 492 2280 :inte
514 2250 645 2295 quem
667 2234 794 2294 proni
810 2235 1045 2293 jaceamus.
1071 2236 1156 2276 Ista
1179 2234 1323 2277 omnia
1345 2236 1378 2278 si
1395 2234 1657 2294 colligantur
1673 2253 1780 2282 con-

395 2317 457 2352 tra
479 2322 556 2351 nos
576 2340 588 2361 ,
612 2320 719 2348 num
741 2303 839 2348 ideo
857 2319 946 2348 non
963 2312 1183 2362 premunt,
1204 2304 1306 2363 quia
1321 2306 1489 2349 minuta
1505 2308 1638 2349 sunt?
1659 2307 1776 2360 Quid

394 2379 586 2432 interest,
600 2384 749 2420 utrum
765 2384 808 2419 te
822 2374 1054 2434 plumbum
1077 2384 1267 2433 premat,
1293 2391 1348 2420 an
1366 2378 1518 2420 arena?
1537 2376 1776 2423 Plumbum

394 2461 482 2489 una
494 2460 630 2489 massa
652 2454 736 2501 est,
761 2460 890 2490 arena
908 2445 1075 2488 minuta
1094 2459 1224 2502 grana
1241 2455 1364 2501 sunt,
1384 2445 1460 2490 sed
1476 2447 1598 2505 copia
1612 2457 1655 2492 te
1672 2463 1773 2506 pre-

393 2524 534 2559 munt.
559 2516 726 2559 Minuta
749 2524 849 2560 sunt
871 2523 1046 2573 peccata
1075 2533 1083 2557 :
1109 2530 1198 2558 non
1219 2516 1337 2559 vides
1358 2516 1412 2558 de
1435 2517 1566 2573 guttis
1594 2517 1771 2563 minutis
