1898 3178
477 246 615 274 SERMO
645 247 742 285 ew,
775 247 830 273 DE
863 247 1008 276 vssnms
1040 247 1133 274 Luc.
1168 245 1208 273 x.
1437 236 1515 276 571

144 312 200 355 ab
223 326 327 356 uno.
354 309 493 355 Multa
521 318 621 354 sunt
649 326 748 369 quae
778 309 1042 367 factasunt,
1064 326 1178 355 unus
1207 319 1271 355 est
1301 312 1377 371 qui
1400 310 1518 357 fecit.

143 380 344 435 Coelum,
370 389 481 424 terra
497 413 510 435 ,
534 394 677 434 mare,
703 389 746 423 et
765 380 910 424 onmia
942 397 1041 441 quae
1070 381 1118 424 in
1144 381 1202 425 eis
1228 390 1357 431 sunt,
1389 398 1521 441 quam

142 448 278 494 multa
294 450 416 494 sunt!
435 448 536 502 Quis
548 449 627 493 ista
639 452 892 494 enumeret?
905 451 1001 510 quis
1016 451 1175 495 horum
1188 450 1522 496 multitudinem

141 521 326 579 cogitet?
344 520 440 580 quis
461 519 556 564 haec
578 517 708 563 fecit?
730 523 842 564 Deus
873 521 1034 564 omnia.
1059 523 1172 565 Ecce
1201 521 1317 565 hona
1346 521 1518 566 valde1.

142 593 262 634 Bona
290 588 417 633 valde
438 605 538 649 quae
558 587 692 632 fecit:
718 599 883 648 quanto
905 589 1058 634 melior
1087 589 1158 634 ille
1189 591 1266 650 qui
1287 589 1416 635 fecit?
1443 593 1524 635 At-

141 658 372 704 tendamus
396 660 526 717 igitur
543 660 850 718 occupationes
872 670 1038 705 nostras
1058 660 1170 705 circa
1192 660 1344 705 multa.
1370 663 1524 707 Neces-

140 731 301 775 sarium
329 739 393 774 est
430 730 720 774 ministerium
751 746 932 789 corpora
953 730 1202 776 ¹refecturis.
1239 734 1382 785 Quare
1411 733 1522 776 hoc?

140 802 251 855 Quia
273 802 475 856 esuritur,
496 801 598 861 quia
617 801 776 845 sititur.
797 802 1093 846 Misericordia
1107 803 1272 846 miseris
1286 804 1521 848 necessaria

140 880 218 916 est.
243 871 424 930 Frangis
446 880 600 930 panem
624 872 856 930 esurienti,
882 873 984 932 quia
1004 873 1207 917 invenisti
1229 874 1517 917 esurientem:

139 941 244 986 tolle
265 940 427 985 famem
444 976 456 996 ‚
481 941 554 985 cui
571 940 733 1000 frangis
756 944 941 1001 panem?
963 942 1083 986 Tolle
1106 943 1518 1002 peregrinationem3

138 1012 208 1056 cui
227 1012 402 1056 exhibes
424 1012 788 1071 hospitalitatem?
809 1012 929 1057 Tolle
941 1013 1209 1071 nuditatem,
1225 1014 1295 1057 cui
1308 1028 1522 1073 praeparas

137 1082 327 1127 vestem?
348 1084 446 1127 Non
471 1083 524 1126 sit
542 1081 778 1140 aegritudo,
807 1097 937 1141 quem
958 1083 1129 1126 visitas?
1150 1085 1248 1127 Non
1267 1083 1320 1126 sit
1341 1083 1522 1141 captivi-

138 1161 202 1196 tas
218 1172 243 1209 ,
259 1167 390 1212 quem
408 1151 609 1197 redimis?
629 1154 728 1197 Non
751 1152 805 1196 sit
836 1152 954 1209 rixa,
981 1167 1111 1211 quem
1133 1151 1396 1196 concordas?
1423 1155 1521 1198 Non

137 1222 191 1266 sit
210 1224 357 1266 mors?
385 1237 515 1281 quem
539 1222 722 1280 sepelis?
746 1225 797 1266 In
820 1222 894 1266 illo
917 1221 1076 1267 saeculo
1098 1222 1249 1266 futuro
1276 1237 1365 1267 non
1392 1233 1521 1267 erunt

136 1293 216 1337 ista
248 1291 360 1336 mala
393 1311 403 1337 2
444 1307 547 1351 ergo
578 1308 658 1337 nec
683 1293 763 1336 ista
796 1293 1044 1337 ministeria.
1075 1296 1191 1337 Bene
1227 1307 1327 1351 ergo
1350 1294 1521 1338 Martha

137 1363 249 1406 circa
271 1362 539 1420 corporalem
562 1363 759 1418 Domini,
796 1362 905 1422 quid
934 1364 1102 1417 dicam,
1138 1364 1436 1407 necessitatem
1465 1378 1521 1407 an

136 1433 434 1478 voluntatem?
461 1433 737 1477 Ministrabat
765 1434 885 1477 carni
903 1432 1090 1477 mortali.
1120 1433 1204 1478 Sed
1231 1434 1328 1492 quis
1363 1442 1455 1477 erat
1475 1434 1520 1477 in

139 1519 269 1548 carne
298 1502 499 1547 mortali?
524 1522 544 1545 «
572 1506 623 1547 In
654 1502 867 1562 principio
896 1512 987 1546 erat
1007 1504 1229 1558 Verbum,
1260 1511 1304 1546 et
1326 1503 1520 1547 Verbum

138 1593 158 1617 »
185 1584 276 1619 erat
297 1574 415 1634 apud
432 1577 572 1618 Denm
588 1608 599 1630 ,
625 1583 669 1618 et
688 1577 802 1618 Deus
825 1583 916 1617 erat
944 1574 1194 1618 Verbum2:
1221 1591 1241 1614 »
1266 1576 1378 1618 Ecce
1399 1574 1520 1633 quod

134 1645 271 1690 Maria
293 1644 514 1688 audiebat.
545 1662 565 1686 «
586 1643 781 1692 ,Verbum
811 1658 910 1687 caro
932 1642 1099 1687 factum
1123 1652 1212 1697 est,
1238 1652 1282 1687 et
1308 1644 1519 1687 habitavit

138 1733 159 1758 »
184 1717 230 1759 in
246 1716 391 1760 nobis3
411 1731 420 1757 ε
440 1734 460 1757 »
477 1718 588 1759 Ecce
605 1716 777 1760 Martha
794 1715 864 1759 cui
885 1714 1173 1758 ministrabat.
1191 1715 1323 1772 Ergo,
1348 1715 1517 1759 «Maria

137 1804 158 1828 »
184 1786 405 1831 meliorem
429 1794 596 1845 partem
626 1785 780 1844 elegit,
813 1800 913 1844 quae
940 1799 1030 1828 non
1065 1783 1286 1827 auferetur
1314 1784 1368 1827 ab
1400 1799 1464 1828 ea.
1494 1802 1514 1825 »

134 1858 228 1902 Hoc
250 1857 366 1900 enim
387 1855 539 1914 elegit,
562 1854 683 1914 quod
698 1870 866 1914 semper
888 1854 1082 1898 manebit
1105 1873 1113 1898 :
1144 1873 1164 1895 «
1184 1856 1281 1899 Non
1298 1853 1518 1899 auferetur

137 1944 158 1968 »
184 1926 240 1970 ab
261 1941 324 1970 ea.
349 1944 369 1967 »
395 1924 519 1970 Circa
542 1940 682 1968 unum
711 1940 756 1968 se
776 1924 920 1968 voluit
942 1924 1160 1983 occupari.
1182 1926 1278 1968 Jam
1301 1924 1479 1968 tenebat
1504 1944 1513 1969 :

139 2014 159 2039 «
183 1996 292 2041 Mihi
325 2005 470 2040 autem
494 1995 712 2039 adhaerere
742 1997 854 2049 Deo,
881 1994 1049 2039 bonum
1078 1995 1182 2038 est4.
1205 2012 1225 2034 »
1255 1993 1440 2038 Sedebat
1461 1993 1516 2038 ad

132 2066 266 2127 pedes
288 2067 437 2126 capitis
458 2066 607 2111 nostri.
635 2068 809 2119 Quanto
830 2065 1036 2109 humilius
1057 2064 1257 2119 sedebat,
1282 2073 1404 2109 tanto
1420 2080 1514 2108 am-

132 2137 248 2197 plius
270 2137 483 2196 capiebat.
517 2137 712 2182 Conssuit
733 2136 849 2179 enim
872 2151 984 2195 aqua
1012 2135 1067 2179 ad
1088 2134 1376 2179 humilitatem
1406 2150 1515 2179 con-

132 2206 283 2262 vallis,
320 2207 497 2251 denatat
531 2207 586 2251 de
616 2207 861 2252 tumoribus
893 2205 1030 2250 collis.
1067 2207 1164 2249 Non
1185 2218 1285 2262 ergo
1307 2205 1515 2250 Dominus

133 2294 242 2338 opus
270 2277 571 2338 reprehendit,
596 2277 673 2322 sed
700 2293 862 2339 munus
881 2275 1090 2320 distinxit.
1125 2295 1146 2318 «
1168 2276 1292 2320 Circa
1314 2274 1453 2320 multa
1472 2291 1515 2320 es

134 2367 155 2390 »
181 2358 394 2408 occupata
417 2364 426 2391 :
451 2364 581 2408 porro
602 2363 742 2392 unum
759 2357 823 2392 est
836 2346 1138 2391 necessarium.
1167 2364 1187 2387 »
1219 2347 1314 2389 Jam
1334 2346 1418 2390 hoc
1434 2346 1515 2390 sibi
1534 2348 1547 2350 ἡ

131 2420 266 2465 Maria
283 2419 426 2478 elegit.
455 2420 622 2466 Transit
637 2419 762 2463 labor
783 2416 1073 2463 multitudinis
1089 2451 1099 2471 ,
1125 2425 1168 2460 et
1193 2425 1387 2460 remanet
1407 2418 1511 2461 cha·-

132 2490 234 2534 ritas
256 2490 447 2534 unitatis.
472 2492 589 2548 Ergo
616 2489 739 2548 quod
760 2488 914 2546 elegit,
939 2502 1065 2531 «non
1088 2486 1309 2530 auferetur
1326 2486 1381 2530 ab
1397 2501 1461 2530 ea.
1489 2505 1508 2527 »

184 2579 192 2595 ¹
217 2575 295 2605 Gen.
321 2585 344 2614 1,
364 2573 417 2605 31.
437 2590 477 2596 -
498 2580 510 2595 ²
528 2575 619 2604 Joan.
640 2583 663 2613 1,
686 2583 716 2604 1.
738 2588 777 2594 -—-
801 2570 812 2593 3
832 2571 912 2603 Ibid.
944 2569 993 2611 14.
1014 2586 1055 2593 —
1075 2568 1091 2599 4
1110 2569 1190 2601 Psal.
1210 2580 1309 2611 mxu,
1328 2569 1383 2601 98.
