1898 3178
331 197 383 234 28
760 201 792 229 s.
830 201 1061 229 AUGUSTINI
1095 201 1277 228 nmscom

330 286 418 315 non
445 284 544 313 cum
561 268 740 328 judicio.
764 269 861 313 Non
890 266 1006 310 enim
1030 264 1085 309 ad
1116 280 1214 309 eum
1238 266 1455 325 pertinet,
1479 266 1574 325 quis
1594 265 1703 320 isto,

329 341 423 400 quis
444 339 518 383 illo
550 339 681 383 modo
707 347 817 382 erret
842 357 851 381 z
877 352 1025 381 omnes
1055 346 1244 381 errantes
1278 337 1399 391 vult,
1437 336 1707 396 quibuslibet

329 410 560 455 erroribus.
589 412 729 462 Quam
759 406 937 452 diversae
962 416 1063 451 sunt
1082 408 1291 462 haereses,
1312 422 1445 466 quam
1462 405 1618 450 diversi
1640 422 1708 450 er-

328 496 444 526 rores
458 515 469 535 ‚
494 479 567 523 ille
589 479 634 522 in
657 477 858 522 omnibus
872 477 968 522 vult
986 492 1126 521 errare
1143 478 1356 521 homines.
1373 479 1470 522 Non
1487 476 1593 520 dicit
1615 477 1710 520 dia-

326 551 454 596 bolus
472 584 483 605 ,
514 549 748 593 Donatistae
783 549 868 592 sint
884 583 894 603 ,
933 563 1023 592 non
1045 549 1131 591 sint
1153 546 1324 591 Arriani
1352 565 1360 590 :
1389 547 1477 590 sive
1498 546 1570 590 hic
1592 547 1677 590 sint
1696 581 1708 601 ‚

328 622 415 665 sive
436 619 548 673 illic,
583 618 638 661 ad
667 633 767 661 eum
799 618 1018 676 pertinent
1040 626 1373 675 congregantem
1412 615 1502 660 sine
1527 617 1708 675 judicio.

330 689 475 743 Idola,
496 687 639 747 inquit
653 722 663 742 ‚
689 686 839 731 adoret
855 722 865 742 ,
891 702 1012 731 meus
1034 696 1098 730 est
1124 705 1132 730 z
1157 687 1203 729 in
1224 689 1248 729 J
1253 685 1479 729 udaeorum
1501 686 1712 744 supersti-

328 759 446 803 tione
467 767 700 813 remaneat,
713 773 833 801 meus
851 766 913 801 est
932 756 1120 802 :deserta
1139 757 1307 799 unitate
1319 756 1364 798 in
1379 754 1500 799 illam
1513 755 1582 800 vel
1604 756 1650 799 in
1666 755 1713 800 il-

327 829 413 873 lam
426 829 623 873 haeresim
637 838 803 888 pergat,
815 843 937 872 meus
950 837 1027 871 est.
1038 846 1057 869 «
1070 829 1317 886 Congregat
1330 841 1433 885 ergo
1448 826 1538 869 sine
1547 826 1714 886 judicio

331 917 352 940 »
388 898 546 943 faciens
573 898 743 943 divitias
765 913 876 942 suas.
900 916 920 938 >›
950 896 1032 941 Sed
1060 896 1167 956 quid
1204 896 1432 955 sequitur?
1465 895 1511 938 in
1534 895 1714 940 dimidio

329 968 498 1012 dierum
520 970 612 1028 ejus
634 967 940 1027 derelinquent
963 981 1063 1010 eum
1082 1001 1092 1022 ,
1129 976 1172 1010 et
1192 966 1238 1009 in
1260 965 1498 1010 novissimis
1521 966 1606 1009 suis
1634 966 1714 1010 erit

330 1038 548 1096 insipiens.
579 1056 599 1078 «
623 1038 755 1081 Venit
776 1036 847 1080 ille
875 1050 1138 1094 congregans
1167 1035 1364 1095 undique
1399 1050 1497 1079 oves
1523 1050 1633 1079 suas.
1662 1038 1714 1078 In

331 1125 352 1148 »
387 1106 570 1149 dimidio
592 1106 761 1148 dierum
784 1108 875 1163 ejus
893 1140 904 1159 ,
936 1107 1190 1164 priusquam
1227 1106 1452 1164 sperabat,
1480 1113 1714 1163 antequam

331 1194 351 1217 »
386 1174 571 1234 putabat
586 1208 597 1229 ,
623 1173 930 1233 derelinquent
949 1189 1050 1218 eum
1067 1209 1078 1229 ‚
1103 1184 1147 1218 et
1168 1175 1250 1218 erit
1270 1175 1476 1233 insipiens
1492 1174 1539 1218 in
1560 1175 1709 1218 novis·

331 1263 352 1287 >›
387 1245 504 1289 simis
526 1245 661 1287 suis.»
688 1246 832 1296 Quare
854 1245 899 1286 in
921 1244 1069 1302 primis
1089 1244 1174 1287 suis
1195 1245 1363 1303 sapiens
1381 1253 1492 1298 erat,
1515 1252 1559 1287 et
1573 1244 1619 1288 in
1641 1260 1715 1288 no-

328 1315 509 1360 vissimis
542 1314 626 1357 suis
648 1313 698 1356 fit
733 1312 969 1370 insipiens?
1008 1312 1167 1355 Audite
1183 1346 1194 1366 ‚
1228 1313 1382 1356 fratres
1402 1331 1410 1355 :
1447 1313 1614 1357 Dicitur
1635 1313 1716 1356 ali-

330 1384 508 1444 quando
528 1384 575 1426 in
600 1383 829 1441 Scripturis
852 1381 1061 1440 sapientia
1078 1396 1157 1441 pro
1175 1382 1349 1436 astutia,
1366 1381 1573 1426 abusione
1594 1383 1715 1428 verbi

329 1470 419 1499 non
434 1453 697 1513 proprietate
708 1454 738 1496 1.
751 1451 859 1496 Inde
871 1452 984 1495 enim
1000 1451 1174 1495 dicitur:
1193 1470 1213 1494 «
1230 1452 1310 1495 Ubi
1327 1451 1511 1510 sapiens,
1523 1453 1602 1496 ubi
1616 1454 1717 1498 scri-

332 1543 353 1566 »
390 1524 459 1578 ba,
475 1524 553 1567 ubi
565 1523 832 1583 conquisitor
847 1522 979 1580 hujus
995 1521 1143 1565 saeculi
1158 1524 1174 1547 ²
1189 1522 1238 1562 ἵ»
1251 1522 1406 1566 Nonne
1421 1521 1599 1566 stultam
1613 1522 1717 1568 fecit

330 1599 443 1639 Deus
462 1594 714 1654 sapientiam
730 1594 861 1653 hujus
883 1591 1037 1636 mundi
1053 1594 1140 1636 ?Et
1154 1592 1233 1636 iste
1245 1591 1415 1651 perdix,
1433 1592 1551 1636 idem
1566 1593 1712 1650 draco,

330 1667 446 1710 idem
475 1680 648 1724 serpens
663 1700 674 1720 ‚
699 1673 909 1723 tanquam
929 1664 1098 1723 sapiens
1117 1672 1210 1708 erat
1225 1697 1236 1719 ‚
1274 1663 1452 1723 quando
1475 1662 1616 1708 Adam
1637 1680 1716 1724 per

330 1739 467 1780 Evam
483 1735 676 1794 decepit3
701 1754 711 1780 ;
732 1749 883 1779 verum
905 1733 1047 1778 dicere
1069 1743 1246 1793 putatus
1269 1743 1331 1778 est
1349 1769 1360 1789 ,
1385 1734 1553 1778 bonum
1570 1735 1715 1780 consi-

331 1806 440 1849 lium
456 1806 559 1850 dare
575 1805 839 1850 existimatus
856 1814 934 1860 est,
953 1815 1105 1850 contra
1122 1808 1262 1850 Deum
1280 1804 1469 1850 creditus
1493 1815 1570 1850 est.
1586 1807 1716 1859 Quod

331 1892 434 1921 vero
455 1877 614 1921 dicitur
636 1877 842 1936 sapientia
864 1877 1072 1922 abusione
1093 1877 1216 1921 verbi
1239 1885 1281 1920 et
1302 1877 1349 1920 in
1365 1876 1480 1921 malo
1496 1911 1508 1932 ,
1529 1892 1715 1922 consue-

334 1947 486 1992 tudine
508 1947 687 2008 quidem
712 1949 1032 2008 Scripturarum
1061 1956 1306 1992 nostrarum
1325 1982 1337 2003 ,
1359 1949 1484 2004 (nam
1502 1949 1709 2008 quemad-

331 2019 511 2061 modum
533 2017 772 2078 loquantur
794 2027 990 2062 auctores
1012 2018 1193 2073 mundi,
1214 2018 1320 2078 quid
1344 2016 1401 2062 ad
1426 2020 1536 2062 nos?
1553 2019 1718 2076 >habes

332 2088 377 2130 in
394 2088 547 2131 eodem
561 2088 698 2132 libro:
720 2090 855 2133 «Erat
868 2088 928 2132 ibi
945 2103 1119 2147 serpens
1141 2088 1374 2143 sapientior
1396 2088 1602 2130 omnibus
1624 2089 1718 2131 bes-

337 2176 356 2197 »
391 2159 458 2200 tiis
470 2159 502 2198 ⁴.
524 2177 543 2196 u
571 2162 655 2198 Iste
677 2160 911 2213 sapientior
932 2156 1136 2198 omnibus
1159 2155 1306 2199 bestiis
1320 2190 1330 2210 ‚
1357 2164 1523 2200 astutus
1547 2165 1589 2200 et
1611 2172 1717 2201 acu-

334 2235 402 2270 tus
424 2226 479 2269 ad
504 2225 811 2284 decipiendum
842 2225 1101 2282 agnoscitur.
1130 2228 1282 2269 Postea
1304 2240 1394 2269 non
1426 2226 1465 2268 ei
1494 2225 1715 2284 creditur3

335 2305 378 2339 et
413 2294 572 2339 dicitur
593 2296 662 2340 ei:
692 2296 1013 2340 Renuntiamus
1041 2295 1151 2351 tibi,
1182 2295 1342 2339 sufficit
1376 2294 1496 2355 quod
1522 2296 1716 2342 incautos

333 2365 474 2424 primo
495 2364 715 2424 decepisti..
740 2367 857 2424 Ergo
877 2366 937 2409 ita
957 2366 1003 2408 in
1020 2365 1260 2410 novissimis
1279 2366 1363 2409 suis
1385 2366 1467 2410 erit
1487 2367 1710 2425 insipiens,

335 2444 494 2494 apertae
516 2445 644 2480 erunt
659 2435 832 2480 fraudes
849 2437 958 2496 ejus,
975 2445 1018 2481 et
1034 2435 1132 2481 ideo
1147 2437 1238 2496 jam
1257 2435 1431 2481 fraudes
1449 2452 1537 2481 non
1559 2446 1704 2483 erunt.

383 2526 392 2544 ¹
412 2519 522 2553 Florus
541 2521 580 2553 ad
605 2531 617 2552 1
638 2522 710 2553 Cor.
731 2526 785 2553 1th
802 2533 898 2556 111.—
918 2528 931 2545 ²
954 2533 966 2554 1
988 2523 1059 2555 Cor.
1086 2533 1109 2563 1,
1128 2531 1229 2556 2o.—-
1244 2520 1257 2546 3
1272 2524 1351 2555 Gen.
1371 2533 1417 2562 111,
1433 2522 1512 2554 6.-
1531 2520 1648 2554 41bid.
1675 2533 1703 2554 1.
