1898 3178
347 236 485 266 SERMo
518 238 634 275 LXXI,
670 239 722 264 DE
756 239 900 265 vensis
932 239 1094 264 MAT'IH.
1131 238 1204 263 xii.
1391 228 1467 264 321

102 303 178 362 qui
199 318 299 346 curn
332 312 515 347 mortem
546 301 667 361 impii
688 301 847 356 nollet,
873 311 1085 362 quantum
1104 310 1152 345 ut
1172 310 1412 345 revertatur
1434 312 1476 345 ct

102 373 261 428 vivat1,
286 372 407 417 dedit
427 371 630 416 Ecclesiae
648 387 736 415 suae
757 372 963 430 Spiritum
981 382 1194 426 sanctum,
1212 381 1259 415 ut
1276 371 1476 431 quicum-

102 459 188 502 que
210 444 255 486 in
279 457 330 486 eo
355 452 533 502 peccata
564 441 822 495 dimitteret,
847 442 1167 486 dimitterentur
1191 443 1243 486 ei.
1266 442 1350 495 Qui
1377 458 1477 485 vcro

102 513 203 557 huie
231 512 347 557 dono
377 513 566 557 extiterit
587 512 811 566 inimicus,
838 521 886 555 ut
918 529 1006 557 non
1028 512 1138 557 illud
1163 529 1237 573 per
1258 513 1478 572 poeniten-

102 584 204 627 tiam
235 593 382 643 petat⁷
426 582 500 627 sed
534 584 571 627 ei
604 599 681 642 per
712 583 1075 643 impoenitentiam
1108 584 1400 637 contradicat,
1434 584 1485 628 fit

100 654 389 699 irremissibile
409 675 419 711 3
440 670 528 699 non
545 655 858 715 quodcumque
874 664 1117 713 peccatum,
1138 656 1213 699 sed
1231 665 1478 714 contempta

100 724 169 769 vel
189 725 316 769 etiam
345 734 594 784 oppugnata
617 725 707 784 ipsa
737 725 924 769 remissio
945 735 1237 783 peccatorum.
1260 730 1404 785 Atque
1424 726 1482 769 ita

100 795 258 840 dieitur
274 796 457 840 verbum
477 805 627 840 contra
652 795 858 854 Spiritum
883 806 1079 840 sanctum
1098 832 1108 850 ⁷
1130 812 1229 840 cum
1247 812 1297 840 ex
1315 797 1483 856 disper-

100 867 218 911 sione
255 867 310 911 ad
331 867 709 925 congregationem
734 883 959 927 nunquam
984 868 1178 922 venitur,
1212 883 1311 927 quae
1336 868 1389 911 ad
1416 883 1481 911 re-

101 936 311 981 mittenda
329 947 504 997 peccata
523 937 689 997 accepit
704 939 909 996 Spiritum
924 948 1136 983 sanctum.
1158 939 1224 982 Ad
1240 954 1369 998 quam
1384 954 1482 982 cou-

100 1007 394 1067 gregationem
408 1007 572 1051 etiamsi
586 1023 661 1067 per
681 1009 841 1052 malum
857 1008 1077 1063 clericum,
1088 1008 1162 1052 sed
1174 1017 1320 1053 tamen
1332 1009 1484 1053 catho-

99 1077 231 1122 licum
255 1078 523 1132 ministrum,
550 1079 784 1137 reprobum
819 1088 861 1123 et
893 1080 1041 1124 fictum
1074 1080 1229 1139 aliquis
1260 1080 1484 1124 accesserit

99 1149 229 1194 corde
251 1165 340 1193 non
361 1150 463 1194 ficto
483 1171 493 1206 3
514 1150 558 1192 in
578 1150 673 1208 ipso
696 1159 846 1193 sancto
874 1150 1036 1209 Spiritu
1059 1151 1350 1195 remissionem
1374 1152 1484 1195 acci-

98 1221 163 1279 pit
186 1228 479 1279 peccatorum.
504 1220 588 1272 Qui
612 1219 787 1278 spiritus
803 1220 848 1262 in
871 1229 1016 1264 sancta
1030 1220 1379 1275 Ecclesia‚etiam
1402 1223 1484 1265 isto

99 1299 294 1349 tempore
312 1325 322 1345 ,
363 1306 451 1350 quo
478 1289 599 1334 velut
623 1306 719 1333 area
745 1306 846 1334 cum
872 1290 992 1348 palea
1022 1291 1272 1346 trituratur,
1299 1293 1358 1336 sic
1381 1308 1486 1351 ope-

98 1372 215 1406 ratur
234 1382 244 1419 3
272 1370 323 1405 ut
345 1361 508 1405 nullius
531 1376 676 1406 veram
700 1361 1014 1406 confessionem
1033 1373 1303 1421 aspernetur,
1325 1364 1487 1407 nullius

97 1432 371 1476 simulatione
392 1431 593 1486 fallatur,
623 1440 754 1490 atque
779 1432 834 1474 ita
858 1432 1064 1489 reprobos
1092 1431 1252 1490 fugiat,
1284 1442 1334 1477 ut
1355 1434 1483 1477 etiam

100 1518 175 1562 per
192 1518 342 1547 corum
358 1503 646 1546 ministerium
669 1503 828 1562 probos
852 1502 1042 1561 colligat.
1065 1505 1209 1547 Unum
1225 1519 1325 1561 ergo
1348 1505 1483 1548 suffu-

100 1575 217 1632 gium
240 1584 325 1629 est,
351 1589 405 1617 ne
428 1574 482 1618 sit
504 1573 806 1617 irremissibilis
828 1573 1095 1633 blasphemia
1112 1609 1122 1628 ‚
1164 1585 1210 1619 ut
1232 1591 1305 1620 cor
1328 1576 1484 1634 impoeo

101 1647 240 1689 nitens
263 1654 489 1701 caveatur3
514 1659 593 1695 nec
616 1643 739 1688 aliter
763 1644 1019 1702 poenitentia
1038 1645 1240 1703 prodesse
1262 1646 1481 1700 credatur,

99 1716 179 1760 nisi
201 1725 250 1760 ut
272 1724 469 1759 teneatur
486 1714 676 1758 Ecclesia
694 1749 705 1768 ,
732 1715 806 1758 ubi
828 1715 1018 1759 remissio
1038 1724 1313 1773 peccatorum
1332 1716 1477 1771 datur,

98 1796 142 1830 et
161 1787 339 1831 societas
364 1785 547 1844 Spiritus
570 1785 614 1827 in
633 1785 747 1844 pacis
771 1784 945 1828 vinculo
968 1784 1226 1830 custoditur.

155 1858 405 1899 XXXVIII.
436 1857 492 1899 Ut
514 1854 664 1914 potui,
697 1854 997 1898 difficillimam
1021 1856 1302 1914 quaestionem
1323 1891 1333 1911 ‚
1359 1858 1392 1900 si
1422 1867 1480 1900 ta-

99 1942 199 1971 men
222 1925 494 1985 aliquatenus
526 1924 682 1984 potui,
718 1925 901 1968 Domino
926 1926 1154 1969 miserante
1188 1935 1319 1986 atque
1353 1927 1478 1987 adju-

99 2009 222 2042 vante
241 2032 251 2050 ,
288 1995 483 2040 tractavi.
511 1993 732 2054 Quidquid
754 2003 898 2038 tamen
930 1995 974 2037 in
1012 1996 1101 2053 ejus
1124 1995 1381 2040 difficultate
1403 2013 1479 2055 ap-

97 2065 366 2128 prehendere
391 2081 476 2109 non
508 2064 650 2120 valui,
682 2080 770 2108 non
792 2065 1031 2124 imputetur
1064 2065 1144 2124 ipsi
1166 2067 1354 2121 veritati,
1380 2084 1478 2127 quae

98 2137 327 2182 salubriter
350 2136 464 2195 pios,
497 2136 625 2179 etiam
659 2151 757 2179 cum
789 2135 1059 2189 occultatur,
1086 2147 1280 2192 exercet3
1314 2139 1388 2181 sed
1412 2138 1478 2182 iu-

99 2210 290 2253 firmitati
316 2223 425 2251 meae
443 2242 453 2262 ‚
480 2206 557 2266 qui
577 2206 646 2250 vel
666 2206 946 2264 intelligenda
968 2207 1216 2266 conspicere
1232 2243 1242 2262 ‚
1262 2209 1331 2253 vel
1349 2208 1478 2266 intel-

99 2280 208 2325 lecta
225 2278 436 2339 explicare
459 2293 547 2321 non
569 2277 708 2336 potui.
735 2280 796 2320 De
820 2277 886 2320 his
906 2287 1052 2321 autern
1079 2294 1177 2338 quae
1196 2277 1308 2323 forte
1328 2280 1475 2338 potui-

99 2366 193 2395 mus
216 2360 258 2395 et
280 2347 511 2408 cogitando
538 2348 770 2405 vestigare,
791 2356 835 2390 et
853 2346 1038 2392 dicendo
1056 2349 1277 2406 expedire,
1298 2349 1360 2393 illi
1377 2360 1479 2394 sunt

101 2420 278 2480 agendae
302 2420 471 2479 gratiae,
493 2435 515 2462 a
538 2433 625 2478 quo
653 2417 953 2477 quaesivimus,
979 2435 1001 2462 a
1030 2433 1118 2478 quo
1141 2419 1371 2477 petivimus
1386 2455 1397 2475 ‚
1423 2420 1478 2465 ad

150 2517 281 2550 ¹Ezecl1.
308 2527 428 2557 xxxui,
456 2526 504 2547 11.

261 2582 398 2612 cxxv.
1268 2571 1316 2611 21
