1898 3178
259 247 398 276 51111Μο
429 245 527 284 Lm,
561 246 607 274 m
638 242 804 273 ΜΑΤΤΗ.
839 246 912 284 v1‚
945 245 1001 273 DE
1031 242 1155 274 omer.
1191 246 1298 274 DOM.
1385 233 1469 274 215

98 310 275 372 quando
296 311 449 371 aliquis
470 308 657 355 offendit
673 318 716 353 et
732 318 882 368 peccat
895 310 941 354 in
956 325 1054 366 VOS,
1074 318 1119 354 et
1132 309 1252 356 venit
1271 318 1315 355 et
1335 312 1476 356 confi-

101 392 231 438 tetur,
256 392 299 427 et
317 382 427 441 petit
439 395 462 425 a
481 381 604 426 vobis
620 380 813 436 veniam,
837 381 1067 440 ignoscatis
1094 380 1179 438 illi,
1203 389 1247 426 et
1266 383 1477 428 continuo

99 470 150 499 ex
171 453 300 499 corde
321 451 572 507 dimittatis,
611 466 666 496 ne
699 451 822 497 vobis
851 467 875 496 a
908 454 998 496 Deo
1031 452 1203 497 veniam
1231 453 1479 498 venientem

99 524 375 584 prohibeatis.
405 523 448 568 Si
469 523 587 567 enim
606 538 698 568 non
719 520 936 567 dimittitis
957 537 1033 567 vos
1047 558 1059 580 ,
1091 538 1172 569 nee
1193 523 1266 568 ille
1288 523 1478 570 dimittet

99 594 235 640 vohis.
260 597 378 654 Ergo
394 603 438 638 et
458 595 542 639 hoc
563 594 610 638 in
625 594 706 638 ista
726 593 815 638 vita
841 594 1028 653 petimus
1053 613 1062 638 :
1088 595 1191 654 quia
1211 604 1255 640 et
1278 595 1349 640 hic
1379 611 1481 656 pos-

97 674 199 710 sunt
220 665 408 721 dimitti,
436 664 513 709 ubi
534 673 716 724 possunt
749 664 901 709 haberi
932 674 1125 724 peccata.
1151 668 1204 711 In
1229 665 1302 711 illa
1334 675 1481 713 autem

96 736 186 782 vita
206 750 297 780 non
318 734 616 792 dimittuntur,
643 735 745 796 quia
765 749 846 779 nee
861 735 1095 780 habentur.
1256 726 1261 732 ⁸

156 809 278 850 VIII.
299 807 464 850 Deinde
480 807 666 866 petimus
683 806 875 851 dicentes
896 825 905 851 :
929 809 1027 853 «Ne
1048 821 1127 851 nos
1140 804 1299 853 inferas
1319 808 1366 852 in
1385 817 1482 854 ten-

99 895 120 919 »
156 878 389 933 tationem,
409 878 487 922 sed
502 877 641 922 libera
661 893 741 924 nos
763 894 788 923 a
817 877 975 923 malo¹.
995 895 1016 920 »
1041 880 1100 923 Et
1118 879 1202 924 hoe
1222 879 1270 924 in
1294 880 1374 924 ista
1393 880 1484 926 vita

96 947 222 993 nobis
248 948 535 993 necessarium
563 958 627 993 est
653 957 827 1008 petere,
861 963 918 993 ne
947 949 1188 994 inferamur
1212 949 1260 995 in
1279 951 1486 996 tentatio-

97 1033 198 1063 nem
215 1053 227 1074 ,
253 1019 355 1078 quia
389 1018 461 1063 hic
488 1023 590 1063 sum:
626 1019 912 1077 tentatione53
942 1028 986 1064 et
1012 1018 1249 1065 liberemur
1278 1035 1304 1064 a
1336 1020 1453 1067 malo
1470 1057 1482 1078 ‚

96 1090 199 1150 quia
215 1090 286 1134 hic
303 1098 367 1135 est
388 1089 569 1135 malum.
589 1092 651 1135 Ac
668 1106 745 1150 per
761 1091 845 1136 hoc
863 1105 1013 1136 omnes
1025 1091 1119 1136 istae
1139 1091 1371 1151 petitiones
1390 1106 1485 1153 sep-

96 1168 208 1215 tem,
228 1168 314 1204 tres
336 1159 391 1204 ad
408 1159 541 1205 vitam
564 1169 772 1205 aeternam
794 1161 1040 1221 pertinent,
1065 1170 1255 1221 quatuor
1270 1161 1328 1207 ad
1346 1162 1483 1208 vitam

95 1239 367 1289 praesentem.
393 1249 414 1273 «
441 1232 744 1276 Sanctificetur
772 1246 936 1276 nomen
957 1240 1085 1276 tuum
1109 1251 1119 1277 z
1148 1250 1169 1275 »
1194 1247 1363 1292 semper
1384 1234 1482 1281 erit.

99 1319 120 1343 «
154 1300 311 1345 Veniat
346 1314 530 1358 regnum
573 1310 700 1345 tuum
736 1320 745 1346 :
782 1319 803 1342 »
841 1303 926 1346 hoc
963 1317 1149 1361 regnum
1184 1318 1352 1364 semper
1385 1305 1482 1350 erit.

99 1389 122 1413 «
154 1371 252 1416 Fiat
273 1370 472 1416 volontas
493 1381 585 1427 tua,
610 1372 723 1417 sieut
745 1373 791 1417 in
812 1372 953 1428 coelo,
975 1382 1019 1417 et
1035 1373 1082 1418 in
1102 1382 1217 1419 terra
1238 1393 1248 1419 ε
1270 1392 1291 1417 »
1316 1389 1486 1435 semper

97 1440 193 1485 erit.
221 1460 242 1484 «
268 1444 430 1486 Panem
451 1451 649 1488 nostrum
685 1443 992 1502 quotidianum
1015 1443 1071 1488 da
1103 1444 1230 1489 nobis
1263 1445 1418 1504 hodie3
1460 1464 1482 1488 »

97 1526 187 1557 non
207 1527 376 1572 semper
397 1513 492 1557 erit.
514 1514 727 1559 «Dimitte
741 1514 867 1559 nobis
884 1513 1033 1559 debita
1048 1524 1195 1560 nostra
1212 1533 1256 1561 ε»
1268 1531 1359 1561 non
1371 1531 1484 1562 sem-

95 1598 175 1642 per
198 1583 295 1628 erit.
325 1602 346 1627 «
370 1586 433 1630 Ne
455 1600 533 1629 nos
559 1584 720 1630 inferas
745 1587 792 1630 in
814 1586 1130 1632 tentationem:
1152 1604 1172 1629 »
1194 1602 1285 1633 non
1314 1603 1485 1648 semper

96 1654 192 1698 erit.
214 1672 235 1696 «
258 1653 345 1699 Sed
364 1653 502 1699 libera
522 1670 600 1718 nos
623 1671 646 1700 a
668 1655 783 1701 malo
806 1674 815 1701 :
835 1674 856 1698 >›
881 1671 971 1701 non
992 1671 1162 1717 semper
1182 1658 1287 1717 erit3
1307 1657 1384 1703 sed
1406 1658 1483 1703 ubi

96 1733 161 1770 est
182 1725 384 1780 tentatio,
424 1735 467 1770 et
494 1726 572 1770 ubi
608 1735 672 1770 est
707 1726 894 1784 malum,
917 1726 979 1772 ibi
1010 1729 1299 1774 necessarium
1335 1738 1399 1775 est
1431 1740 1477 1774 ut

99 1804 311 1855 petamus.

144 1923 155 1937 ¹
174 1915 295 1948 Matth.
310 1926 356 1957 vi,
378 1915 429 1948 13.
