1898 3178
306 218 387 258 558
738 221 772 251 S.
807 220 1039 250 Aucus‘rnu
1070 221 1252 250 Emscom

300 294 431 338 verba
449 290 620 336 Domini
637 287 929 346 intelligamus
944 321 956 342 ,
975 285 1081 329 etin
1097 285 1166 330 via
1183 286 1402 330 neminem
1424 286 1680 330 salutemus.

301 367 399 410 Non
420 363 535 407 enim
561 360 651 404 sine
680 373 808 403 causa
832 358 917 402 hoc
934 357 1158 416 jubemur,
1181 366 1257 402 aut
1278 355 1416 401 nollet
1441 371 1520 401 nos
1540 355 1683 401 facere

300 433 420 495 quod
436 433 625 494 juberet.
652 429 768 483 Quid
786 444 889 488 ergo
911 437 975 472 est
997 447 1006 473 :
1035 447 1056 470 «
1079 429 1307 474 Neminem
1333 427 1616 472 salutaveritis
1637 428 1685 472 in

303 523 324 547 »
349 505 446 549 via?
477 522 497 545 »
532 506 679 546 Potest
718 498 898 560 quidem
930 508 974 543 et
1001 497 1254 558 simpliciter
1296 498 1356 543 sic
1390 498 1550 558 accipi,
1582 498 1684 558 quia

297 576 422 635 jussit
442 588 520 618 nos
541 571 796 617 festinanter
817 584 942 628 agere
975 569 1171 630 injuncta
1201 589 1212 615 z
1236 578 1280 614 et
1299 570 1383 614 hoc
1405 570 1466 614 ita
1497 568 1680 614 dixerit:

305 644 573 690 «Neminem
604 656 682 701 per
713 641 828 686 viam
863 639 1168 695 salutaveritis,
1201 658 1221 681 »
1246 648 1457 699 tanquam
1489 638 1679 684 diceret:

301 714 457 759 Omnia
477 710 831 773 praetermittatis,
847 709 955 754 dum
967 708 1087 770 quod
1099 708 1346 769 injunctum
1361 717 1427 753 est
1441 708 1679 768 peragatis:

301 800 350 829 ca
370 783 590 829 locutione
611 797 698 842 qua
717 780 858 826 solent
873 781 989 825 dicta
1006 778 1250 837 exaggerari
1270 777 1585 824 consuetudine
1599 793 1684 823 ser-

301 852 564 899 mocinandi.
582 854 670 898 Nec
685 850 816 910 longe
831 864 1082 909 pergamus:
1098 849 1144 892 in
1165 846 1320 893 eodem
1342 864 1540 894 sermone
1551 848 1683 907 paulo

300 934 399 984 post
420 923 525 968 dicit
546 942 555 968 ;
585 941 606 965 (1
628 924 686 966 Et
708 930 757 965 tu
777 921 1108 980 Capharnaum‚
1140 934 1239 979 quae
1269 934 1407 979 usque
1439 918 1496 963 ad
1522 917 1685 963 coelum

304 1013 324 1036 »
347 994 532 1038 exaltata
552 1008 620 1048 es,
642 991 844 1051 usquein
867 988 1088 1034 infernum
1111 988 1413 1048 deprimeris1?
1431 1007 1450 1031 »
1472 989 1586 1042 Quid
1605 998 1686 1044 est,

304 1084 324 1107 «
350 1067 497 1123 Usque
519 1063 574 1107 ad
595 1062 760 1107 coelum
782 1060 968 1105 exaltata
990 1061 1060 1103 es?
1076 1078 1095 1100 »
1122 1057 1348 1119 Numquid
1367 1058 1550 1104 civitatis
1571 1057 1688 1102 illius

301 1135 464 1178 moenia
498 1133 638 1177 nubes
680 1131 916 1188 tetigerunt
933 1164 944 1184 ,
985 1138 1059 1173 aut
1096 1128 1152 1173 ad
1188 1128 1329 1173 sidera
1370 1130 1688 1188 pervenerunt?

303 1204 388 1249 Sed
409 1202 516 1264 quid
535 1211 614 1256 est,
638 1220 658 1244 «
680 1204 731 1245 In
754 1200 918 1245 coelum
941 1198 1126 1243 exaltata
1149 1200 1220 1243 es?
1237 1217 1256 1240 »
1282 1198 1473 1245 Nimium
1490 1198 1569 1242 tibi
1586 1197 1689 1242 felix

299 1274 482 1329 videris,
513 1273 698 1317 nimium
723 1280 900 1332 potens,
932 1269 1117 1314 nimium
1147 1269 1334 1328 superba
1356 1285 1415 1313 es.
1441 1270 1565 1314 Sicut
1585 1284 1687 1327 ergo

300 1345 383 1389 hoc
402 1341 690 1402 exaggerandi
710 1341 845 1400 gratia
860 1339 1026 1384 dictum
1044 1348 1128 1383 est:
1150 1358 1172 1381 «
1187 1342 1240 1383 In
1253 1338 1417 1383 coelum
1431 1338 1643 1393 exaltaris,
1662 1357 1682 1379 »

300 1415 338 1458 ci
359 1414 549 1468 civitati,
583 1427 683 1471 quae
710 1426 801 1455 non
834 1425 971 1470 usque
1005 1409 1052 1452 in
1079 1408 1244 1453 coelum
1278 1408 1571 1463 exaltabatur,
1612 1417 1689 1453 aut

300 1483 560 1529 ascendebat
575 1501 585 1527 ι
600 1482 659 1526 sic
676 1497 755 1540 pro
769 1480 1045 1525 festinatione
1062 1479 1399 1537 exaggerationis
1416 1479 1583 1523 dictum
1596 1488 1684 1524 est:

300 1558 365 1599 Ita
386 1553 569 1607 currite,
595 1552 654 1595 sic
676 1551 788 1609 agite
813 1548 934 1609 quod
956 1548 1150 1607 injunxi,
1176 1556 1226 1591 ut
1253 1563 1308 1591 ne
1336 1548 1566 1592 minimum
1588 1549 1688 1608 qui-

299 1624 398 1669 dem
425 1638 500 1668 vos
521 1620 742 1666 retardent
756 1627 930 1677 agentes
944 1621 988 1675 23
1009 1616 1084 1662 sed
1100 1618 1246 1662 omnia
1262 1627 1607 1674 contemnentes,
1627 1618 1684 1664 ad

298 1697 429 1740 finem
451 1693 720 1754 propositum
743 1690 958 1734 festinate.

357 1768 435 1810 IX.
464 1765 550 1810 Sed
570 1772 633 1808 est
657 1760 775 1806 aliud
793 1760 913 1821 quod
935 1760 1004 1804 hic
1027 1760 1162 1819 magis
1184 1760 1418 1819 recogitem
1445 1776 1535 1806 non
1557 1760 1683 1806 dissi-

300 1836 400 1880 mile
429 1834 712 1892 intelligeress,
740 1831 861 1891 quod
888 1830 987 1890 plus
1008 1830 1196 1890 pertinet
1216 1830 1271 1874 ad
1292 1845 1362 1874 me
1387 1840 1431 1875 et
1451 1830 1507 1875 ad
1532 1847 1681 1877 omnes

299 1906 611 1966 dispensatores
627 1939 638 1958 ‚
658 1902 735 1948 sed
758 1911 800 1946 et
822 1901 878 1946 ad
896 1917 971 1947 vos
992 1901 1226 1946 auditores.
1252 1901 1336 1954 Qui
1356 1900 1540 1957 salutat,
1561 1902 1680 1946 salu-

300 1987 385 2021 tem
407 1976 525 2020 dicit.
551 1977 662 2019 Nam
683 1982 726 2017 et
743 1972 911 2031 antiqui
932 1972 977 2014 in
999 1970 1190 2030 epistolis
1207 1972 1292 2015 suis
1317 1972 1377 2015 sic
1398 1972 1646 2017 scribebant
1668 1992 1676 2017 ε

299 2046 376 2090 Ille
398 2045 461 2090 illi
490 2045 689 2090 salutem.
727 2041 937 2087 Salutatio
960 2056 983 2084 a
1006 2040 1143 2085 salute
1172 2056 1334 2084 nomen
1356 2042 1536 2100 accepit.
1563 2042 1681 2095 Quid

298 2132 400 2175 ergo
422 2125 485 2160 est
512 2135 520 2160 ε
550 2134 570 2157 «
595 2113 823 2160 Neminem
844 2111 891 2154 in
913 2111 981 2154 via
1004 2110 1313 2155 salutaveritis?
1338 2129 1357 2152 »
1384 2111 1470 2164 Qui
1491 2111 1680 2156 salutant

297 2187 343 2230 in
363 2187 446 2241 via,
464 2201 539 2245 per
556 2183 823 2229 occasionem
837 2180 1042 2225 salutant.
1057 2179 1195 2223 Video
1209 2195 1284 2224 vos
1298 2180 1385 2225 cito
1401 2180 1675 2236 intellexisse,

298 2272 377 2301 nec
400 2266 548 2300 tamen
569 2254 709 2299 debeo
725 2253 814 2312 jam
837 2252 977 2295 finire.
1003 2252 1100 2295 Non
1128 2251 1244 2294 enim
1266 2265 1415 2294 omnes
1436 2251 1523 2296 cito
1545 2251 1675 2295 intel-

298 2327 470 2372 lexistis.
498 2325 600 2371 Vidi
631 2326 677 2370 in
707 2339 813 2369 voce
839 2321 1150 2381 intelligenteS,
1176 2321 1321 2380 plures
1351 2320 1478 2367 video
1508 2321 1678 2367 siientio

298 2398 579 2457 requirentes.
618 2395 703 2441 Sed
725 2396 827 2454 quia
847 2392 902 2437 de
924 2392 992 2438 via
1021 2390 1259 2450 loquimur,
1295 2400 1503 2452 tanquam
1531 2393 1579 2436 in
1608 2392 1677 2436 via

344 2498 354 2514 1
372 2493 449 2524 Luc.
465 2502 500 2531 x,
519 2491 572 2524 15.
589 2507 630 2514 -
649 2496 663 2514 ²
681 2490 787 2522 ,Forte
803 2488 865 2521 iter
878 2490 1020 2530 agentes.
1036 2502 1078 2509 —
1093 2483 1107 2510 3
1121 2487 1228 2520 Forte
1246 2487 1446 2520 reconditum
1461 2498 1525 2520 non
1539 2486 1668 2520 difficile

299 2552 345 2579 est
364 2547 550 2589 intelligere.
