1898 3178
371 231 454 270 586
801 243 835 270 ε.
872 240 1101 270 Aneus'rrm
1133 242 1313 270 Emscom

371 306 477 351 dum
507 305 796 352 crediderant.
835 305 1066 359 Quomodo
1089 320 1190 363 ergo
1220 306 1278 349 eis
1301 305 1406 349 dicit
1427 323 1435 350 ε
1458 324 1478 347 «
1504 307 1610 349 Date
1638 305 1749 349 elee-

373 396 393 419 »
428 392 670 435 mosynam,
690 386 733 420 et
754 391 853 420 ecce
870 376 1014 420 omnia
1039 375 1199 420 munda
1221 385 1322 420 sunt
1344 375 1464 421 vobis
1480 377 1498 419 P
1514 394 1532 416 »
1557 376 1600 420 Si
1621 374 1748 419 audi—

370 458 466 493 rent
483 447 606 492 illum
621 447 840 501 Pharisaei,
856 456 897 490 et
910 445 1064 490 darent
1080 445 1389 503 eleemosynas,
1403 447 1489 506 jam
1509 445 1749 489 secundum

370 519 552 562 verbum
576 516 666 577 ejus
687 517 848 561 munda
865 515 947 561 illis
970 526 1110 561 essent
1130 518 1299 573 omnia,
1324 516 1430 577 quid
1453 531 1561 575 opus
1583 524 1673 560 erat
1700 525 1751 560 ut

371 588 597 633 crederent
618 588 663 631 in
700 603 816 631 eum.
859 588 901 633 Si
929 597 1072 631 autem
1106 587 1308 632 mundari
1331 602 1419 631 non
1451 596 1645 646 possent,
1669 587 1749 630 nisi

371 658 594 704 credentes
612 658 656 701 in
680 673 780 702 eum
816 658 892 718 qui
913 657 999 702 fide
1028 657 1211 702 mundat
1233 673 1307 702 cor
1327 679 1338 715 3
1359 656 1466 717 quid
1483 666 1547 701 est
1561 692 1572 711 ,
1603 676 1622 698 «
1644 660 1750 700 Date

377 751 393 771 »
429 730 772 787 eleemosynam,
799 738 841 772 et
864 744 962 773 ecee
985 729 1129 773 omnia
1147 727 1311 772 munda
1332 737 1433 773 sunt
1452 727 1608 772 vobis?
1628 745 1648 768 »
1674 730 1752 771 At-

372 801 599 845 tendamus
614 836 624 856 ,
648 809 690 844 et
711 800 825 845 forte
846 801 936 860 ipse
957 801 1147 860 exponit.

432 874 512 916 III.
530 874 642 916 Cum
664 872 758 915 haec
775 871 962 926 dixisset,
983 871 1074 915 sine
1095 869 1231 914 dubio
1253 870 1553 928 cogitaverunt
1569 867 1631 912 illi
1651 867 1751 928 quia

371 942 536 987 dabant
559 943 865 1000 eleemosynas.
887 945 943 986 Et
966 940 1187 1002 quomodo
1205 940 1390 985 dabant?
1404 939 1560 984 Omnia
1576 954 1652 983 sua
1671 938 1752 982 de-

371 1014 610 1068 cimabant,
650 1012 704 1057 de
732 1014 934 1057 omnibus
965 1012 1050 1057 suis
1084 1011 1300 1056 fructibus
1339 1011 1553 1056 decimam
1585 1019 1752 1069 partem

373 1084 674 1138 detrahebant,
700 1093 740 1127 et
760 1084 892 1143 ipsam
917 1083 1094 1127 dabant.
1116 1084 1212 1127 Non
1231 1081 1357 1125 facile
1374 1082 1456 1125 hoc
1474 1080 1628 1140 aliquis
1652 1078 1753 1123 facit

370 1153 654 1199 Christianus.
690 1156 803 1197 Ecce
836 1153 956 1213 quod
986 1151 1203 1196 faciebant
1237 1151 1394 1196 Judaei.
1430 1153 1528 1196 Non
1560 1150 1751 1194 triticum

370 1224 511 1270 solum
526 1260 537 1279 ,
563 1224 638 1269 sed
666 1234 709 1269 et
731 1224 881 1268 vinum
904 1233 947 1268 et
970 1222 1116 1268 oleum
1134 1225 1146 1248 ²
1179 1242 1187 1267 :
1214 1237 1357 1282 neque
1379 1223 1462 1266 hoc
1483 1221 1623 1266 solum
1638 1255 1649 1275 ,
1677 1220 1753 1264 sed

371 1296 500 1341 etiam
518 1305 560 1340 et
583 1312 647 1339 res
674 1295 1023 1354 contemptibiles
1054 1304 1231 1354 propter
1254 1302 1519 1353 praeceptum
1544 1294 1649 1346 Dei,
1676 1307 1754 1348 cy-

371 1367 560 1422 minum,
587 1376 745 1422 rutam,
773 1375 982 1422 mentam,
999 1374 1041 1409 et
1061 1366 1266 1410 anethum
1291 1374 1432 1409 totum
1453 1362 1749 1408 decimabant:

369 1436 413 1481 id
434 1448 518 1493 est,
544 1438 756 1482 decimam
779 1446 942 1496 partem
965 1436 1269 1489 detrahebant,
1293 1443 1335 1478 et
1358 1434 1653 1490 eleemosynas
1671 1431 1752 1476 da·-

373 1508 493 1552 bant.
520 1508 662 1553 Credo
685 1523 804 1566 ergo,
821 1509 923 1568 quia
941 1516 1252 1551 revocaverunt
1270 1505 1325 1549 ad
1341 1520 1401 1560 se,
1426 1514 1469 1549 et
1489 1512 1755 1564 putaverunt

374 1579 605 1623 Dominum
625 1579 845 1623 Christum
870 1579 1056 1621 inaniter
1079 1576 1228 1636 loqui,
1254 1575 1376 1636 quasi
1399 1576 1458 1619 eis
1475 1576 1551 1634 qui
1574 1590 1662 1619 non
1684 1574 1753 1618 fa-

371 1659 519 1693 cerent
540 1649 833 1705 eleemosynas
856 1667 863 1692 :
885 1663 986 1691 cum
1007 1647 1087 1706 ipsi
1109 1647 1268 1691 seirent
1288 1661 1416 1705 opera
1438 1661 1513 1689 sua
1530 1681 1541 1700 ,
1572 1643 1692 1704 quod
1711 1654 1753 1689 et

372 1720 656 1764 minutissima
679 1728 721 1762 et
748 1717 1091 1777 contemptibilia
1115 1716 1338 1761 fructuum
1361 1731 1538 1760 suorum
1561 1715 1753 1760 decima-

372 1790 494 1844 bant,
515 1798 557 1833 et
571 1789 865 1847 eleemosynas
883 1787 1062 1832 dabant.
1080 1787 1310 1831 Irriserunt
1326 1785 1450 1829 illum
1469 1785 1585 1844 apud
1597 1800 1641 1828 se
1653 1785 1753 1829 talia

372 1861 604 1915 dicentem,
621 1861 742 1920 quasi
761 1859 1012 1904 hominibus
1029 1859 1104 1917 qui
1122 1858 1415 1913 eleemosynas
1430 1871 1519 1900 non
1541 1855 1749 1900 facerent⁶

373 1934 464 1974 Hoc
500 1931 710 1974 Dominus
751 1930 885 1972 sciens
901 1963 911 1983 ,
956 1928 1166 1971 continuo
1202 1926 1426 1986 subjunxit
1454 1945 1463 1970 2
1511 1945 1532 1968 «
1564 1928 1753 1970 Verum-

375 2021 393 2042 »
430 2011 576 2045 tamen
605 2016 671 2045 vae
704 2000 848 2054 vobis,
886 1999 1048 2043 Scribae
1081 2007 1123 2041 et
1153 1998 1353 2042 Pharisaei
1373 2031 1384 2052 ,
1420 1997 1495 2056 qui
1528 1995 1751 2041 decimatis

376 2091 394 2113 »
431 2080 619 2115 mentam
638 2106 648 2126 ,
669 2070 891 2128 cyminum
911 2078 954 2113 et
975 2078 1114 2113 rutam
1131 2104 1142 2123 ,
1163 2077 1205 2112 et
1226 2083 1355 2112 omne
1377 2067 1471 2112 olus
1486 2071 1548 2110 2.»
1571 2069 1627 2111 Ut
1648 2067 1751 2111 seia-

375 2143 446 2196 tis,
468 2142 566 2186 novi
589 2141 882 2198 eleemosynas
899 2149 1072 2183 vestras.
1091 2142 1217 2183 Certe
1237 2139 1328 2186 istas¹
1345 2147 1447 2183 sunt
1464 2138 1751 2195 eleemosynae

373 2223 524 2257 vestrae
543 2248 553 2267 ,
569 2213 661 2256 istae
680 2222 782 2256 sunt
803 2211 982 2256 decimae
1004 2230 1012 2255 z
1039 2210 1168 2253 etiam
1187 2210 1355 2254 minuta
1377 2224 1566 2269 quaeque
1583 2218 1625 2253 et
1642 2224 1751 2253 con-

375 2283 629 2342 temptibilia
650 2283 873 2327 fructuum
898 2290 1137 2325 vestrorum
1160 2279 1407 2324 decimatis:
1437 2283 1528 2324 «Et
1544 2278 1752 2339 relinqui-

377 2374 396 2395 »
432 2355 483 2398 tis
509 2355 700 2413 graviora
724 2354 864 2412 LegiS,
885 2352 1100 2413 judicium
1122 2360 1164 2395 et
1185 2352 1455 2396 charitatem.
1474 2349 1746 2395 »Attendite.

374 2425 621 2485 Reliquistis
639 2425 853 2485 judicium
869 2433 912 2467 et
933 2423 1204 2474 charitatem,
1218 2432 1260 2466 et
1275 2421 1495 2466 decimatis
1509 2420 1638 2466 olera.
1655 2423 1752 2466 Non

374 2505 436 2539 est
458 2497 540 2540 hoc
568 2496 709 2540 facere
731 2494 1063 2552 eleemosynam.
1088 2513 1108 2536 «
1133 2496 1189 2538 Et
1222 2494 1342 2548 haec,
1377 2493 1548 2552 inquit,
1581 2500 1752 2551 oportet

423 2587 431 2602 ¹
454 2580 571 2614 Matth.
588 2591 679 2621 xxm,
698 2580 751 2612 23.
773 2596 813 2603 ·-
835 2586 847 2601 2
867 2581 945 2611 Luc.
966 2589 1011 2619 xi,
1032 2578 1087 2620 42.
