1898 3178
392 188 531 219 sssnmo
561 189 688 227 XLVI,
723 188 777 215 DE
810 184 1059 217 ius-romnus
1091 189 1137 217 ΙΝ
1170 188 1317 217 nzncn.
1488 179 1543 219 39

166 257 279 318 cipio
310 271 332 301 a
353 264 396 301 te
417 254 581 315 aliquid
608 253 720 298 forte
748 253 900 297 melius
930 269 1061 314 quam
1091 268 1306 313 saperem,
1342 254 1424 299 nisi
1450 270 1474 300 a
1504 264 1545 301 te

166 339 527 373 commemorarer
548 343 556 369 ε
573 322 719 368 Africa
737 323 792 367 sit
809 323 1024 369 meridies.
1048 324 1189 368 Timet
1203 323 1394 368 Ecclesia
1410 334 1550 369 trans-

165 397 329 443 marina
348 393 539 439 incidere
561 397 605 437 in
620 393 970 452 rebaptizatores,
991 394 1116 439 timet
1128 393 1321 439 incidere
1335 403 1548 455 tanquam

165 469 310 525 ignota
329 466 375 509 in
399 480 547 524 greges
583 463 822 520 sodalium,
848 463 1005 524 quaerit
1027 463 1082 508 ab
1103 479 1261 525 sponso
1281 480 1362 511 suo
1389 474 1441 510 ut
1472 482 1550 511 an-

165 538 338 582 nuntiet
353 536 416 580 illi
437 536 515 580 ubi
532 544 674 596 pascat
689 570 700 591 ,
724 535 804 580 ubi
825 535 960 580 cubet
977 535 1025 579 in
1041 536 1238 582 meridie.
1263 537 1375 591 Quia
1392 537 1437 581 in
1455 538 1549 597 ipso

164 607 344 652 meridie
364 607 410 650 in
430 606 520 650 aliis
542 606 678 666 pascit
694 641 706 662 ,
726 606 771 650 in
793 605 884 651 aliis
911 622 1002 652 non
1023 607 1159 666 pascit
1186 627 1195 653 ι
1220 609 1266 652 in
1286 607 1377 653 aliis
1397 608 1548 664 cubat,

120 710 125 714 -
165 678 210 722 in
231 677 321 722 aliis
353 692 443 721 non
469 677 618 721 cubat.
649 676 812 721 Audiat
842 677 1095 733 consilium,
1122 678 1268 723 veniat
1289 678 1345 723 ad
1366 679 1551 724 catholi-

165 763 258 793 cam
277 745 514 792 Ecclesiam
534 767 542 792 :
563 763 652 792 non
666 747 860 792 incurrat
871 747 917 791 in
938 762 1085 807 greges
1106 748 1336 804 sodalium,
1352 764 1442 793 non
1457 764 1550 808 pas-

165 827 235 863 cat
255 818 408 862 hoedos
430 832 543 862 suos.
564 818 649 862 Sed
667 817 738 862 dic
760 818 876 862 aliud
895 818 1015 878 quod
1035 827 1079 863 te
1099 817 1273 863 dicebas
1291 834 1381 863 esse
1402 818 1549 863 dictu-

163 904 276 932 rum.
310 889 524 947 Propheta
544 923 554 942 ,
575 888 741 947 inquit,
768 889 852 933 ait:
878 891 993 933 Deus
1021 889 1076 932 ab
1106 887 1252 934 Africo
1283 889 1473 934 veniet¹.
1495 891 1551 934 Et

159 959 248 1018 jam
273 957 352 1000 ubi
371 956 566 1012 AfricuS,
593 958 745 1017 utique
765 957 927 1002 Africa.
952 959 990 1003 Ο
1012 958 1333 1003 testimonium!
1359 962 1475 1003 Deus
1498 959 1553 1003 ab

161 1026 309 1072 Africo
331 1027 490 1071 veniet.
514 1027 581 1071 Ab
604 1027 750 1072 Africa
767 1027 914 1072 veniet
935 1030 1084 1073 Deus?
1106 1029 1306 1074 Alterum
1328 1029 1551 1073 Christum

161 1098 207 1141 in
223 1097 370 1141 Africa
388 1098 527 1151 nasci,
554 1106 597 1141 et
620 1098 682 1141 ire
702 1113 780 1154 per
807 1097 1023 1141 mundum
1045 1099 1240 1143 haeretici
1271 1099 1547 1142 annuntiant.

162 1169 287 1224 Rogo
304 1165 412 1225 quid
426 1176 487 1210 est
507 1186 514 1211 ι
539 1170 679 1209 «Deus
693 1165 748 1208 ab
761 1164 910 1209 Africo
923 1165 1099 1209 veniet?
1115 1166 1188 1209 »Si
1202 1166 1423 1212 diceretis:
1437 1170 1551 1211 Deus

161 1236 209 1280 in
229 1234 374 1279 Africa
408 1235 638 1289 remansit,
669 1234 823 1293 utique
852 1234 1038 1293 turpiter
1068 1234 1268 1280 diceretis
1293 1255 1302 1281 :
1328 1251 1447 1281 nunc
1469 1253 1550 1281 au-

161 1315 250 1350 tem
278 1305 426 1359 etiam,
454 1305 521 1348 Ab
539 1304 686 1348 Africa
707 1303 874 1359 veniet,
895 1303 1053 1348 dicitis.
1078 1306 1286 1350 Novimus
1302 1307 1450 1351 ubisit
1471 1323 1549 1351 na-

161 1386 231 1421 tus
253 1375 472 1430 Christus,
508 1375 585 1418 ubi
621 1374 675 1418 sit
710 1389 882 1434 passus,
907 1375 986 1418 ubi
1007 1375 1053 1419 in
1084 1375 1249 1420 coelum
1283 1376 1546 1433 ascenderit,

161 1448 281 1492 unde
300 1446 535 1505 discipulos
552 1446 716 1489 miserit
733 1479 744 1500 ‚
764 1446 844 1489 ubi
860 1460 932 1490 eos
951 1446 1114 1505 Spiritu
1130 1456 1280 1492 sancto
1296 1447 1543 1508 repleverit,

161 1517 239 1562 ubi
259 1531 337 1576 per
357 1525 500 1560 totum
522 1515 738 1559 mundum
759 1516 1053 1576 evangelizare
1068 1518 1245 1577 jusserit
1270 1537 1280 1564 :
1306 1527 1350 1563 et
1370 1519 1548 1564 obtem-

160 1595 370 1648 perarunt
391 1587 428 1630 ei
446 1621 456 1641 ,
477 1595 519 1630 et
538 1585 745 1645 impletur
761 1586 878 1631 orbis
896 1595 1111 1633 terrarum
1136 1589 1404 1649 Evangeli03
1432 1599 1476 1635 et
1496 1599 1545 1634 tu

161 1657 290 1703 dicis:
315 1676 335 1699 «
359 1660 473 1701 Deus
497 1657 551 1700 ab
573 1656 718 1708 Africa
739 1656 914 1701 veniet?
938 1673 960 1697 »

209 1729 538 1785 XXXIXErgo
550 1735 599 1771 tu
610 1727 733 1781 mihi,
743 1727 903 1787 inquit,
919 1740 1086 1786 expone
1098 1725 1208 1787 quid
1221 1736 1305 1772 est:
1321 1746 1344 1770 «
1359 1730 1475 1773 Deus
1484 1731 1540 1774 ab

160 1817 181 1840 »
203 1798 351 1843 Africo
365 1798 522 1842 veniet.
536 1797 638 1840 »Dic
652 1805 810 1852 totum,
827 1806 871 1841 et
883 1795 1070 1841 fortassis
1082 1796 1312 1856 intelliges.
1323 1816 1343 1841 «
1356 1801 1469 1843 Deus
1484 1800 1539 1843 ab

166 1886 188 1911 »
207 1867 355 1914 Africo
369 1868 528 1922 veniet,
541 1876 585 1912 e‘t
599 1875 770 1912 sanctus
786 1865 841 1911 de
855 1875 1003 1911 monte
1015 1868 1342 1912 umbroso.»Tu
1355 1868 1463 1912 mihi
1475 1884 1547 1913 ex—

163 1953 278 1998 pone
293 1973 303 1992 ,
330 1939 363 1981 si
378 1939 466 1997 jam
482 1938 537 1981 ab
560 1936 705 1982 Africa
716 1972 727 1992 ,
750 1935 974 1997 quomodo
990 1935 1045 1981 de
1061 1945 1209 1982 monte
1226 1937 1465 1983 umbroso?
1486 1942 1548 1983 De

163 2006 369 2054 Numidia
393 2016 494 2051 nata
515 2016 578 2051 est
606 2022 703 2066 pars
732 2007 891 2051 Donati
912 2024 922 2052 :
946 2007 1028 2066 ipsi
1055 2007 1172 2051 missi
1201 2016 1304 2052 sunt
1324 2011 1465 2067 primo
1500 2010 1547 2053 in

165 2077 502 2132 dissensionem,
537 2085 581 2120 et
615 2075 881 2131 tumultum,
919 2085 963 2121 et
983 2076 1264 2132 scandalum,
1295 2087 1540 2136 quaerentes

162 2148 314 2206 ingens
333 2146 513 2201 vulnus,
538 2147 738 2191 Numidae
760 2146 968 2191 miserunt
981 2149 1014 2191 ².
1035 2147 1260 2192 Secundus
1284 2148 1540 2206 Tigisitanus

164 2218 306 2272 misit,
340 2218 488 2262 ubisit
514 2218 662 2276 Tigisi,
691 2226 846 2262 notum
877 2226 955 2263 est.
985 2219 1072 2272 Qui
1100 2219 1216 2263 missi
1243 2227 1344 2263 sunt
1374 2218 1542 2274 clerici,

165 2296 283 2331 extra
307 2295 680 2346 congregaverunt
700 2287 756 2331 ab
771 2287 980 2343 Ecclesia,
1008 2288 1060 2332 ad
1079 2287 1256 2333 clericos
1272 2289 1545 2348 Carthaginis
1585 2278 1589 2282 ⁸

168 2358 371 2402 accedere
384 2357 634 2402 noluerunt.
651 2358 925 2402 visitatorem
947 2366 1205 2418 posuerunt,
1226 2373 1250 2403 a
1267 2358 1435 2404 Lucilla
1452 2374 1547 2404 sus-

168 2428 283 2487 cepti
314 2436 430 2472 sunt.
462 2431 626 2472 Auctor
646 2428 778 2472 totius
809 2429 942 2488 hujus
975 2429 1076 2473 mali
1109 2427 1297 2474 Numida
1323 2429 1552 2474 haereticus

219 2518 226 2533 ¹
249 2512 371 2544 Habac.
396 2523 443 2552 ln,
466 2512 494 2544 3.
516 2528 557 2535 —
576 2520 588 2535 ²
607 2512 685 2544 Vide
702 2512 801 2553 Epist.
818 2522 905 2554 xmu,
930 2517 964 2544 et
981 2512 1034 2545 lib.
1055 2512 1096 2545 de
1116 2512 1299 2546 haeresibus.
