1898 3178
402 171 424 210 4
433 171 485 209 56
836 178 868 206 S.
907 179 928 205 A
937 179 1135 205 UGUSTINI
1169 179 1347 206 Erlscori

405 268 422 289 »
449 261 537 291 non
552 246 700 290 sinunt
714 246 774 288 ire
789 245 833 287 in
848 244 1045 287 tenebras
1061 244 1079 286 P
1096 245 1315 288 »Noverat
1331 242 1404 286 1116
1419 243 1474 287 de
1485 258 1569 303 qua
1584 244 1682 289 11166
1697 245 1782 290 dou

400 326 516 362 ceret
538 316 674 360 filium
691 350 702 370 ‚
733 324 912 359 noverat
945 315 990 358 in
1012 315 1213 360 interiore
1230 316 1407 360 homine
1438 317 1557 376 quod
1586 317 1778 363 videbat.

401 387 536 433 Filius
557 387 669 446 patri
691 385 939 444 porrigebat
960 401 1156 442 manum,
1175 395 1226 431 ut
1243 385 1485 431 ambularet
1501 402 1578 447 per
1594 396 1751 434 terram
1767 409 1779 447 3

400 469 442 504 et
464 467 585 518 pater
601 457 692 501 filio
708 491 720 512 ,
740 465 790 501 ut
802 456 1019 501 habitaret
1039 457 1085 501 in
1102 457 1230 502 coelo.

457 530 598 573 XVII.
638 526 830 571 Breviter
849 562 861 582 ,
900 536 951 571 ut
977 527 1235 572 concludam
1249 563 1260 582 ‚
1302 527 1454 571 fratres
1469 562 1481 583 ,
1530 529 1782 573 Sermonem

398 601 529 644 istum
544 634 555 654 ‚
581 613 631 642 ex
654 613 706 643 eo
727 597 847 659 quod
868 614 947 644 nos
968 599 1208 658 plurimum
1237 598 1375 656 tangit
1396 607 1527 658 atque
1549 600 1691 658 angit,
1714 600 1782 646 vi-

399 670 498 714 dete
519 684 607 713 esse
630 669 780 714 turbas
802 685 903 730 quae
933 670 1169 730 corripiant
1190 683 1326 714 caecos
1348 669 1597 714 clamantes.
1620 670 1783 715 Omnes

397 742 473 802 qui
494 741 541 784 in
559 741 640 784 hac
662 741 791 784 turba
812 741 952 785 sanari
980 741 1132 796 vultis,
1157 755 1248 785 non
1275 755 1350 785 vos
1372 740 1618 785 deterreant
1644 758 1653 785 z
1681 741 1783 800 quia

398 811 644 857 multisunt
661 812 837 856 nomine
853 812 1085 857 Christiani
1103 832 1114 868 3
1139 819 1182 855 et
1203 811 1406 870 operibus
1427 811 1549 871 impii
1566 832 1577 869 3
1597 826 1688 856 non
1708 827 1783 857 vos

397 884 643 927 deterreant
656 883 816 927 abonis
839 883 1058 943 operibus.
1079 881 1272 927 Clamate
1289 882 1400 927 inter
1418 882 1568 927 turbas
1588 897 1786 943 compes-

399 963 560 1008 centes,
585 963 858 1009 revocantes,
882 953 1157 1008 insultantes,
1177 945 1291 998 'male
1313 954 1519 998 viventes.
1547 956 1646 998 Non
1668 954 1785 998 enim

397 1024 497 1069 solis
519 1025 701 1068 vocibus
723 1025 1018 1083 comprimunt
1051 1025 1188 1068 bonos
1210 1025 1475 1070 Christianos
1497 1024 1616 1079 mali,
1642 1023 1719 1069 sed
1741 1033 1785 1069 et

398 1094 520 1138 malis
540 1094 760 1154 operibus.
797 1097 893 1140 Non
916 1094 1013 1139 vult
1028 1095 1169 1139 bonus
1206 1095 1474 1140 Christianus
1496 1095 1556 1139 ire
1573 1103 1780 1155 spectare.

398 1169 492 1211 Hoc
511 1167 653 1225 ipsum
671 1165 792 1225 quod
813 1163 955 1210 frenat
978 1167 1372 1226 concupiscentiam
1394 1181 1516 1211 suam
1531 1201 1542 1221 ‚
1559 1181 1615 1210 ne
1633 1175 1786 1226 pergat

399 1237 453 1282 ad
474 1239 693 1282 theatrum
711 1272 720 1292 ,
746 1237 904 1281 clamat
926 1247 1025 1297 post
1047 1238 1267 1283 Christum
1283 1272 1294 1293 ,
1317 1238 1476 1282 clamat
1507 1246 1557 1281 ut
1589 1247 1780 1282 sanetur.

398 1308 483 1352 Alii
500 1316 769 1353 concurrunt
784 1343 795 1363 ‚
815 1307 889 1352 sed
912 1306 1024 1352 forte
1047 1310 1231 1367 Pagani‚
1258 1306 1369 1352 sorte
1386 1307 1543 1352 Judaei.
1571 1311 1665 1352 Imo
1681 1323 1784 1353 vero
1830 1363 1832 1365 .
1875 1360 1876 1363 Ἴ

398 1389 488 1423 tam
511 1379 637 1438 pauci
655 1387 795 1423 essent
816 1379 862 1422 in
883 1379 1060 1422 theatris
1077 1413 1088 1433 ,
1110 1387 1160 1422 ut
1174 1378 1471 1422 erubescendo
1494 1377 1781 1435 discederent,

399 1451 431 1493 si
454 1449 690 1494 Christiani
712 1449 766 1492 ad
789 1449 956 1492 theatra
979 1463 1067 1492 non
1103 1447 1373 1492 accederent.
1399 1451 1594 1493 Currunt
1617 1463 1720 1507 ergo
1742 1458 1785 1494 et

398 1518 480 1572 illi,
506 1527 727 1578 portantes
749 1526 947 1561 sanctum
981 1533 1141 1562 nomen
1174 1518 1229 1561 ad
1255 1533 1433 1578 poenam
1462 1533 1600 1563 suam.
1635 1518 1784 1565 Clama

398 1605 500 1648 ergo
523 1605 611 1633 non
633 1589 802 1644 eundo,
828 1603 1029 1647 premens
1050 1589 1096 1631 in
1117 1589 1247 1632 corde
1271 1598 1348 1633 tuo
1369 1589 1653 1649 temporalem
1674 1605 1784 1635 con-

396 1661 727 1719 cupiscentiam3
747 1668 788 1702 ct
806 1668 905 1703 tene
928 1668 971 1703 te
992 1659 1038 1703 in
1061 1659 1249 1704 clamore
1279 1658 1381 1704 sorti
1415 1669 1459 1704 et
1488 1661 1783 1720 perseveranti

396 1729 451 1774 ad
473 1744 596 1774 aures
617 1728 846 1773 Salvatoris
867 1764 877 1780 ,
904 1738 953 1773 ut
974 1737 1056 1773 stet
1079 1731 1202 1773 Jesus
1219 1764 1230 1784 ‚
1255 1738 1299 1774 et
1315 1739 1438 1774 curet
1458 1739 1515 1774 te.
1537 1733 1656 1774 Inter
1672 1731 1783 1790 ipsas

396 1805 544 1844 turbas
568 1800 703 1844 clama
719 1835 730 1854 ,
756 1814 809 1843 116
831 1798 1030 1858 desperes
1053 1799 1108 1843 de
1129 1799 1305 1843 auribus
1326 1800 1513 1843 Domini.
1540 1801 1639 1845 Non
1666 1801 1782 1845 enim

397 1880 440 1915 ct
453 1870 516 1914 illi
529 1871 631 1915 caeci
644 1886 695 1914 ex
710 1869 783 1913 illa
795 1879 918 1929 parte
932 1869 1247 1925 clamaverunt,
1263 1869 1339 1913 ubi
1355 1870 1483 1913 turba
1498 1885 1588 1914 non
1603 1879 1711 1926 erat,
1731 1880 1783 1914 ut

396 1958 448 1986 ex
465 1957 512 1986 ea
525 1952 646 2001 parte
659 1940 930 1996 audirentur,
948 1941 1026 1985 ubi
1039 1957 1128 1985 non
1147 1949 1256 1985 esset
1266 1940 1628 1999 impedimentum
1640 1942 1782 2000 prohi-

397 2014 610 2057 bentium.
623 2013 859 2072 Interipsas
874 2011 1023 2056 turbas
1032 2011 1351 2056 clamaverunt:
1365 2021 1408 2056 et
1420 2021 1563 2056 tamen
1572 2013 1781 2057 Dominus

397 2084 577 2128 audivit.
601 2083 668 2127 Sic
692 2092 735 2126 et
755 2098 829 2126 vos
851 2082 979 2126 etiam
1009 2083 1123 2125 inter
1144 2091 1391 2141 peccatores
1413 2091 1456 2126 et
1484 2081 1750 2127 luxuriantes
1766 2119 1777 2138 ‚

396 2155 507 2198 inter
528 2162 739 2198 amatores
761 2151 1032 2197 saecularium
1050 2152 1310 2208 vanitatum,
1329 2152 1389 2196 ibi
1411 2151 1616 2208 clamate,
1645 2162 1692 2197 ut
1714 2168 1781 2197 sa-

398 2234 471 2268 net
503 2240 578 2269 vos
613 2225 838 2268 Dominus.
874 2222 1017 2268 Nolite
1049 2237 1126 2282 per
1159 2222 1285 2266 aliam
1307 2231 1474 2282 partem
1508 2222 1693 2267 clamare
1725 2223 1780 2267 ad

396 2296 653 2350 Dominum,
678 2294 812 2338 nolite
835 2294 889 2338 ad
912 2293 1137 2338 haereticos
1159 2294 1241 2349 ire,
1267 2303 1311 2337 et
1330 2294 1392 2337 ibi
1409 2293 1594 2338 clamare
1613 2293 1667 2338 ad
1691 2297 1779 2338 Do—

396 2366 577 2408 minum.
600 2365 840 2419 Attendite,
858 2364 1031 2419 fratres,
1052 2364 1154 2423 quia
1176 2364 1220 2407 in
1234 2363 1306 2407 illa
1321 2364 1450 2408 turba
1471 2379 1570 2424 quae
1592 2363 1778 2409 clamare

398 2435 659 2491 prohibebat
675 2470 686 2489 ,
711 2434 771 2478 ibi
789 2434 926 2478 sanati
948 2443 1049 2478 sunt
1070 2433 1145 2493 qui
1177 2433 1437 2478 clamabant.

457 2507 618 2547 XVIII.
646 2508 753 2549 Nam
779 2515 819 2549 et
840 2507 924 2550 hoc
946 2505 1139 2549 attendat
1159 2505 1368 2549 Sanctitas
1387 2507 1536 2549 Vestra
1556 2540 1566 2560 ‚
1590 2503 1695 2565 quid
1723 2505 1775 2550 sit

1838 814 1842 887 1

1839 891 1842 908 1
