1898 3178
348 216 431 258 334
776 226 810 255 s.
847 227 1076 253 AUGUSTINI
1109 227 1288 253 EPISCOPI

349 294 508 340 Scribae
526 302 569 337 et
583 292 801 345 Pharisaei,
818 294 841 335 J
848 290 1073 335 udaeorum
1088 290 1222 349 spinae
1239 299 1284 334 et
1300 288 1474 333 tribuli:
1492 298 1535 333 et
1550 298 1721 335 tamen:

350 385 371 408 «
395 368 503 418 Quae
524 364 692 417 dicunt,
718 362 845 406 facite
863 377 872 402 :
892 377 992 421 quae
1008 370 1152 405 autem
1166 361 1351 415 faciunt,
1372 358 1513 404 facere
1529 358 1680 404 nolite.
1699 377 1721 400 n

346 434 576 493 Colligitur
597 448 699 491 ergo
731 431 787 476 de
807 431 940 491 spinis
973 447 1057 477 uva
1073 467 1083 487 ‚
1108 440 1154 475 et
1175 432 1230 475 de
1258 430 1427 475 tribulis
1457 431 1591 485 ficus,
1615 429 1729 474 sicut

347 504 466 549 dedit
497 504 578 548 tibi
599 501 841 547 secundum
873 502 1140 561 superiorem
1175 510 1407 546 tractatum
1434 500 1724 544 intellectum.

345 578 455 621 Nam
477 584 519 618 et
541 572 776 634 aliquando
796 573 842 616 in
862 573 1033 632 spinosa
1054 588 1154 632 sepe
1176 573 1316 617 vineae
1339 571 1565 631 implicant
1586 587 1630 616 se
1659 571 1728 615 vi-

349 656 410 690 tes
426 680 436 696 ,
462 654 505 689 et
527 644 582 688 de
603 643 715 688 rubo
744 642 938 704 pendent
963 644 1091 688 botri.
1118 642 1280 687 Audito
1302 642 1480 697 nomine
1507 642 1730 701 spinarum

346 724 675 774 contempturus
707 729 752 758 es
779 729 923 758 uvam.
950 713 1141 773 Require
1174 713 1362 757 radicem
1399 712 1647 772 spinarum,
1687 719 1732 755 et

347 787 446 832 vide
474 787 552 830 ubi
572 786 780 831 invenias.
814 787 1002 845 Sequere
1036 784 1226 829 radicem
1258 784 1375 828 botri
1407 783 1663 842 pendentis,
1688 791 1732 827 et

346 858 446 904 vide
483 858 562 902 ubi
592 858 800 902 invenias.
845 857 912 902 Sic
944 856 1138 914 intellige
1168 854 1288 899 aliud
1322 855 1536 915 pertinere
1572 854 1628 900 ad
1657 869 1732 900 cor

350 928 578 983 Pharisaei,
602 937 646 972 et
666 926 785 972 aliud
806 927 861 971 ad
884 927 1136 971 cathedram
1159 926 1315 983 Moysi.

407 1002 460 1044 V.
489 998 573 1044 Sed
594 1014 728 1059 quare
749 998 812 1042 illi
834 997 967 1042 tales?
992 1017 1012 1039 «
1033 997 1144 1050 Quia
1164 996 1383 1052 velamen,
1416 997 1588 1057 inquit,
1613 996 1732 1056 posi-

352 1088 372 1112 »
399 1078 493 1114 tum
515 1078 579 1113 est
607 1084 735 1128 super
762 1084 836 1113 cor
867 1083 1017 1112 eorum
1035 1070 1064 1111 ¹.
1091 1070 1148 1112 Et
1169 1082 1260 1112 non
1284 1067 1438 1112 vident
1460 1068 1562 1128 quia
1583 1075 1734 1111 vetera

350 1159 371 1182 n
397 1140 661 1185 transierunt
685 1148 728 1182 et
747 1137 862 1183 facta
882 1147 985 1182 sunt
1000 1138 1145 1182 omnia
1168 1141 1314 1182 nova‘l.
1343 1156 1363 1179 »
1386 1137 1498 1182 Hinc
1519 1136 1582 1181 illi
1598 1136 1730 1193 tales,

347 1221 390 1255 et
411 1211 679 1271 quicumque
700 1209 827 1253 etiam
845 1225 963 1253 nunc
988 1208 1107 1252 tales.
1135 1207 1260 1252 Unde
1291 1210 1466 1252 vetera?
1498 1208 1608 1261 Quia
1624 1208 1732 1267 jam-

347 1282 423 1326 diu
444 1280 751 1342 praedicantur.
778 1279 903 1324 Unde
925 1280 1062 1324 nova?
1083 1279 1191 1332 Quia
1213 1278 1268 1323 ad
1290 1294 1476 1338 regnum
1499 1278 1577 1323 Dei
1597 1278 1733 1337 perti-

348 1361 468 1397 nent.
493 1351 726 1405 Quomodo
748 1366 851 1409 ergo
872 1348 1039 1394 tollitur
1060 1348 1274 1404 velamen,
1298 1348 1403 1394 dicit
1424 1349 1515 1407 ipse
1538 1352 1730 1408 Aposto—

347 1424 415 1468 lus
435 1443 444 1468 :
474 1442 494 1466 «
517 1425 630 1468 Cum
649 1431 794 1466 autem
815 1421 1031 1465 transieris
1053 1420 1108 1464 ad
1128 1421 1362 1465 Dominum
1377 1455 1388 1475 ‚
1410 1420 1633 1464 auferetur
1655 1434 1732 1465 ve-

351 1514 371 1536 »
396 1494 587 1538 lame11³.
616 1511 636 1533 »
667 1491 846 1536 Judaeus
874 1505 975 1548 ergo
1006 1506 1097 1535 non
1131 1490 1341 1534 transiens
1377 1490 1432 1534 ad
1469 1491 1727 1546 Dominum,

348 1581 438 1610 non
464 1562 683 1625 pertendit
704 1563 837 1607 aciem
859 1562 1015 1606 mentis
1032 1561 1076 1605 in
1098 1562 1245 1605 finem.
1272 1560 1503 1615 Quomodo
1523 1561 1600 1606 illo
1622 1571 1731 1606 tem-

348 1651 453 1695 pore
473 1636 519 1678 in
536 1635 618 1678 hac
639 1634 778 1693 figura
795 1632 872 1676 filii
890 1632 1019 1676 Israel
1036 1647 1124 1676 non
1142 1631 1458 1691 pertendebant
1474 1632 1611 1676 aciem
1626 1648 1731 1677 ocu-

347 1707 490 1751 lorum
513 1720 691 1750 suorum
712 1705 757 1748 in
778 1705 911 1747 finem
926 1738 937 1757 ‚
965 1701 1011 1746 id
1040 1711 1125 1756 est,
1150 1704 1195 1746 in
1225 1702 1379 1746 faciem
1400 1704 1555 1760 Moysi.
1582 1703 1730 1748 Facies

348 1779 464 1821 enim
486 1775 626 1833 Moysi
647 1773 873 1834 splendida
894 1773 1078 1831 figuram
1101 1772 1291 1817 habebat
1312 1773 1501 1817 veritatis
1518 1774 1533 1798 4
1562 1793 1571 1818 ε
1595 1773 1730 1817 inter-

347 1847 535 1906 positum
557 1854 620 1889 est
635 1844 854 1898 velamen,
880 1843 980 1902 quia
1002 1858 1091 1887 non
1114 1850 1314 1901 poterant
1335 1842 1560 1887 intendere
1581 1842 1727 1887 adhuc

348 1916 624 1976 splendorem
644 1913 791 1959 vultus
813 1929 904 1974 ejus
926 1911 1003 1956 filii
1022 1912 1165 1956 Israel.
1186 1915 1294 1966 Quae
1317 1913 1455 1971 figura
1473 1922 1724 1958 evacuatur.

352 1987 418 2032 Sic
431 1987 545 2030 enim
557 1985 666 2029 dixit
685 1982 916 2044 Apostolus
937 2002 946 2027 ε
967 2002 987 2025 α
1004 1985 1111 2035 Quae
1129 1992 1408 2027 evacuantur.
1425 2002 1444 2025 »
1463 1986 1607 2037 Quare
1628 1999 1730 2029 eva-

348 2057 557 2102 cuantur?
580 2055 688 2108 Quia
709 2054 909 2099 veniente
929 2053 1187 2111 imperatore
1208 2053 1416 2112 imagines
1439 2053 1655 2098 toll-untur
1671 2053 1727 2098 de

349 2128 506 2172 medio.
533 2126 599 2170 Ibi
629 2134 848 2185 spectatur
867 2124 1034 2182 imago,
1066 2123 1142 2167 ubi
1163 2123 1398 2182 imperator
1427 2140 1614 2184 praesens
1636 2140 1727 2169 non

348 2208 410 2242 est
429 2215 439 2241 .·
460 2197 538 2241 ubi
560 2205 624 2240 est
645 2204 791 2239 autem
808 2193 880 2238 ille
896 2195 1018 2253 cujus
1040 2203 1104 2238 est
1119 2194 1276 2252 imago,
1296 2194 1439 2253 imago
1460 2204 1722 2240 removetur.

350 2269 560 2327 Imagines
581 2282 682 2325 ergo
702 2265 1064 2326 praeferebantur,
1090 2274 1324 2324 antequam
1352 2266 1518 2310 veniret
1538 2266 1728 2324 impera-

349 2348 414 2382 tor
436 2348 580 2383 noster
608 2338 818 2382 Dominus
846 2339 970 2380 Jesus
1001 2335 1214 2381 Christus.
1249 2336 1514 2395 Imaginibus
1546 2336 1727 2381 sublatis

346 2408 485 2468 fulget
499 2408 724 2469 praesentia
737 2406 1022 2467 imperatoris.
1044 2409 1159 2465 Ergo
1182 2422 1284 2450 cum
1305 2407 1519 2451 transierit
1539 2407 1726 2467 quisque

411 2511 420 2527 ¹
442 2514 460 2536 2
479 2507 552 2538 Cor.
572 2516 626 2546 in,
654 2505 705 2538 15.
726 2522 766 2527 -—
798 2510 810 2526 2
832 2504 880 2536 Id.
902 2514 936 2545 v,
959 2513 1011 2545 ¹7·
1029 2519 1071 2525 —
1091 2501 1105 2525 3
1130 2502 1236 2535 Florus
1260 2503 1302 2535 ad
1320 2512 1338 2535 2
1364 2506 1436 2536 Cor.
1462 2514 1510 2541 in,
1534 2503 1583 2535 16.
1601 2502 1725 2536 -4111

346 2570 365 2593 2
379 2562 452 2592 Cor.
472 2570 517 2600 ιιι,
540 2559 593 2592 13.

1850 2817 1853 2831 t

1850 3017 1871 3119 ‘i
