1898 3178
376 260 455 296 112
803 266 834 293 s.
874 264 1103 294 mensum
1139 266 1319 294 Episcom

373 352 392 376 »
431 335 603 378 iuventa
618 332 738 377 estin
752 340 875 375 utero
889 331 1054 375 habens
1071 331 1126 376 de
1145 332 1307 391 Spiritu
1324 340 1487 376 sancto,
1501 333 1525 375 J
1529 332 1663 390 oseph
1678 346 1752 376 au-

373 423 393 445 »
430 414 516 449 tem
539 405 603 449 vir
626 404 716 462 ejus
734 417 833 446 cum
855 411 963 446 esset
979 403 1120 461 justus
1135 437 1146 458 ,
1171 412 1214 447 et
1235 402 1371 447 nollet
1393 418 1486 447 eam
1506 402 1748 457 traducere,

373 494 393 516 »
429 475 566 520 voluit
588 489 682 518 eam
713 472 882 517 occulte
903 472 1120 517 dimittere
1139 475 1169 516 ¹.
1196 491 1215 514 »
1242 472 1350 525 Quia
1371 472 1485 516 enim
1509 473 1564 516 de
1587 488 1630 516 se
1653 488 1752 531 gra-

371 545 514 589 vidam
536 559 625 588 non
647 558 736 587 esse
758 543 921 588 sciebat
937 578 948 599 ‚
967 545 1055 603 jam
1089 543 1208 587 velut
1241 551 1559 602 consequenter
1581 542 1754 586 adulte-

371 632 462 661 ram
480 615 764 660 existimabat.
788 634 808 656 «
828 616 941 660 Cum
957 624 1066 659 esset
1079 615 1220 674 justus
1237 649 1248 669 ‚
1267 613 1377 658 sicut
1394 614 1613 672 Scriptura
1630 613 1751 669 dicit,

372 705 393 727 »
429 696 472 730 et
487 685 623 730 nollet
637 701 732 730 eam
747 685 988 740 traducere,
1005 685 1049 729 id
1066 695 1143 739 est,
1161 684 1397 742 divulgare,
1416 699 1513 728 nam
1529 685 1613 728 hoc
1625 685 1756 727 etiam

374 779 390 806 η
427 756 554 801 multi
576 755 743 802 codices
772 756 938 801 habent
954 792 964 811 ‚
1004 755 1143 800 voluit
1165 771 1258 799 eam
1283 753 1453 799 occulte
1475 754 1709 809 dimittere.
1732 773 1751 795 »

371 827 591 872 Turbatur
619 826 798 887 quidem
833 827 1033 880 maritus,
1070 826 1143 869 sed
1169 841 1257 869 non
1296 825 1416 868 saevit
1435 826 1591 884 justus.
1621 816 1756 868 Tanta

371 899 487 942 enim
501 898 667 958 justitia
684 897 893 941 tribuitur
906 897 1008 940 huic
1019 897 1130 951 viro,
1148 905 1197 940 ut
1211 912 1290 940 nec
1308 895 1437 939 vellet
1452 896 1611 939 habere
1629 894 1757 938 adul-

371 978 525 1023 teram,
547 984 627 1012 nec
641 967 817 1012 auderet
832 968 986 1027 punire
1000 967 1236 1026 vulgatam.
1261 985 1280 1007 «
1297 965 1446 1010 Voluit
1463 982 1573 1020 eam,
1592 966 1754 1026 inquit,

373 1057 393 1079 »
420 1038 589 1083 occulte
606 1038 823 1082 dimittere
841 1057 849 1082 :
867 1057 884 1078 »
907 1037 1007 1097 quia
1026 1053 1115 1081 non
1134 1037 1274 1081 solum
1298 1052 1391 1080 eam
1412 1038 1569 1095 punire
1588 1036 1727 1080 noluit
1745 1071 1755 1090 ‚

367 1108 445 1153 sed
466 1124 546 1152 nec
569 1110 765 1167 prodere.
800 1109 1023 1151 Attendite
1043 1108 1252 1151 sinceram
1267 1107 1495 1167 justitiam.
1526 1110 1624 1151 Non
1644 1108 1757 1150 enim

369 1188 595 1238 propterea
619 1193 792 1237 parcere
818 1177 995 1222 volebat
1011 1213 1020 1231 ,
1047 1177 1167 1237 quod
1186 1177 1348 1221 habere
1379 1178 1595 1236 cupiebat.
1630 1176 1759 1221 Multi

369 1249 486 1293 enim
510 1263 655 1292 amore
678 1248 840 1291 carnali
862 1247 1069 1290 adulteris
1094 1247 1302 1291 uxoribus
1325 1256 1534 1306 parcunt,
1566 1246 1760 1290 volentes

370 1336 439 1364 eas
461 1329 504 1364 et
535 1318 752 1363 adulteras
781 1318 943 1361 habere
961 1353 971 1372 ‚
1009 1327 1057 1361 ut
1079 1318 1138 1361 eis
1164 1333 1241 1377 per
1276 1317 1493 1361 carnalem
1527 1318 1759 1376 concupis-

368 1391 552 1434 centiam
571 1388 865 1448 perfruantur.
887 1387 967 1432 Hic
985 1397 1131 1431 autem
1147 1387 1212 1431 vir
1222 1389 1362 1447 justus
1380 1388 1540 1431 habere
1557 1403 1649 1431 eam
1670 1403 1758 1431 non

370 1461 493 1505 vult:
519 1475 621 1518 ergo
647 1475 737 1503 non
769 1457 999 1502 carnaliter
1027 1457 1182 1516 diligit.
1225 1461 1281 1501 Et
1313 1468 1457 1501 tamen
1488 1459 1644 1516 punire
1671 1474 1758 1502 non

369 1530 466 1576 vult
487 1549 495 1574 ;
517 1545 617 1587 ergo
634 1527 968 1573 misericorditer
984 1528 1133 1586 parcit.
1158 1527 1308 1579 Qualis
1324 1527 1395 1571 hic
1408 1529 1551 1588 justus
1563 1530 1656 1571 est?
1671 1531 1759 1573 Nec

370 1611 490 1646 tenet
511 1600 752 1644 adulteram
769 1634 779 1653 ‚
814 1613 894 1642 nec
917 1606 1146 1657 propterea
1180 1613 1356 1656 parcere
1388 1598 1561 1641 videtur
1578 1602 1595 1623 ‘2
1616 1634 1625 1652 ‚
1657 1599 1758 1658 quia

371 1671 600 1721 libidinose
621 1669 821 1727 diligeret
839 1687 846 1712 z
872 1677 915 1711 et
935 1676 1083 1710 tamen
1108 1682 1188 1711 nec
1208 1668 1356 1727 punit,
1378 1684 1457 1712 nec
1479 1668 1638 1727 prodit.
1666 1673 1759 1713 Me·

371 1742 454 1785 rito
477 1741 605 1800 plane
627 1741 745 1784 testis
761 1740 924 1783 electus
937 1748 1000 1782 est
1017 1738 1274 1795 virginitatis
1295 1739 1453 1782 uxoris.
1473 1739 1555 1791 Qui
1567 1754 1668 1796 ergo
1681 1740 1757 1784 hu-

374 1827 501 1855 mana
516 1810 768 1854 infirmitate
782 1809 906 1852 turba
916 1810 1059 1856 batur,
1073 1807 1219 1851 divina
1230 1809 1459 1852 autoritate
1468 1808 1662 1853 firmatus
1676 1819 1753 1853 est.

430 1883 484 1924 Χ.
524 1880 728 1939 Sequitur
748 1879 886 1932 enim,
913 1886 955 1921 et
985 1877 1089 1921 dicit
1116 1877 1411 1935 Evangelista:
1442 1896 1460 1918 «
1484 1880 1587 1921 Haec
1609 1894 1660 1922 eo
1684 1895 1759 1923 co-

375 1970 395 1993 »
433 1951 616 2010 gitante‚
642 1964 741 1993 ecce
764 1947 956 2006 Angelus
980 1945 1149 1991 Domini
1172 1946 1216 1989 in
1238 1947 1398 1990 somnis
1420 1947 1619 2006 apparuit
1636 1950 1671 1992 ei
1691 1949 1758 1993 di-

375 2041 395 2063 »
431 2036 556 2065 cens:
594 2019 783 2077 Joseph,
811 2017 901 2060 noli
933 2018 1084 2059 timere
1099 2016 1292 2074 accipere
1322 2017 1501 2059 Mariam
1529 2019 1757 2077 conjugem

376 2111 395 2133 »
432 2101 570 2134 tuam.
609 2086 736 2141 Quod
759 2086 874 2129 enim
896 2087 940 2128 in
970 2101 1017 2129 ea
1041 2095 1193 2128 natum
1215 2096 1303 2139 est7
1336 2086 1391 2129 de
1423 2088 1580 2146 Spiritu
1609 2098 1758 2133 sancto

377 2182 395 2203 »
432 2170 509 2204 est.
530 2159 669 2204 Pariet
692 2165 836 2201 autem
854 2155 992 2199 filium
1010 2191 1019 2204 ,
1044 2165 1087 2198 et
1109 2155 1282 2199 vocabis
1303 2171 1462 2200 nomen
1486 2158 1576 2216 ejus
1592 2160 1754 2202 Jesum.

378 2251 396 2273 »
433 2233 576 2284 Quare
599 2228 771 2273 Jesum?
795 2229 889 2284 Ipse
912 2225 1027 2268 enim
1045 2260 1055 2278 ,
1081 2225 1249 2284 inquit,
1275 2226 1440 2270 salvum
1471 2225 1597 2271 faciet
1620 2243 1760 2287 popu-

380 2320 399 2341 »
434 2300 525 2343 lum
549 2314 676 2344 suum
700 2313 723 2341 a
746 2297 930 2356 peccatis
953 2310 1102 2338 eorum
1121 2296 1182 2336 3.»
1208 2295 1469 2352 intelligitur
1494 2312 1596 2355 ergo
1611 2300 1755 2341 Jesum

377 2370 560 2414 Hebraea
581 2369 725 2426 lingua
743 2402 754 2421 ‚
776 2367 927 2410 Latine
948 2365 1223 2423 interpretari
1248 2365 1511 2410 salvatorem
1531 2401 1542 2421 ,
1567 2367 1688 2426 quod
1709 2384 1759 2411 cx

377 2440 466 2499 ipsa
480 2439 664 2483 nominis
679 2437 944 2497 expositione
957 2434 1237 2479 advertimus,
1259 2438 1484 2494 Tanquam
1513 2438 1629 2481 enim
1644 2455 1759 2498 quae-

379 2517 570 2563 teretur,
611 2522 744 2567 quare
770 2526 790 2548 «
808 2506 984 2551 Jesum‘?
1009 2522 1030 2545 η
1055 2505 1265 2549 continuo
1299 2505 1508 2565 subjecit„
1546 2507 1757 2552 rationem

426 2600 436 2617 ¹
452 2592 571 2626 Matth.
594 2604 619 2633 1,
642 2602 691 2634 ¹9·
714 2608 754 2614 —
775 2598 788 2615 ²
810 2592 911 2624 Forte
926 2601 967 2623 ne
985 2590 1156 2623 videretur.
1178 2606 1219 2613 —
1242 2588 1254 2613 ³
1276 2590 1396 2623 Matth.
1420 2602 1444 2630 1,
1465 2600 1519 2632 20·‚
1537 2601 1590 2624 21.
