1898 3178
0 1602 5 1628 1

0 1740 6 1783 1

313 244 448 270 51511Μο
481 242 642 279 Lxxnt,
677 242 730 268 DE
763 243 908 270 viznms
939 241 1104 270 ΜΑΤΤΗ.
1140 241 1234 268 xm.
1370 230 1455 268 329

81 329 99 349 2)
135 308 343 351 vcrsarius
367 316 503 351 vester
525 305 725 350 diabolus
747 305 921 361 circuit,
947 321 1147 367 qtiaereiis
1169 320 1300 366 quem
1321 305 1456 350 dev00

79 396 100 419 »
135 380 253 422 ret1?
271 380 415 435 »Ergo
437 386 480 420 et
498 375 570 420 ille
587 375 656 420 leo
673 384 715 420 et
736 375 809 419 ille
829 376 898 421 leo
925 396 933 422 :
954 376 1027 421 ille
1048 377 1118 422 leo
1133 411 1144 433 ‚
1169 385 1347 437 propter
1370 376 1458 421 for-

76 448 304 493 titudinem
319 482 329 502 ,
353 446 427 491 1116
450 446 518 490 160
542 456 718 505 propter
743 445 957 490 feritatem
979 467 987 492 :
1013 446 1085 491 ille
1106 446 1176 492 leo
1199 447 1254 491 ad
1275 446 1455 491 vincen-

75 519 180 563 dum
197 540 207 576 3
224 517 380 563 1116160
404 518 458 562 ad
481 516 746 562 nocendum.
778 536 797 558 «
824 520 920 576 lpse
942 517 1123 562 coluber
1145 516 1344 562 diabolus
1362 527 1450 574 est,

77 608 99 632 »
133 605 306 649 serpens
327 590 563 650 antiquus²
591 608 599 634 ε
629 589 886 649 »numquid
920 590 1026 650 jussi
1059 605 1206 634 sumus
1228 589 1454 635 diabolum

74 661 257 716 imitari,
278 661 454 722 quando
468 662 591 706 nobis
611 660 718 705 dixit
736 664 884 705 Pastor
901 671 1068 706 noster:
1085 680 1105 704 «
1125 664 1273 706 Estote
1292 660 1457 721 simpli-

77 749 97 773 »
134 747 202 776 ces
223 742 273 776 ut
289 732 508 777 columbae
525 768 536 787 ,
561 733 691 777 astuti
714 741 764 776 ut
785 735 1046 792 serpentesss.
1066 750 1087 774 n

136 806 216 847 III.
241 806 356 861 Ergo
377 804 469 847 heri
488 804 699 848 allocutus
726 819 822 847 511111
852 804 966 848 viam
982 839 994 860 ‚
1015 803 1231 849 allocutus
1248 819 1342 848 sum
1362 804 1456 848 loca

75 890 243 930 saxosa,
267 874 480 919 allocutus
507 891 601 919 sum
623 875 717 920 loca
743 876 912 935 spinosa
941 895 949 920 :
978 884 1020 919 et
1043 874 1131 919 dixi
1158 894 1166 919 :
1195 875 1425 919 Mutamini
1443 909 1453 929 ‚

75 961 174 989 cum
196 946 373 1005 potestis
398 965 407 991 :
433 946 541 989 dura
564 954 705 990 aratro
721 955 887 990 versate
903 981 914 1000 ,
936 945 990 990 de
1014 961 1117 1005 agro
1134 944 1298 1004 lapides
1323 946 1456 1005 proji-

74 1015 156 1060 cite
172 1051 182 1070 ,
208 1015 262 1059 (16
287 1031 390 1074 agro
424 1016 566 1074 spinas
599 1015 783 1060 evellite.
812 1015 956 1061 Nolite
980 1016 1140 1060 habere
1167 1015 1326 1059 durum
1352 1031 1425 1059 cor
1441 1050 1453 1070 ‚

74 1086 191 1131 unde
212 1087 297 1131 cito
319 1088 501 1131 verbum
526 1088 602 1131 Dei
625 1097 786 1146 pereat.
820 1087 961 1132 Nolite
980 1088 1142 1132 habere
1166 1097 1340 1131 tenuem
1366 1096 1456 1131 ter—

73 1172 188 1211 ram,
212 1158 288 1200 ubi
312 1158 432 1200 radix
453 1158 673 1201 charitatis
697 1157 780 1201 alta
805 1173 893 1201 non
916 1158 1075 1202 sedeat.
1111 1157 1256 1202 Nolite
1278 1159 1391 1202 curis
1413 1168 1456 1202 et

72 1226 385 1286 cupiditatibus
409 1227 686 1271 saecularibus
712 1228 901 1272 offocare
929 1228 1096 1272 bonum
1133 1243 1304 1282 semen,
1337 1229 1456 1288 quod

73 1299 195 1343 vobis
213 1300 430 1358 spargitur
452 1298 677 1342 laboribus
700 1299 869 1343 nostris.
897 1301 1071 1344 Etenim
1095 1301 1305 1344 Dominus
1328 1301 1458 1344 semi-

72 1378 146 1413 nat
171 1368 273 1413 :sed
295 1385 371 1412 nos
401 1369 583 1427 operarii
606 1370 696 1428 ejus
719 1385 880 1414 sumus.
910 1372 994 1414 Sed
1022 1379 1158 1414 estote
1180 1380 1293 1414 terra
1323 1370 1451 1414 bona.

74 1440 176 1484 Heri
209 1440 422 1494 diximus,
461 1449 504 1484 et
526 1440 655 1484 hodie
693 1441 895 1484 omnibus
928 1441 1112 1485 dicimus
1140 1461 1148 1486 ;
1181 1445 1310 1485 Ferat
1347 1441 1455 1486 alius

72 1520 305 1555 centenum
324 1545 335 1565 ‚
361 1509 468 1554 alius
491 1526 752 1570 sexagenum
768 1546 778 1566 ,
805 1511 914 1555 alius
936 1512 1170 1571 trigenum.
1194 1515 1244 1556 111
1268 1511 1350 1557 alio
1368 1528 1456 1556 ma—

67 1583 158 1642 jor,
178 1582 222 1625 in
240 1581 323 1626 alio
342 1582 483 1625 minor
499 1590 562 1625 est
577 1580 744 1625 fructus
764 1601 772 1625 ε
789 1584 863 1625 sed
882 1597 1032 1626 omnes
1055 1582 1109 1626 ad
1130 1583 1335 1626 horreum
1360 1598 1457 1642 per·

0 1668 19 1703 ῑἸ
72 1652 289 1697 tinebunt.
317 1652 419 1695 Heri
446 1652 523 1695 ista
547 1652 753 1706 diximus,
779 1651 910 1696 hodie
933 1653 1092 1697 zizania
1116 1652 1316 1712 alloquor
1343 1672 1351 1697 :
1378 1653 1455 1697 sed

71 1723 151 1782 ipsi
174 1731 275 1766 sunt
297 1737 397 1766 oves
419 1721 592 1765 zizania.
618 1723 655 1765 O
675 1721 910 1766 Christiani
932 1722 1033 1766 mali
1054 1758 1065 1776 ,
1089 1739 1114 1767 0
1132 1723 1208 1783 qui
1230 1722 1454 1782 implendo

3 1810 6 1815 ’
71 1793 264 1853 premitis
278 1792 513 1836 Ecclesiam
540 1791 651 1835 male
673 1791 860 1836 vivendo
878 1794 1102 1851 :corrigite
1123 1809 1199 1837 vos
1221 1802 1453 1853 antequam

2 1887 6 1906 1

71 1864 216 1907 11165515
245 1862 462 1907 adveniat.
501 1864 597 1907 Non
621 1861 772 1907 dicatis
800 1882 808 1906 ε
847 1863 1026 1906 Peccavi
1044 1898 1054 1916 ‚
1095 1872 1138 1907 et
1166 1863 1274 1922 quid
1299 1862 1456 1908 accidit

5 1965 7 1974 2
71 1935 206 1978 mihi?
229 1937 325 1979 Non
350 1933 539 1993 perdidit
562 1936 674 1976 Deus
697 1934 937 1991 potentiam
960 1953 968 1978 ;
993 1934 1069 1978 sed
1092 1950 1115 1978 a
1137 1943 1179 1978 te
1202 1934 1334 1992 exigit
1354 1951 1454 1994 poe-

6 2027 7 2041 :
71 2005 423 2049 nitentiam.Hoc
447 2003 545 2048 dico
569 2004 706 2058 malis,
726 2014 768 2048 et
790 2013 938 2048 tamen
957 2003 1332 2059 Christianis3hoc
1355 2004 1453 2050 dico

71 2076 257 2120 zizaniis.
285 2078 336 2118 In
365 2090 467 2133 agro
497 2075 612 2118 enim
632 2083 734 2118 sunt
755 2094 763 2119 2
786 2084 827 2118 et
849 2074 942 2118 fieri
960 2085 1127 2134 potest,
1155 2084 1203 2119 ut
1226 2075 1301 2136 qui
1322 2075 1452 2120 hodie

71 2156 172 2191 sunt
203 2147 387 2201 zizania,
413 2162 504 2191 cras
527 2147 612 2190 sint
633 2145 918 2190 frumentum.
947 2147 1051 2192 Ideo
1084 2156 1126 2191 et
1163 2148 1353 2192 triticum
1385 2147 1450 2192 al-

70 2218 242 2277 loquor.

70 2310 76 2312 v
130 2290 204 2332 IV.
221 2287 620 2342 Ovos,Christiani‚
636 2287 711 2347 qui
734 2288 844 2332 bene
862 2288 1029 2343 vivitis,
1055 2289 1180 2347 pauci
1205 2289 1317 2333 inter
1332 2288 1451 2333 mul-

71 2367 135 2402 tos
174 2357 392 2416 suspiratis
414 2392 424 2410 ,
463 2357 588 2415 pauci
625 2356 738 2400 inter
780 2356 988 2416 plurimos
1031 2358 1216 2417 gemitis.
1255 2359 1451 2403 Transiet

70 2429 223 2486 hyems
241 2463 251 2483 ‚
275 2429 418 2472 veniet
441 2436 585 2481 aestaS‚
610 2442 707 2471 ecce
732 2427 870 2472 aderit
892 2429 1254 2473 messis.Venient
1277 2430 1446 2487 Angeli,

71 2499 147 2559 qui
168 2508 348 2558 possunt
367 2514 581 2558 separare,
602 2508 645 2543 et
668 2499 866 2543 nesciunt
891 2502 1145 2546 errare.Nos
1166 2500 1210 2545 in
1234 2501 1317 2546 hoc
1338 2510 1450 2547 tem-

119 2586 130 2604 ¹
148 2595 159 2615 1
185 2586 269 2615 Petr.
290 2596 323 2622 v,
342 2585 362 2616 8
395 2602 436 2608 -—
461 2591 472 2606 ²
497 2587 595 2626 Apoc.
617 2595 670 2618 xii.
688 2597 720 2626 9.
736 2600 777 2607 -
795 2583 807 2606 3
822 2584 932 2616 Manli.
955 2596 984 2624 x,
1009 2585 1056 2616 16.
