1898 3178
446 173 529 214 134
880 185 916 215 s.
950 185 1182 215 Amissum
1212 186 1394 215 EPISCOPI

442 252 561 297 vium
582 266 712 296 omne
733 266 869 311 genus
889 251 1134 296 humanum
1155 261 1353 298 exortum
1373 261 1451 298 est.
1471 254 1622 313 Neque
1643 253 1700 298 ad
1716 269 1821 314 pro-

441 322 601 383 phetiae
632 321 988 382 adimpletionem
1016 332 1187 383 poterat
1215 323 1434 383 pertinere
1458 323 1592 369 homo
1623 324 1820 370 Christus

439 395 562 438 Jesus
579 407 631 437 ex
651 393 792 437 Adam
806 427 818 448 ‚
838 407 889 437 ex
909 408 998 454 quo
1020 402 1123 438 sunt
1143 408 1292 439 omnes
1308 394 1504 439 homines
1521 415 1533 452 3
1553 402 1629 438 aut
1642 409 1692 438 ex
1708 396 1816 450 Noe,

439 479 490 509 ex
531 478 619 523 quo
655 477 802 508 rursus
833 478 984 509 omnes
1018 465 1214 510 homines
1241 483 1250 510 ;
1270 463 1346 509 sed
1378 479 1429 508 ex
1462 464 1682 508 Abraham
1697 499 1708 520 ‚
1743 465 1820 525 qui

436 545 542 580 tunc
571 534 733 579 electus
755 544 819 580 est
844 535 891 580 in
921 537 1045 596 cujus
1072 537 1236 581 semine
1269 535 1635 582 benedicerentur
1669 551 1819 580 omnes

435 615 601 666 gentes,
620 620 721 650 cum
731 606 823 666 jam
842 607 1044 666 gentibus
1055 606 1185 667 plena
1201 616 1292 651 erat
1309 615 1434 650 terra.
1447 606 1649 650 Ascendit
1671 615 1818 651 autem

433 680 573 722 Lucas
589 711 601 733 ‚
626 692 716 722 non
737 677 947 737 incipiens
966 678 1021 722 ab
1035 679 1128 738 ipso
1142 678 1233 722 nati
1251 676 1427 722 Domini
1440 675 1616 721 exordio
1632 692 1816 736 genera-

431 749 571 793 tiones
588 763 858 805 enumerare,
873 749 948 794 sed
960 750 1015 794 ab
1036 765 1088 795 eo
1101 749 1216 805 loco,
1235 748 1314 793 ubi
1328 763 1429 793 eum
1445 757 1591 793 narrat
1607 763 1632 792 a
1649 750 1673 792 J
1677 763 1817 793 oanne

430 819 717 879 baptizatum.
745 820 866 866 Sicut
895 831 1042 866 autem
1067 821 1114 865 in
1143 820 1317 866 Domini
1353 819 1651 864 incarnatione
1678 819 1815 864 susci-

429 892 613 951 piuntur
626 891 681 935 ab
703 906 755 936 eo
771 892 938 950 generis
953 892 1133 936 humani
1147 890 1360 951 portanda
1372 899 1564 951 peccata,
1582 890 1701 936 sicin
1713 890 1817 950 bap-

430 963 545 1007 tismi
571 963 897 1008 consecratione
934 963 1176 1023 purganda.
1204 966 1356 1023 Itaque
1378 962 1451 1007 ille
1479 961 1816 1007 descendentem

429 1033 674 1091 significans
694 1032 750 1079 ad
772 1043 949 1092 peccata
968 1032 1205 1093 portanda,
1231 1033 1528 1091 generationes
1549 1032 1816 1078 descendens

426 1114 654 1149 enumerat
675 1123 684 1150 :
703 1105 782 1149 iste
804 1113 951 1148 autem
974 1103 1226 1160 ascendens,
1248 1104 1496 1163 significans
1511 1104 1814 1163 purgationem

427 1184 707 1235 peccatorum
723 1210 735 1232 ‚
755 1191 846 1220 non
867 1176 1022 1235 utique
1043 1191 1223 1222 suorum
1241 1210 1253 1231 ,
1279 1174 1354 1219 sed
1375 1183 1646 1231 nostrorum,
1671 1190 1817 1219 ascen-

426 1246 534 1292 dens
555 1247 853 1307 generationes
875 1256 1117 1292 enumerat.
1146 1247 1230 1293 Sed
1251 1246 1324 1291 ille
1345 1246 1571 1292 descendit
1592 1261 1669 1306 per
1693 1246 1815 1291 Salo-

424 1333 623 1374 monem,
667 1318 715 1364 in
743 1319 866 1378 cujus
894 1326 1031 1362 matre
1068 1317 1266 1376 peccavit
1306 1315 1480 1362 David:
1505 1317 1585 1361 iste
1618 1315 1815 1361 ascendit

424 1404 503 1448 per
523 1390 723 1445 Nathan,
757 1387 943 1434 alterum
961 1387 1102 1433 filium
1123 1388 1317 1448 ejusdem
1340 1387 1500 1443 David,
1527 1402 1603 1446 per
1632 1402 1766 1447 quem
1787 1403 1812 1433 a

424 1468 604 1519 peccato
623 1468 831 1519 purgatus
849 1468 927 1504 est.
952 1459 1157 1518 Legimus
1174 1458 1290 1502 enim
1307 1456 1430 1518 quod
1445 1458 1619 1503 Nathan
1639 1456 1696 1502 ad
1712 1472 1812 1502 eum

423 1530 578 1574 missus
599 1540 685 1585 est,
710 1539 762 1574 ut
782 1545 883 1574 eum
904 1528 1184 1588 redargueret
1198 1563 1209 1583 ,
1240 1538 1283 1573 et
1306 1543 1382 1588 per
1412 1527 1716 1587 poenitentiam
1740 1543 1810 1572 sa-

425 1600 944 1646 naretur1.Occurrerunt
961 1599 1092 1644 ambo
1104 1599 1186 1642 sibi
1200 1600 1246 1644 in
1259 1599 1398 1644 David
1418 1598 1513 1644 :ille
1527 1599 1810 1655 descendens,

424 1672 505 1716 iste
528 1669 762 1715 ascendens
786 1686 798 1714 .·
823 1678 866 1713 et
884 1667 987 1713 inde
1009 1683 1148 1728 usque
1175 1667 1231 1713 ad
1261 1669 1481 1712 Abraham
1501 1668 1571 1713 vel
1592 1668 1648 1713 ab
1668 1668 1813 1713 Abra-

424 1743 528 1787 ham
550 1755 688 1800 usque
716 1739 771 1784 ad
807 1739 946 1785 David
972 1739 1019 1783 in
1049 1738 1171 1783 nulla
1193 1739 1471 1798 generatione
1505 1738 1662 1784 diversi
1689 1748 1807 1787 sunt.

425 1816 492 1857 Ita
513 1812 710 1857 Christus
728 1820 772 1856 et
792 1809 907 1855 filius
930 1808 1090 1865 David,
1116 1818 1159 1855 et
1175 1809 1291 1855 filius
1312 1811 1533 1855 Abraham
1546 1844 1557 1866 ‚
1583 1812 1736 1855 transit
1757 1813 1812 1858 ad

423 1886 579 1928 Deum.
604 1881 674 1926 Ad
699 1885 835 1926 Deum
856 1881 1020 1940 quippe
1039 1895 1118 1925 nos
1135 1889 1308 1940 oportet
1325 1881 1372 1924 in
1394 1880 1611 1940 baptismo
1627 1897 1810 1928 renova-

427 1963 493 1999 tos
515 1969 540 1997 a
561 1961 841 2012 peccatorum
863 1950 1102 1997 abolitione
1116 1951 1283 1996 reduci.

480 2026 670 2068 XXXII.
698 2026 751 2067 In
772 2022 1124 2081 generationibus
1148 2037 1271 2077 sane,
1307 2037 1416 2081 quas
1439 2032 1668 2067 enumerat
1693 2024 1810 2068 Mat-

421 2097 562 2141 thaeus
576 2129 588 2151 ‚
613 2092 983 2154 quadragenarius
1026 2107 1236 2137 numerus
1271 2093 1448 2137 eminet.
1477 2092 1653 2137 Habent
1690 2093 1808 2138 enim

422 2167 554 2211 istum
575 2179 742 2210 morem
763 2163 922 2209 divinae
936 2163 1186 2222 Scripturae,
1211 2172 1261 2207 ut
1284 2162 1405 2222 quod
1427 2163 1655 2207 excesserit
1668 2172 1808 2209 certos

423 2235 625 2281 articulos
642 2249 925 2280 numerorum
943 2233 1179 2294 aliquando
1196 2248 1286 2278 non
1299 2241 1571 2291 computent.
1589 2234 1657 2277 Sic
1675 2233 1806 2278 etiam

421 2306 728 2366 quadringenti
743 2306 845 2351 anni
859 2304 1066 2350 dicuntur
1083 2313 1182 2363 post
1199 2319 1307 2363 quos
1325 2319 1517 2362 egressus
1536 2313 1600 2347 est
1614 2304 1819 2363 populus‘

424 2377 554 2420 lsrael
576 2393 626 2420 ex
648 2379 841 2435 AEgypto
870 2395 879 2422 ς
903 2390 1005 2419 cum
1022 2375 1106 2419 sint
1123 2373 1430 2434 quadringenti
1454 2375 1644 2432 triginta.
1671 2375 1738 2419 Sic
1760 2377 1813 2426 εἴ

422 2461 508 2489 una
541 2447 759 2503 generatio
785 2461 885 2505 quse
908 2444 1297 2504 quadragenarum]
1333 2459 1562 2487 numerum
1602 2445 1796 2500 excedit5

475 2538 480 2551 ἱ
504 2538 522 2560 ‘2
546 2532 609 2563 1:02
639 2541 693 2565 xii,
714 2542 740 2561 1.
