1898 3178
518 367 575 408 X.
602 367 810 408 Exercere
832 364 995 424 quippe
1016 379 1094 408 nos
1115 363 1253 410 voluit
1273 365 1530 410 difficultate
1539 367 1804 431 ‚quaestionis
1819 402 1831 423 ,

462 449 551 477 non
573 434 772 493 decipere
793 435 1017 478 sententiae
1042 434 1241 479 falsitate.
1267 438 1542 495 Quapropter
1563 451 1653 480 non
1669 445 1732 480 est
1753 452 1834 481 ne-

457 518 598 559 cesse,
629 512 680 548 ut
705 519 880 549 omnem
912 503 1226 564 blasphemiam
1249 504 1317 549 vel
1348 520 1476 549 omne
1500 505 1686 550 verbum
1715 505 1836 566 quod

456 573 614 618 dicitur
637 583 788 619 contra
812 575 1018 634 Spiritum
1041 584 1264 630 sanctum,
1289 575 1581 620 remissionem
1603 576 1834 636 quisquam

1867 568 1892 862 il

462 286 544 325 294
841 296 874 324 s.
923 297 1152 327 Aueusnm
1183 301 1363 329 EPJSCOPI
1873 0 1898 562 l

1873 504 1878 527 Ι

454 645 666 690 existimet
681 661 771 690 non
787 645 985 692 habere:
1010 646 1085 691 sed
1101 661 1273 691 necesse
1290 655 1353 690 est
1373 644 1525 705 plane,
1549 654 1600 690 ut
1615 647 1669 690 sit
1689 646 1834 706 aliqua

452 715 722 775 blasphemia
743 725 786 760 et
808 715 987 776 aliquod
1008 716 1221 772 verbum,
1261 715 1384 776 quod
1420 716 1454 760 si
1488 715 1662 760 dicatur
1684 725 1834 761 contra
1868 767 1870 788 V

455 787 663 846 Spiritum
686 796 906 843 sanctum,
925 787 1094 831 nullam
1112 802 1308 847 unquam
1324 787 1495 831 veniam
1517 787 1833 831 remissionem·
1866 799 1875 822 ἰ

450 872 537 917 que
557 866 788 901 mereatur.
814 848 926 910 Quia
947 858 981 902 si
1003 872 1131 902 omne
1153 857 1466 916 acceperimus,
1486 857 1686 917 quisnam
1706 866 1832 916 pote-
1863 867 1868 925 ᾗ

449 928 505 971 rit
526 926 710 971 salvari?
735 928 777 972 Si
800 936 945 971 autern
967 942 1114 971 rursus
1136 926 1308 971 nullum
1333 927 1645 986 putaverimus,
1663 936 1833 971 contra·
1862 953 1865 960 -

450 997 634 1042 dicimus
659 997 884 1042 salvatori.
911 1001 988 1042 Est
1005 1012 1106 1055 ergo
1129 998 1220 1041 sine
1242 997 1378 1042 dubio
1401 997 1544 1057 aliqua
1567 996 1831 1056 blasphemia

448 1076 491 1110 et
512 1067 691 1127 aliquod
712 1068 913 1122 verbum,
929 1067 1049 1128 quod
1070 1068 1102 1111 si
1119 1067 1286 1112 dictum
1303 1066 1435 1111 fuerit
1456 1076 1606 1111 contra
1625 1067 1832 1126 Spiritum

447 1147 647 1182 sanctum
667 1173 678 1193 ‚
715 1154 806 1182 non
840 1139 1100 1182 remittetur.
1139 1138 1269 1192 Quod
1290 1139 1324 1182 si
1359 1148 1506 1182 autem
1529 1139 1611 1182 hoc
1648 1138 1831 1183 verbum
1851 1159 1864 1183 i>

446 1208 583 1268 quaeri
605 1224 627 1252 a
646 1208 771 1252 nobis
788 1208 997 1252 Dominus
1019 1207 1158 1252 voluit
1173 1229 1183 1264 3
1201 1208 1299 1252 ideo
1321 1224 1410 1252 non
1433 1208 1650 1267 expressit.
1671 1209 1827 1265 Quaeri,
1850 1246 1851 1257 Γ

445 1279 624 1338 inquam
643 1313 653 1333 ,
691 1277 854 1331 voluit,
883 1292 974 1321 non
1007 1278 1170 1336 negari.
1199 1277 1348 1322 Solent
1371 1278 1487 1321 enim
1513 1278 1748 1337 Scripturae
1772 1279 1830 1324 ita

445 1348 590 1408 loqui,
616 1357 667 1392 ut
700 1347 878 1407 quando
905 1346 1070 1407 aliquid
1097 1348 1157 1391 sic
1191 1346 1376 1401 dicitur,
1412 1356 1461 1391 ut
1489 1362 1634 1407 neque
1666 1363 1717 1391 ex
1737 1355 1829 1394 toto

444 1433 588 1477 neque
609 1433 660 1461 ex
682 1426 803 1477 parte
824 1417 990 1462 dictum
1007 1417 1202 1472 finiatur,
1216 1433 1306 1461 non
1327 1418 1381 1461 sit
1401 1432 1572 1462 necesse
1593 1426 1644 1462 ut
1665 1433 1714 1462 ex
1736 1427 1827 1464 toto

444 1488 537 1531 fieri
554 1489 705 1547 possit,
728 1497 778 1532 ut
799 1496 842 1531 et
863 1503 914 1531 ex
936 1496 1057 1547 parte
1080 1503 1169 1531 non
1186 1486 1470 1545 intelligatur.
1497 1490 1584 1531 Ista
1605 1502 1708 1546 ergo
1729 1503 1826 1532 sen-

446 1559 582 1603 tentia
613 1574 663 1602 ex
692 1567 810 1613 toto,
848 1557 894 1601 id
931 1566 1018 1612 est,
1048 1557 1348 1601 universaliter
1370 1557 1757 1616 pronuntiaretur,
1794 1555 1827 1603 Si

446 1628 694 1673 diceretur:
723 1628 874 1671 Omnis
912 1626 1180 1684 blasphemia
1204 1627 1386 1686 Spiritus
1423 1642 1513 1671 non
1549 1627 1820 1673 remittetur:

446 1708 548 1754 aut,
580 1699 665 1751 Qui
686 1697 840 1741 dixerit
874 1696 1194 1757 qualecumque
1215 1697 1398 1741 verbum
1435 1706 1586 1741 contra
1621 1697 1824 1756 Spiritum
1887 1716 1898 1744 s:

443 1778 641 1813 sanctum
656 1803 668 1822 ,
693 1783 784 1811 non
805 1767 1051 1811 remittetur
1073 1766 1140 1822 ei,
1175 1755 1319 1828 neque
1335 1767 1381 1811 in
1403 1768 1486 1812 hoc
1508 1766 1667 1812 saeculo
1684 1768 1822 1827 nequ'e
1885 1786 1898 1813 i

444 1840 489 1884 in
511 1838 678 1883 futuro.
703 1841 768 1882 Ex
789 1847 911 1897 parte
933 1847 1096 1893 autern,
1121 1835 1167 1881 id
1183 1848 1268 1893 est,
1289 1838 1820 1897 particulariterpronufi-
1883 1856 1898 1884 c:

443 1910 645 1965 tiaretur,
670 1909 705 1953 si
726 1908 945 1953 diceretur
970 1927 978 1953 :
1005 1908 1218 1961 Quaedam
1240 1906 1508 1967 blasphemia
1533 1909 1715 1968 Spiritus
1736 1916 1821 1953 non
1881 1913 1898 1955 ni

441 1980 701 2025 remittetur.
722 1977 834 2031 Quia
862 1993 965 2036 ergo
987 1993 1068 2021 nec
1090 1976 1389 2021 universaliter
1405 1992 1485 2021 nec
1507 1974 1820 2040 particulariter
1847 1967 1855 2027 l
1879 1981 1898 2026 da

443 2049 668 2094 enuntiata
700 2047 912 2091 sententia
947 2055 1040 2092 est:
1065 2048 1183 2103 (non
1213 2047 1330 2089 enim
1362 2045 1530 2091 dictum
1552 2055 1650 2092 est:
1675 2038 1835 2091 Omnis
1844 2051 1853 2116 Q
1878 2066 1896 2095 1

441 2118 709 2179 blasphemia
733 2118 944 2176 Spiritus3
976 2126 1051 2161 aut
1072 2115 1275 2176 quaedam
1298 2116 1601 2176 blasphemia:
1629 2117 1704 2161 sed
1725 2125 1828 2162 taum
1846 2154 1850 2169 Γ
1875 2136 1898 2167 mi

442 2187 670 2234 tummodo
698 2186 924 2230 indefinite
961 2186 1126 2230 dictum
1163 2195 1257 2231 est:
1288 2206 1308 2228 «
1336 2187 1517 2245 Spiritus
1554 2177 1825 2246 blasphemia
1873 2195 1898 2243 με]

445 2279 466 2302 >›
501 2275 591 2304 non
613 2258 888 2302 remittetur:
916 2272 1038 2300 »nec
1061 2256 1228 2300 dictum
1262 2265 1358 2301 est:
1382 2257 1467 2309 Qui
1499 2255 1654 2300 dixelit
1680 2246 1814 2317 quod·
1871 2276 1895 2310 (ῃ

441 2344 630 2391 cumque
651 2327 863 2383 veihnai,
887 2337 962 2372 aut
988 2327 1064 2386 qui
1086 2327 1241 2370 dixeiit
1263 2326 1486 2387 quoddam
1508 2327 1721 2372 verbum:
1744 2323 1811 2371 sed
1870 2345 1898 2379 ff.

440 2400 691 2454 indefinite,
719 2420 741 2443 «
768 2398 849 2451 Qui
872 2397 1025 2441 dixerit
1040 2396 1253 2441 verbum:
1283 2415 1302 2438 »
1328 2400 1344 2454 )
1365 2412 1453 2440 non
1476 2405 1539 2440 est
1559 2411 1743 2451 necesse,
1765 2370 1826 2442 titi
1867 2407 1898 2452 §gd

439 2486 612 2514 omnem
634 2468 945 2530 blasphemiam
964 2466 1032 2510 vel
1054 2482 1183 2510 omne
1203 2465 1388 2510 veibum
1405 2465 1723 2524 intelligamus.
1740 2463 1807 2509 sed

441 2555 609 2583 necesse
626 2549 690 2584 est
712 2539 854 2598 plane,
872 2546 921 2581 ut
942 2535 1175 2592 quamdam
1198 2535 1509 2595 blasphemiam
1531 2545 1574 2580 et
1594 2523 1805 2595 quoddam
1863 2560 1897 2593 ΓΓΓ.

1812 2608 1819 2724 ἔ

1810 2755 1815 2824 τ
