1898 3178
414 238 495 275 110
845 241 878 270 s.
913 240 1143 270 Auous'rnu
1176 242 1355 270 Emscom

410 312 592 357 cessario
625 310 855 354 eredimus.
887 306 1111 352 Attendite
1143 307 1440 366 generationes
1470 306 1654 361 Christi,
1686 321 1792 366 quas

408 382 552 441 posuit
573 380 819 425 Matthaeus.
851 396 871 419 «
895 376 1025 421 Liber
1046 377 1334 436 generationis
1367 378 1470 420 Jesu
1498 376 1680 431 Christi,
1715 375 1793 419 filii

410 470 432 494 »
469 450 604 497 David
619 486 630 506 ,
650 448 726 493 filii
741 448 998 492 Abraham1.
1017 466 1036 489 »
1053 448 1284 501 Quomodo
1300 447 1377 491 filii
1389 446 1527 491 David
1540 483 1551 502 ‚
1572 446 1794 507 quomodo

408 521 486 565 filii
500 519 746 566 Abraham?
761 517 850 563 Nisi
861 519 977 562 enim
991 533 1067 578 per
1084 518 1397 563 successionem
1418 518 1584 576 generis
1597 553 1608 574 ‚
1625 516 1796 562 ostendi
1872 507 1873 520 ¹

407 606 497 635 non
529 598 684 650 potest.
711 591 893 634 Constat
913 588 1075 649 quippe
1099 604 1200 633 cum
1223 589 1433 632 Dominus
1462 586 1798 633 nascereturde

406 661 574 720 virgine
586 660 721 705 Maria
740 695 752 715 ‚
773 674 918 719 neque
933 659 1151 704 Abraham
1164 695 1175 715 ‚
1196 675 1339 720 neque
1354 658 1490 703 David
1507 659 1554 703 in
1572 659 1702 703 rebus
1715 659 1797 702 hu-

406 732 543 776 manis
565 729 710 775 fuisse.
737 732 793 774 Et
807 739 857 774 tu
868 729 1073 774 eumdem
1095 729 1200 774 dicis
1221 729 1362 773 filium
1382 728 1542 784 David,
1568 727 1795 774 eumdem—

406 816 492 859 que
515 800 621 846 dicis
640 801 779 844 filium
809 800 1057 844 Abraham?
1086 802 1310 859 Tanquam
1338 798 1532 844 dicamus
1555 800 1766 845 Matthaeo
1783 833 1794 853 ‚
1866 801 1867 804 ’

408 872 550 916 Proba
562 887 666 931 ergo
682 872 802 932 quod
817 870 940 915 dicis.
961 873 1154 930 Expecto
1171 870 1288 914 enim
1300 871 1615 915 successionem
1631 869 1798 929 generis
1866 898 1867 903 =

406 942 582 987 Christi.
604 941 884 996 «Abraham,
903 941 1069 1000 inquit,
1090 940 1242 999 genuit
1266 943 1406 995 Isaac,
1424 944 1541 985 Isaac
1565 949 1708 984 autem
1729 953 1800 998 ge*
1864 946 1865 950 ’

408 1030 431 1054 »
467 1013 563 1058 nuit
580 1014 731 1058 Jacob.
757 1012 896 1057 Jacob
919 1021 1063 1056 autem
1087 1012 1235 1070 genuit
1255 1011 1437 1066 Judam,
1458 1021 1501 1056 et
1518 1010 1670 1056 fratres
1688 1011 1796 1069 ejus.
1864 1011 1866 1039 ³

410 1100 431 1124 »
466 1086 490 1127 J
496 1084 602 1127 udas
623 1092 770 1127 autem
791 1082 943 1140 genuit
964 1082 1122 1125 Phares
1142 1090 1186 1125 et
1209 1084 1360 1125 Zaram
1387 1081 1442 1125 de
1460 1083 1660 1126 Thamar.
1683 1081 1799 1125 Pha·
1862 1088 1865 1106 ²

409 1170 431 1193 »
467 1167 532 1196 res
541 1161 686 1197 autem
706 1151 1019 1210 genuitEsron.
1032 1153 1174 1195 Esron
1191 1160 1337 1195 autem
1348 1151 1652 1210 genuitAram.
1669 1154 1800 1195 Aram
1862 1191 1863 1205 ἦ

409 1240 430 1265 »
466 1232 612 1267 autem
628 1223 780 1281 genuit
795 1221 1055 1266 Aminadah.
1074 1221 1322 1265 Aminadab
1337 1230 1481 1265 autem
1504 1221 1655 1280 genuit
1673 1223 1801 1265 Naas-
1859 1211 1862 1226 ²

409 1311 430 1335 »
467 1309 561 1338 son.
572 1295 764 1338 Naasson
780 1301 926 1336 autem
936 1291 1086 1348 genuit
1101 1290 1292 1335 Salmon.
1308 1290 1483 1336 Salmon
1492 1301 1636 1335 autem
1652 1291 1801 1349 genuit
1860 1319 1861 1349 1

409 1380 431 1404 »
466 1365 580 1407 Booz
596 1378 647 1406 ex
664 1361 833 1406 Rahab.
858 1363 974 1405 Booz
992 1369 1137 1404 autem
1152 1361 1301 1418 genuit
1315 1360 1441 1404 Obed
1455 1371 1507 1404 ex
1520 1361 1656 1405 Ruth.
1674 1359 1802 1405 Obed

408 1452 431 1475 »
467 1443 612 1478 autem
631 1434 780 1491 genuit
795 1435 927 1477 Jesse.
946 1434 1064 1476 Jesse
1082 1440 1226 1475 autem
1246 1431 1396 1490 genuit
1414 1431 1550 1476 David
1566 1435 1752 1491 regem‘l.
1776 1449 1797 1472 υ
1856 1455 1859 1482 ;

407 1505 503 1548 Jam
525 1503 628 1547 hinc
650 1501 863 1547 attendite
886 1500 1260 1561 quemadmodum
1292 1517 1315 1545 a
1349 1502 1488 1545 David
1525 1501 1801 1561 perveniatur
1855 1530 1858 1548 »

406 1571 462 1617 ad
480 1572 703 1618 Christum
721 1606 731 1627 ‚
753 1572 830 1632 qui
845 1570 987 1615 dictus
1001 1579 1064 1614 est
1084 1570 1199 1614 filius
1218 1571 1440 1616 Abraham
1458 1580 1501 1615 et
1514 1571 1627 1615 filius
1646 1571 1796 1616 David.
1854 1588 1856 1591 ’

411 1662 431 1684 «
467 1643 606 1687 David
619 1652 765 1686 autem
785 1675 796 1696 ‚
821 1642 988 1701 inquit,
1005 1642 1155 1700 genuit
1174 1640 1449 1686 Salomonem
1467 1657 1518 1685 ex
1539 1658 1588 1686 ea
1602 1658 1701 1703 quae
1718 1643 1802 1686 fuit
1854 1630 1859 1708 ¹4,

408 1730 430 1755 >›
467 1713 594 1757 Uriae.
624 1712 831 1758 Salomon
853 1720 997 1755 autem
1020 1711 1174 1769 genuit
1198 1712 1412 1756 Roboam.
1435 1713 1635 1757 Roboam
1653 1721 1799 1757 autem
1852 1732 1858 1771 ι7

409 1802 431 1825 »
467 1784 619 1842 genuit
641 1783 812 1827 Abiam.
839 1782 950 1826 Abia
978 1790 1125 1826 autem
1150 1782 1301 1841 genuit
1323 1785 1422 1826 Asa.
1449 1786 1531 1827 Asa
1555 1793 1698 1827 autem
1722 1799 1799 1842 ge·-
1851 1786 1858 1826 .’

409 1872 431 1896 »
466 1855 564 1899 nuit
595 1854 819 1913 Josaphat.
859 1853 1069 1912 Josap'nat
1100 1861 1247 1896 autem
1279 1853 1430 1911 genuit
1457 1855 1619 1897 Joram.
1651 1856 1799 1898 Joram
1854 1907 1855 1914 1

410 1942 432 1966 »
468 1934 612 1969 autem
635 1923 785 1982 genuit
806 1924 970 1967 Oziam.
987 1924 1110 1966 Ozias
1128 1931 1274 1966 autem
1296 1923 1448 1981 genuit
1459 1925 1676 1968 Joatham.
1693 1927 1799 1969 Joa-

411 2014 432 2038 »
467 1997 589 2041 tham
611 2004 756 2040 autem
780 1995 929 2052 genuit
961 1994 1120 2038 Achaz.
1156 1989 1300 2037 Achaz
1329 2003 1475 2038 autem
1506 1996 1656 2053 genuit
1686 1999 1797 2041 Eze-
1843 1996 1853 2055 3

410 2086 433 2110 »
467 2068 595 2112 ciam.
624 2067 798 2111 Ezecias
820 2074 966 2109 autem
985 2065 1135 2124 genuit
1156 2067 1398 2121 Manassen.
1420 2069 1635 2111 Manasses
1651 2076 1797 2111 autem
1843 2054 1854 2105 f

410 2156 433 2180 >›
469 2138 622 2198 genuit
644 2140 802 2181 Amon.
834 2139 977 2180 Amon
1002 2144 1148 2179 autem
1173 2136 1323 2194 genuit
1344 2136 1519 2181 Josiam.
1546 2137 1683 2181 Josias
1716 2154 1796 2182 au-
1850 2175 1853 2190 ,

414 2226 434 2250 n
470 2218 557 2252 tem
573 2209 726 2268 genuit
737 2211 761 2252 J
766 2207 990 2252 echoniam
1005 2216 1048 2250 et
1066 2205 1217 2250 fratres
1230 2208 1321 2267 ejus
1333 2242 1345 2261 ‚
1362 2209 1408 2251 in
1422 2209 1798 2267 transmigratione
1848 2210 1854 2242 j
1896 2195 1898 2210 Ι

411 2296 434 2318 n
470 2278 716 2336 Babylonis.
740 2281 796 2322 Et
811 2287 906 2336 post
924 2277 1345 2336 transmigrationem
1366 2278 1618 2335 Babylonis,
1637 2280 1797 2324 Jecho-
1837 2295 1849 2368 1

411 2365 434 2388 »
470 2349 561 2391 nias
578 2348 729 2406 genuit
748 2346 966 2392 Salathiel.
991 2346 1196 2392 Salathiel
1208 2357 1353 2391 autem
1368 2349 1518 2406 genuit
1536 2348 1791 2393 Zorobabel.
1837 2377 1841 2421 3

412 2434 434 2458 )›
473 2417 713 2462 Zorobabel
748 2427 893 2462 autem
929 2418 1079 2476 genuit
1112 2417 1274 2461 Abiud.
1310 2418 1457 2462 Abiud
1479 2428 1623 2463 autem
1647 2419 1839 2483 genuit
1837 2425 1845 2457 ³

413 2504 435 2527 »
470 2486 700 2531 Eliachim.
716 2481 927 2532 Eliachim
945 2495 1094 2531 autem
1113 2488 1263 2546 genuit
1283 2490 1409 2533 Azor
1426 2491 1537 2534 Azor
1559 2497 1702 2534 autem
1719 2504 1794 2548 ge·
1844 2547 1845 2550 Ἰ

460 2571 610 2603 ¹Matth.
636 2582 658 2612 ι,
693 2583 720 2604 1.
742 2589 783 2595 -—
804 2572 920 2605 ²1bid.
940 2580 981 2604 2-
986 2572 1015 2603 5.
