1898 3178
293 260 431 288 snrnuo
462 259 639 298 Lxxxvr,
674 260 728 287 DE
762 259 906 289 vfflusrs
937 259 1100 292 MAtr'rn.
1135 262 1227 289 xix.
1362 251 1441 290 417

569 432 778 449 mmm
781 433 1061 452 mmmm
1064 434 1448 451 WVBWUMMWWRMKM

477 561 705 608 SERMO
744 562 987 608 LXXXVI
1001 567 1029 608 ¹.

73 722 135 765 De
160 721 302 766 verbis
325 721 549 780 Evangelii
580 722 737 767 Matth.
763 739 838 766 mx
865 740 875 768 ς
911 721 1078 779 Vade,
1109 721 1260 768 vende
1292 727 1457 770 omnia

307 807 412 849 qaae
435 790 608 849 habes,
629 802 677 838 et
699 791 766 838 da
783 792 1079 853 pauperibus
1094 829 1105 851 ‚
1132 803 1220 839 etc.

132 951 168 992 Ι.
205 951 502 995 EvANGELmM
537 965 615 995 nos
653 951 881 996 admonuit
917 951 1104 996 lectione
1132 952 1360 1010 praesenti,
1407 952 1462 997 de

74 1020 276 1064 thesauro
313 1019 481 1065 coelesti
521 1020 644 1080 loqui
685 1021 896 1066 Charitati
918 1024 1097 1066 Vestrae.
1134 1022 1285 1081 Neque
1316 1021 1431 1066 enim
1449 1057 1460 1077 ‚

0 1121 3 1130 .
72 1090 184 1135 sicut
204 1089 400 1135 infideles
423 1092 538 1136 avari
559 1100 744 1151 putant,
770 1095 884 1136 Deus
906 1101 1052 1137 noster
1073 1091 1255 1152 perdere
1276 1108 1354 1137 nos
1383 1108 1464 1137 vo-

37 1183 39 1195 ·
72 1159 155 1204 luit
177 1176 243 1206 res
261 1170 428 1206 nostras
454 1163 645 1207 :sibene
672 1161 940 1220 intelligatur
956 1197 967 1217 ‚
994 1172 1037 1207 et
1059 1163 1128 1221 pie
1163 1162 1367 1206 credatur
1383 1197 1393 1217 ‚
1420 1172 1464 1207 et

73 1229 229 1275 devote
251 1232 487 1291 accipiatur
520 1231 640 1292 quod
662 1241 930 1291 praeceptum
951 1241 1014 1276 est
1035 1232 1183 1288 nobis,
1224 1248 1316 1278 non
1337 1233 1464 1277 nobis

73 1301 280 1360 praecepit
300 1309 350 1345 ut
370 1301 667 1357 perderemus,
694 1301 770 1345 sed
796 1300 944 1345 locum
964 1303 1156 1347 ostendit
1180 1303 1258 1347 ubi
1275 1318 1462 1362 ponere-

42 1399 47 1411 .=
72 1385 184 1415 mus.
209 1373 347 1416 Nemo
369 1371 484 1415 enim
501 1379 646 1429 potest
667 1371 749 1414 nisi
769 1371 960 1429 cogitare
982 1371 1036 1415 de
1060 1372 1264 1417 thesauro
1291 1388 1369 1418 suo
1385 1408 1396 1428 ‚
1422 1382 1466 1417 et

43 1454 51 1513 ἐ
73 1439 264 1500 quodam
282 1441 422 1487 cordis
442 1441 595 1486 itincre
612 1441 780 1485 divitias
803 1456 899 1484 suas
923 1441 1060 1500 sequi.
1086 1442 1130 1487 Si
1153 1458 1255 1501 ergo
1283 1443 1329 1487 in
1350 1452 1464 1487 terra

49 1515 53 1552 ἲ
73 1511 346 1566 obruuntur,
372 1512 458 1555 ima
476 1511 586 1571 petit
602 1526 676 1555 cor
700 1512 761 1556 :si
783 1520 932 1555 autem
954 1512 999 1555 in
1017 1511 1133 1556 coelo
1155 1522 1431 1557 reservantur
1448 1547 1459 1567 ‚

49 1626 55 1634 ,
73 1595 244 1626 sursum
259 1581 340 1625 erit
353 1596 442 1626 cor.
465 1582 508 1626 Si
526 1596 628 1640 ergo
650 1579 806 1625 volunt
819 1579 961 1624 faeere
982 1581 1214 1626 Christiani
1235 1582 1356 1642 quod
1377 1598 1460 1628 no-

74 1659 178 1695 runt
199 1666 243 1696 se
266 1651 397 1696 etiam
432 1651 625 1713 profiteri
647 1670 656 1694 ;
680 1652 853 1710 (neque
874 1651 991 1694 enim
1013 1651 1097 1695 hoc
1119 1667 1268 1696 omnes
1286 1654 1362 1712 qui
1383 1669 1462 1698 au-

57 1719 203 1766 diunt
222 1730 443 1766 noverunt
460 1742 471 1778 3
507 1730 638 1781 atque
655 1720 823 1763 utinam
844 1735 935 1764 non
954 1717 1114 1764 frustra
1135 1722 1338 1766 noverint
1354 1757 1364 1777 ‚
1384 1724 1462 1782 qui

55 1800 294 1836 noverunt
329 1794 366 1850 ε)
388 1790 464 1851 qui
496 1805 596 1849 ergo
628 1789 723 1835 vult
760 1804 834 1834 cor
866 1805 1038 1834 sursum
1060 1791 1247 1846 habere,
1281 1791 1366 1847 ibi,
1400 1793 1462 1836 ihi

0 1963 35 1993 au·

0 2018 39 2065 noi?

6 2105 43 2137 6οῖ
70 2142 72 2147 ,

0 2177 44 2223 gen*

0 2232 47 2281 ndi—
56 2241 60 2244 ”

0 2319 48 2354 ῗῐῖθ

57 2001 135 2046 'ic
146 2001 443 2047 Christianum
455 1999 674 2060 praecedat
685 2015 760 2044 cor
774 2000 878 2059 ejus
892 2000 1124 2052 Quomodo
1137 2001 1332 2045 membra
1344 2002 1459 2046 itura

79 2081 178 2117 unt
198 2088 287 2133 quo
307 2072 523 2132 praecessit
549 2080 681 2131 caput
702 2070 919 2125 Christus,
955 2070 1014 2114 sic
1043 2071 1202 2115 iterum
1234 2087 1461 2131 resurgens

93 2151 216 2188 turus
234 2152 298 2187 est
318 2158 407 2202 quo
428 2158 546 2187 nunc
563 2141 827 2202 praecesserit
847 2156 922 2187 cor
951 2142 1156 2187 hominis.
1179 2145 1341 2188 Eamus
1358 2159 1460 2202 ergo

111 2215 180 2259 'nc
194 2249 206 2270 ,
241 2230 292 2259 ex
325 2229 412 2274 qua
433 2222 556 2273 parte
578 2228 805 2272 possumus
827 2233 836 2258 ;
862 2222 1068 2273 sequetur
1089 2223 1232 2258 totum
1263 2224 1461 2259 nostrum

141 2300 166 2329 o
182 2284 447 2344 praecesserit
469 2283 633 2345 aliquid
659 2294 872 2330 nostrum.
895 2287 1058 2329 Domus
1085 2293 1255 2329 terrena
1288 2285 1463 2331 ruinosa

90 2372 97 2380 ·
125 2363 143 2398 t
167 2373 176 2398 :
202 2354 357 2399 domus
375 2354 560 2399 coelestis
584 2363 745 2400 aeterna
765 2364 843 2400 est.
870 2357 967 2408 Quo
997 2356 1142 2400 venire
1165 2355 1430 2415 disponimus
1446 2391 1457 2413 ,

92 2434 180 2470 ·nte
207 2426 456 2484 migremus.

140 2499 199 2540 II.
226 2497 480 2541 Audivimus
498 2496 675 2540 divitem
693 2496 929 2555 quemdam
948 2513 971 2540 a
986 2497 1100 2541 bono
1123 2497 1325 2555 magistro
1341 2514 1461 2557 quae-

128 2593 141 2611 ¹
159 2591 243 2624 Alias
261 2593 301 2624 de
326 2592 463 2625 Diversis
486 2591 541 2634 43.

221 2658 350 2688 cxxv.
1278 2650 1327 2687 27
