1898 3178
381 210 465 248 512
820 218 853 245 s.
890 217 1120 246 Aucusnm
1155 219 1332 246 Eprscom

384 302 404 325 »
438 284 483 327 in
499 282 568 327 die
585 282 774 327 laudabo
792 291 856 337 te,
873 300 892 323 n
915 282 994 327 nisi
1016 281 1137 342 quod
1159 281 1243 327 alio
1270 282 1368 327 loco
1393 282 1551 327 dicitur
1569 299 1576 327 :
1598 301 1618 325 «
1639 285 1760 327 Sem-

383 373 403 395 »
440 370 516 414 per
537 353 629 397 laus
651 354 742 412 ejus
770 352 816 395 in
846 367 920 396 ore
940 345 1133 396 meo1?»
1161 356 1342 412 Propter
1363 353 1499 412 ipsam
1527 351 1760 412 perfectio-

379 439 479 468 nem
499 423 552 468 ad
567 431 730 482 septem
753 422 951 467 ecclesias
965 422 1114 467 scribit
1129 425 1153 466 J
1157 437 1332 467 oannes.
1352 422 1633 482 Apocalypsis
1650 422 1761 467 liber

380 503 443 538 est
460 494 596 538 sancti
618 493 797 538 ,Ioannis
818 492 1092 552 evangelistae
1118 512 1127 538 ε
1149 493 1299 538 scribit
1327 493 1380 536 ad
1408 503 1574 552 septem
1608 492 1761 537 Eccle-

380 564 505 607 sias2.
532 565 715 608 Veraces
741 571 877 608 estote
894 598 905 619 ‚
929 572 1095 623 sportas
1127 562 1358 622 agnoscite.
1384 565 1480 608 Non
1502 563 1617 606 enim
1648 562 1762 620 frag-

381 643 522 678 menta
550 633 622 678 illa
656 634 879 693 perierunt
905 652 913 679 z
934 634 1010 678 sed
1031 635 1134 694 quia
1163 644 1206 678 et
1230 648 1304 677 vos
1327 633 1383 677 ad
1402 632 1637 677 Ecclesiam
1661 649 1762 692 per-

382 704 547 760 tinetis,
572 705 693 749 vobis
706 705 858 765 utique
879 703 1173 764 profecerunt⁸
1187 701 1316 756 Quod
1336 702 1456 746 vobis
1472 703 1552 747 ista
1571 718 1759 762 expono,

379 775 551 820 Christo
577 774 774 820 ministro
803 794 811 820 :
833 790 910 820 vos
933 790 1035 820 cum
1057 772 1292 833 tranquille
1316 772 1472 817 auditis
1489 808 1501 829 ‚
1525 772 1762 817 discumbi-

380 845 446 888 tis.
476 848 568 904 Ego
590 861 771 905 corpore
793 845 923 890 sedeo
939 880 950 900 ,
986 843 1116 889 corde
1138 843 1349 898 consisto,
1380 851 1423 886 et
1450 841 1658 888 sollicitus
1682 844 1763 887 mi-

379 917 515 961 nistro
531 918 679 975 vobis;
697 933 753 961 ne
770 917 882 962 forte
897 916 1086 976 aliquem
1103 924 1292 959 vestrum
1308 914 1505 959 offendat
1518 914 1760 970 vasculum,

380 1004 470 1034 non
491 989 627 1033 cibus.
654 987 816 1048 Epulas
837 988 913 1032 Dei
928 987 1083 1042 nostiS,
1109 1001 1222 1046 saepe
1239 984 1434 1041 audistis,
1456 995 1622 1030 mentes
1644 1001 1763 1046 quae-

380 1069 505 1114 runt,
530 1074 620 1104 non
640 1068 825 1102 ventres.

438 1131 517 1173 111.
548 1131 675 1173 Certe
707 1128 897 1186 saginata
929 1136 1032 1171 sunt
1062 1134 1251 1186 quatuor
1281 1125 1413 1170 millia
1450 1124 1677 1169 hominum
1710 1124 1764 1169 de

379 1209 543 1259 septem
567 1199 749 1258 panibus
777 1217 785 1242 :
811 1197 919 1257 quid
940 1196 1211 1241 mirabilius?
1232 1198 1289 1240 Et
1311 1204 1458 1239 tamen
1481 1210 1632 1254 parum
1655 1204 1761 1251 erat,

379 1270 460 1313 nisi
483 1270 613 1313 etiam
631 1277 789 1328 sportae
808 1276 972 1326 septem
990 1267 1044 1310 de
1062 1265 1314 1324 fragmentis
1331 1265 1510 1308 residuis
1531 1265 1765 1323 impleren-

382 1349 465 1384 tur.
501 1342 538 1384 O
572 1355 728 1398 magna
763 1338 997 1396 mysteria!
1030 1337 1346 1395 operabantur,
1379 1344 1422 1379 et
1447 1350 1578 1394 opera
1607 1335 1764 1395 loque-

379 1412 555 1455 bantur.
589 1413 721 1454 Facta
756 1409 829 1452 illa
865 1409 898 1452 si
929 1406 1167 1465 intelligas,
1200 1407 1333 1451 verba
1362 1415 1478 1449 sunt.
1517 1409 1573 1450 Et
1601 1422 1676 1451 vos
1710 1408 1765 1451 ad

379 1491 567 1542 quatuor
598 1480 731 1524 millia
765 1479 1016 1538 pertinetis,
1049 1478 1152 1538 quia
1191 1478 1273 1522 sub
1311 1477 1549 1535 Evangelio
1585 1488 1764 1537 quater-

379 1553 501 1597 nario
534 1551 688 1596 vivitis.
727 1549 796 1594 Ad
830 1564 1063 1593 numerum
1099 1564 1187 1592 non
1222 1548 1532 1606 pertinuerunt
1568 1550 1691 1607 pueri
1723 1558 1766 1593 et

380 1622 599 1666 mulieres.
631 1620 698 1665 Sic
722 1620 837 1663 enim
866 1618 1032 1662 dictum
1060 1626 1151 1661 est:
1172 1636 1191 1659 «
1213 1619 1350 1661 Erant
1368 1626 1510 1661 autem
1545 1619 1619 1677 qui
1638 1634 1764 1662 man-

382 1711 402 1734 »
439 1693 710 1736 ducaverunt
734 1697 921 1749 quatuor
947 1686 1082 1731 millia
1109 1687 1339 1731 hominum
1358 1721 1368 1741 ‚
1399 1689 1587 1746 exceptis
1620 1689 1764 1747 pueris

382 1781 403 1804 »
435 1772 478 1806 et
495 1760 750 1805 mulieribus
765 1762 796 1803 ³.
818 1777 838 1799 »
860 1758 992 1811 Quasi
1012 1758 1104 1801 sine
1136 1773 1319 1801 numero
1342 1767 1483 1802 essent
1500 1759 1704 1804 insensati
1722 1769 1765 1804 et

380 1831 652 1876 effoeminati.
669 1833 831 1873 Tamen
853 1829 1122 1873 manducent
1143 1837 1186 1872 et
1212 1829 1306 1887 ipsi.
1327 1828 1595 1874 Manducent
1618 1849 1626 1874 :
1652 1830 1764 1875 forte

379 1904 503 1962 pueri
526 1909 739 1955 crescunt,
760 1909 803 1943 et
826 1915 915 1944 non
937 1908 1065 1942 erunt
1087 1899 1231 1955 pueri:
1258 1899 1370 1943 forte
1384 1899 1647 1944 effoeminati
1665 1915 1763 1945 cor-

381 1974 607 2031 riguntur,
641 1980 684 2014 et
720 1969 1026 2014 castificantur.
1060 1967 1363 2012 Manducent:
1400 1984 1648 2027 erogamus,
1682 1970 1765 2013 im-

381 2043 625 2103 pendimus.
653 2041 738 2094 Qui
758 2040 842 2084 sint
869 2049 1013 2083 autem
1034 2039 1130 2092 isti,
1167 2042 1280 2082 Deus
1321 2039 1492 2097 inspicit
1514 2040 1764 2084 convivium

332 2165 337 2168 ,
381 2129 531 2167 suum,
558 2122 599 2157 et
616 2112 650 2156 si
671 2126 714 2155 se
737 2125 824 2155 non
847 2108 1112 2154 correxerint
1127 2142 1138 2163 ‚
1164 2108 1239 2167 qui
1262 2108 1383 2153 novit
1410 2109 1617 2163 invitare,
1643 2110 1765 2156 novit

382 2194 425 2229 et
441 2198 652 2243 separare.

442 2257 518 2298 IV.
550 2253 720 2305 Nostis,
753 2249 986 2295 charissimi
1023 2267 1030 2292 ε
1062 2248 1238 2292 recolite
1264 2249 1552 2306 evangelicam
1576 2251 1763 2308 parabo-

383 2326 491 2382 lam3
516 2325 617 2385 quia
638 2323 813 2367 intravit
825 2321 1034 2366 Dominus
1052 2320 1263 2378 inspicere
1278 2321 1578 2364 recumbentes
1593 2321 1634 2364 in
1654 2337 1765 2380 quo·
1831 2357 1835 2367 .

384 2397 484 2440 dam
521 2395 720 2440 convivio
753 2408 848 2437 suo.
883 2389 1195 2435 Paterfamilias
1229 2391 1305 2450 qui
1340 2391 1616 2446 invitaverat,
1654 2393 1765 2436 sicut

384 2467 588 2525 scriptum
613 2475 676 2510 est
692 2499 703 2520 ⁷
733 2462 899 2508 invenit
921 2460 982 2504 ibi
1003 2460 1225 2504 hominem
1251 2475 1341 2504 non
1369 2460 1571 2505 vestitum
1600 2471 1762 2506 vestem

434 2558 442 2574 ¹
468 2552 549 2584 Psal.
572 2561 683 2591 xxxm,
703 2558 734 2583 2.
754 2566 795 2572 --
815 2555 827 2571 2
847 2551 946 2590 Apoe.
966 2558 990 2588 1,
1016 2545 1046 2587 4‘.
1069 2563 1107 2568 —
1130 2545 1273 2578 3Matth.
1295 2556 1346 2588 xv,
1366 2546 1417 2579 38,
