1898 3178
372 215 426 252 10
801 224 834 250 s.
870 218 1101 249 Aucus'nm
1131 218 1316 249 EPISOOH

368 287 460 332 Illae
481 288 636 333 vivunt
657 286 712 331 de
732 285 1022 331 misericordia
1039 287 1115 330 Dei
1136 305 1145 331 ι
1164 294 1312 330 tamen
1329 294 1546 346 quantum
1568 283 1623 329 ad
1643 300 1743 345 pas-

365 368 479 404 tores
509 358 644 404 malos
671 359 849 413 attinet,
876 356 1097 402 occidunt.
1130 356 1390 412 Quomodo,
1426 356 1597 416 inquis,
1626 356 1745 400 occi-

363 430 508 474 dunt?
538 428 652 474 Male
672 428 887 483 vivendo,
920 427 1084 472 malum
1116 427 1362 487 exemplum
1392 427 1643 486 praebendo.
1675 430 1745 471 An

362 497 520 543 frustra
544 499 709 542 dictum
732 506 795 542 est
811 512 934 542 servo
956 498 1049 552 Dei,
1069 497 1277 541 eminenti
1297 497 1343 540 in
1360 496 1566 540 membris
1586 497 1745 540 summi

363 569 563 626 pastoris:
580 588 599 610 «
616 569 740 614 Circa
757 583 907 612 omnes
923 577 966 612 te
988 568 1131 627 ipsum
1153 568 1372 611 bonorum
1394 581 1576 625 operum
1596 565 1745 625 praebe

365 658 385 681 »
421 639 665 698 exemplum
680 641 728 681 ¹?
749 657 768 680 »
794 648 836 683 et
850 674 861 694 ,
895 657 914 680 «
936 642 1094 683 Forma
1116 647 1206 682 esto
1228 636 1474 682 fidelibus2.
1506 655 1526 678 n
1545 636 1746 681 Attendit

361 710 477 754 enim
496 710 586 754 ovis
607 710 737 753 etiam
757 709 881 753 fortis
901 708 1159 768 plerumque
1180 708 1461 768 praepositum
1488 722 1614 752 suum
1633 707 1746 751 male

363 779 578 824 viventem
601 798 610 824 :
635 779 669 823 si
691 779 880 823 declinet
908 779 1057 823 oculos
1080 794 1102 822 a
1126 777 1285 837 regulis
1314 778 1510 832 Domini,
1535 787 1578 822 et
1598 777 1744 821 inten-

360 849 436 893 dat
457 850 501 893 in
526 850 747 894 hominem
764 883 776 904 ,
801 849 1118 908 incipit-dicere
1147 849 1192 891 in
1214 847 1345 892 corde
1367 863 1446 891 suo
1472 866 1480 891 ε
1509 848 1551 892 Si
1573 862 1747 907 praepo-

359 919 464 962 situs
487 934 608 963 meus
630 920 689 963 sic
721 919 849 973 vivit,
875 933 954 976 ego
977 919 1075 979 quis
1107 933 1201 962 sum
1238 918 1315 977 qui
1337 933 1426 962 non
1447 916 1600 961 faciam
1623 918 1745 977 quod

358 988 431 1032 ille
453 987 592 1034 facit?
621 988 791 1033 Occidit
824 1004 947 1033 ovem
981 989 1156 1033 fortem.
1200 990 1243 1033 Si
1265 987 1422 1032 fortem
1462 1003 1563 1046 ergo
1585 988 1744 1033 occidit

359 1074 485 1103 ovem
499 1079 510 1116 3
533 1061 622 1118 jam
639 1059 694 1102 de
720 1060 885 1103 caeteris
901 1058 1007 1118 quid
1022 1058 1150 1103 faciet
1162 1093 1173 1113 ,
1190 1059 1266 1118 qui
1283 1058 1394 1102 illud
1410 1059 1531 1118 quod
1547 1074 1636 1102 non
1652 1059 1744 1117 ipse

356 1127 663 1172 fortificaverat
678 1162 689 1181 ,
715 1129 791 1170 sed
813 1128 925 1170 forte
939 1137 1013 1170 aut
1036 1128 1263 1171 robustum
1281 1129 1505 1171 invenerat
1520 1162 1530 1182 ‚
1550 1127 1663 1171 male
1683 1128 1746 1172 vi-

355 1197 501 1240 vendo
533 1193 782 1239 interfecit?
816 1196 921 1240 Dico
950 1196 1164 1240 Charitati
1196 1199 1361 1239 Vestrae
1379 1230 1390 1250 ,
1425 1197 1583 1239 iterum
1611 1196 1710 1241 dico
1728 1231 1740 1252 ,

356 1267 433 1311 etsi
457 1266 612 1310 vivunt
633 1280 733 1309 oves
750 1300 760 1319 ,
787 1266 865 1309 etsi
895 1264 1031 1309 fortes
1053 1274 1155 1309 sunt
1185 1280 1286 1309 oves
1316 1266 1361 1309 in
1383 1266 1519 1310 verbo
1541 1267 1739 1321 Domini,

355 1344 398 1379 et
419 1344 571 1378 tenent
586 1334 696 1377 illud
717 1334 837 1393 quod
856 1333 1088 1378 audierunt
1111 1351 1135 1378 a
1157 1335 1346 1379 Domino
1363 1350 1441 1378 suo
1462 1353 1471 1379 z
1501 1353 1520 1375 «
1542 1338 1649 1388 Quae
1670 1336 1741 1379 di-

357 1424 378 1447 »
413 1414 541 1459 cunt,
563 1404 689 1449 tacite
707 1425 717 1461 3
741 1421 840 1464 quae
858 1414 1003 1448 autem
1020 1404 1188 1449 faciunt
1204 1440 1215 1459 ,
1241 1404 1382 1449 facere
1404 1403 1540 1449 nolite
1556 1407 1571 1430 3
1595 1424 1604 1449 :
1633 1423 1653 1446 n
1675 1415 1743 1450 ta-

354 1491 454 1519 men
480 1475 556 1535 qui
575 1476 621 1518 in
643 1483 880 1534 conspectu
902 1474 1053 1534 populi
1072 1474 1183 1518 male
1205 1475 1312 1519 vivit
1328 1509 1339 1529 ,
1361 1484 1574 1534 quantum
1599 1475 1645 1518 in
1666 1474 1742 1520 illo

353 1554 437 1599 est,
458 1560 558 1588 eum
580 1560 602 1588 a
626 1560 714 1604 quo
732 1544 971 1588 attenditur
992 1543 1166 1588 occidit.
1193 1545 1290 1589 Non
1312 1543 1393 1588 sibi
1414 1559 1519 1602 ergo
1538 1544 1741 1589 blandia-

353 1623 445 1669 tur,
471 1615 572 1674 quia
594 1614 666 1657 ille
688 1629 777 1658 non
805 1623 869 1657 est
890 1622 1102 1657 mortuus.
1127 1616 1184 1657 Et
1200 1612 1273 1657 ille
1290 1613 1396 1657 vivit
1410 1648 1421 1669 ,
1439 1622 1482 1657 et
1502 1613 1577 1657 ille
1598 1615 1742 1659 homi-

353 1685 447 1729 cida
465 1694 543 1729 est.
565 1684 796 1737 Quomodo
828 1699 930 1727 cum
950 1683 1132 1727 lascivus
1146 1685 1281 1727 homo
1303 1683 1494 1728 intendit
1514 1684 1557 1727 in
1579 1684 1740 1728 mulie-

352 1769 442 1798 rem
480 1753 535 1797 ad
572 1753 971 1812 concupiscendum
1008 1768 1131 1808 eam3
1171 1768 1271 1797 ecce
1304 1753 1376 1797 illa
1416 1762 1531 1797 casta
1567 1763 1630 1797 est
1644 1789 1655 1808 ,
1696 1764 1739 1798 et

351 1825 550 1868 moechus
569 1833 631 1868 est
652 1824 746 1868 iste.
759 1824 931 1867 Domini
945 1824 1060 1867 enim
1077 1839 1178 1868 vera
1192 1833 1235 1867 et
1252 1833 1399 1882 aperta
1422 1824 1634 1868 sententia
1649 1834 1734 1870 est:

355 1894 591 1953 «Quisquis
608 1893 764 1937 viderit
785 1892 1011 1937 mulierem
1026 1892 1080 1936 ad
1101 1891 1500 1951 concupiscendum
1523 1908 1634 1948 eam,
1645 1895 1735 1954 jam

354 1981 374 2004 »
400 1964 641 2007 moechatus
659 1972 721 2007 est
738 1978 833 2006 eam
847 1964 892 2006 in
904 1962 1034 2006 corde
1057 1977 1135 2006 suo
1147 1962 1179 2006 ⁴.
1191 1981 1208 2003 n
1222 1964 1320 2007 Non
1337 1962 1536 2021 pervenit
1549 1962 1604 2007 ad
1621 1963 1736 2008 illius

351 2032 620 2088 cubiculum,
636 2042 680 2076 et
697 2033 743 2075 in
765 2032 970 2076 interiore
985 2032 1076 2091 jam
1093 2047 1172 2076 suo
1192 2031 1398 2077 cubiculo
1415 2031 1651 2077 volutatur.
1667 2034 1734 2078 Sic

351 2104 489 2146 omnis
511 2103 586 2161 qui
610 2102 722 2146 male
744 2102 850 2146 vivit
878 2102 923 2143 in
947 2110 1182 2158 conspectu
1204 2116 1355 2145 eorum
1378 2101 1538 2161 quibus
1560 2117 1734 2162 praepo-

350 2171 455 2214 situs
477 2180 540 2214 est
554 2205 564 2224 ,
587 2178 801 2230 quantum
824 2170 870 2213 in
887 2170 979 2228 ipso
1001 2178 1086 2224 est,
1113 2170 1271 2214 occidit
1294 2179 1337 2214 et
1357 2170 1490 2215 fortes
1512 2187 1626 2215 oveS.
1653 2173 1736 2225 Qui
1773 2195 1776 2197 *

351 2256 450 2298 ergo
472 2241 668 2284 imitatur
689 2240 972 2299 praepositum
990 2239 1151 2283 malum
1170 2276 1180 2295 ,
1206 2241 1390 2285 moritur
1407 2261 1417 2298 3
1436 2242 1512 2301 qui
1530 2257 1618 2286 non
1640 2243 1734 2286 imi-

351 2319 483 2364 tatur,
508 2311 643 2355 vivit:
671 2319 818 2354 tamen
847 2319 1061 2370 quantum
1096 2310 1152 2354 ad
1185 2311 1307 2355 illum
1334 2312 1550 2370 pertinet,
1581 2314 1732 2368 ambos

351 2378 523 2424 occidit.
553 2382 655 2424 «Et
689 2379 811 2440 quod
837 2395 1027 2428 crassum
1058 2389 1148 2435 est,
1188 2381 1358 2440 inquit,
1390 2381 1653 2438 interficitis,
1690 2392 1733 2427 et

353 2467 373 2490 »
409 2463 508 2493 oves
530 2463 644 2492 meas
659 2464 747 2493 non
770 2449 954 2508 pascitis.
983 2467 1005 2490 »

396 2539 403 2555 ¹
426 2533 486 2565 Tit,
508 2545 546 2573 η,
561 2543 590 2574 7.
622 2551 657 2556 —
677 2541 688 2556 ²
715 2545 726 2565 1
743 2534 886 2572 Tim.1v‚
911 2543 960 2567 1¹2,
981 2550 1021 2558 ψ
1043 2532 1055 2558 3
1074 2534 1194 2566 Matth.
1221 2545 1313 2576 xxm,
1334 2535 1363 2567 3.
1386 2552 1425 2558 ·—
1441 2534 1456 2565 4
1479 2536 1525 2568 ld.
1547 2548 1582 2578 v,
1600 2537 1657 2569 28.
