1898 3178
414 283 467 318 52
809 290 842 316 s.
880 290 1108 318 *mensum
1143 291 1321 318 El‘lscom

409 354 576 399 etiamsi
597 354 642 398 in
669 370 713 397 se
741 351 931 412 quisque*
960 353 1104 398 videat
1126 352 1373 398 tarditatem
1390 386 1401 406 ‚
1430 367 1517 397 uon
1541 351 1632 395 sine
1664 367 1793 395 causa

409 423 482 469 ille
504 431 730 467 accusatur
747 456 759 476 ‚
783 430 833 465 ut
855 425 993 466 Deum
1023 431 1168 482 roget,
1193 431 1236 467 et
1254 422 1393 466 solvat
1411 420 1657 465 tarditatem
1672 455 1684 475 ,
1715 420 1795 464 do-

406 504 482 539 net
510 494 748 538 veritatem.
778 495 869 537 Aut
890 493 1007 537 enim
1028 494 1062 538 si
1093 493 1359 552 negligentia
1381 502 1527 537 nostra
1549 491 1693 535 minus
1724 492 1793 534 in-

407 565 643 624 telligimus
659 562 780 623 quod
797 563 1058 620 audivimus,
1075 565 1227 624 utique
1244 563 1511 623 negligentia
1524 562 1795 621 corripienda

408 644 471 680 est
497 654 505 678 :
537 643 612 679 aut
633 634 668 678 si
695 633 872 679 tarditas
894 643 980 689 est,
1016 650 1117 678 cum
1156 634 1286 678 fuerit
1309 641 1507 677 accusata
1525 667 1536 687 ‚
1567 633 1648 676 erit
1677 631 1795 675 unde

406 714 584 764 rogetur
600 707 728 748 Deus.
740 707 828 750 Nec
849 704 1047 749 doctores
1059 719 1163 763 crgo
1181 703 1286 747 tales
1305 701 1652 762 reprehendendi
1669 709 1791 745 sunt:

406 775 483 818 sed
503 775 580 834 qui
596 775 678 819 hoc
701 775 869 821 faciunt
888 775 1032 820 animo
1052 790 1214 830 amaro,
1229 774 1374 818 animo
1392 772 1558 828 invido,
1584 772 1664 832 ipsi
1685 787 1794 817 con-

410 845 584 890 culcant
606 860 763 905 pascua
781 881 792 902 ‚
814 856 857 891 et
882 847 1064 892 turbant
1081 845 1224 891 fontes
1251 865 1259 890 :
1286 844 1506 905 quidquid
1521 843 1636 888 forte
1657 858 1794 888 nove-

405 915 520 970 rint,
557 916 617 959 ita
654 915 810 960 volunt
843 932 969 962 nosse
989 951 1000 971 ,
1036 925 1088 960 ut
1127 915 1199 960 alii
1235 930 1325 959 non
1350 914 1565 959 noverint.
1589 911 1794 971 Malignae

407 986 564 1030 mentis
593 987 815 1042 homines,
854 996 1040 1031 tartareo
1074 985 1165 1030 zelo
1193 985 1333 1045 pleni,
1358 984 1479 1029 lividi
1510 1000 1599 1030 non
1628 984 1674 1027 in
1696 999 1794 1027 cor-

404 1069 531 1112 pore,
557 1055 632 1099 sed
653 1056 699 1099 in
721 1055 851 1100 corde
867 1090 879 1110 ‚
904 1056 1106 1114 legerunt
1123 1064 1166 1098 et
1192 1054 1497 1099 intellexerunt
1514 1074 1526 1111 3
1545 1069 1648 1098 cum
1664 1054 1796 1097 inter-

405 1126 545 1181 rogati
572 1125 736 1168 suerint
757 1159 767 1179 ‚
799 1125 990 1169 Multum
1013 1135 1077 1169 est
1110 1125 1165 1169 ad
1187 1134 1253 1179 te,
1275 1140 1354 1183 ego
1382 1125 1463 1169 tibi
1487 1125 1568 1168 ista
1590 1115 1795 1169 credain‘?

405 1202 449 1238 ct
470 1202 520 1237 tu
537 1193 698 1252 dignus
719 1209 761 1238 es
776 1195 855 1237 ista
870 1194 1014 1252 legere
1031 1194 1099 1238 vel
1115 1194 1265 1238 audire
1273 1196 1290 1237 ‘3
1305 1195 1423 1247 Quid
1436 1194 1584 1238 turbas
1605 1196 1794 1254 aquam?

405 1265 634 1309 Ambobus
663 1265 760 1308 fons
796 1274 957 1309 manat.
990 1266 1107 1318 Quid
1143 1265 1374 1310 conculcas
1402 1267 1558 1311 herbas
1593 1281 1794 1310 commu·

407 1350 483 1380 nes
501 1337 517 1375 ⁸?
535 1338 632 1379 Non
653 1343 703 1378 tu
724 1334 901 1394 pluisti,
930 1345 979 1380 ut
997 1345 1294 1380 nascerentur.

464 1406 543 1448 XI.
566 1408 644 1449 Est
670 1404 790 1449 aliud
812 1406 858 1448 in
883 1406 948 1449 his
970 1406 1112 1450 verbis
1131 1441 1142 1461 ‚
1174 1405 1295 1465 quod
1317 1421 1407 1451 non
1435 1406 1623 1450 absurde
1652 1415 1795 1466 potest

405 1474 605 1533 intelligi.
634 1476 745 1520 Sunt
767 1476 962 1520 homines
983 1476 1059 1535 qui
1088 1485 1246 1534 putant
1281 1476 1363 1520 sibi
1394 1477 1440 1519 in
1467 1477 1579 1520 bene
1607 1476 1794 1521 vivendo

405 1545 603 1590 sufficere
626 1545 933 1589 conscientiam
953 1567 963 1603 3
988 1556 1031 1590 et
1049 1561 1138 1590 non
1156 1544 1280 1589 vaide
1303 1555 1485 1601 curant,
1510 1546 1619 1606 quid
1636 1546 1691 1590 de
1711 1547 1794 1591 illis
1858 1549 1864 1586 i

405 1617 515 1660 alter
533 1616 745 1660 existimet
763 1638 774 1673 3
794 1617 1042 1674 ignorantes
1067 1617 1169 1676 quia
1191 1632 1293 1661 cum
1316 1618 1448 1662 homo
1469 1616 1628 1662 viderit
1650 1618 1794 1662 homi-

403 1702 505 1732 nem
537 1688 665 1731 bonae
688 1688 963 1732 conscientiae
986 1689 1274 1747 negligentius
1295 1689 1536 1744 viventem,
1569 1691 1727 1749 passim
1750 1705 1793 1734 se

405 1756 586 1803 cuilibet
607 1767 651 1802 et
671 1756 856 1802 ubilibet
890 1762 1228 1818 conjungentem
1246 1794 1256 1813 ‚
1296 1759 1530 1804 habentem
1569 1760 1792 1804 scientiam

405 1827 526 1888 quod
547 1827 656 1871 nihil
680 1828 734 1871 sit
755 1827 923 1872 idolum
937 1863 948 1883 ‚
973 1838 1016 1872 ct
1038 1838 1184 1873 tamen
1207 1829 1253 1872 in
1275 1828 1408 1873 idolio
1432 1830 1761 1874 recumbentem
1778 1864 1789 1885 ‚

407 1898 671 1943 conscientia
691 1897 805 1941 illius
833 1914 934 1942 cum
964 1899 1019 1942 sit
1049 1899 1221 1942 infirma
1238 1933 1250 1953 3
1285 1898 1527 1943 aedificatur
1556 1915 1646 1944 non
1667 1899 1718 1944 ad
1744 1916 1793 1944 ea

408 1985 508 2030 quae
526 1978 837 2028 perscrutatur,
861 1969 936 2013 sed
951 1969 1005 2013 ad
1024 1985 1072 2013 ea
1088 1985 1186 2029 quae
1208 1970 1449 2029 suspicatur
1467 1973 1495 2013 ¹.
1510 1973 1660 2030 Neque
1675 1971 1793 2015 enim

406 2041 540 2085 homo
561 2056 638 2099 par
655 2051 755 2085 tuus
769 2075 780 2095 ,
805 2038 939 2096 frater
960 2049 1061 2083 tuus
1077 2040 1238 2084 intrare
1260 2049 1403 2099 potest
1419 2040 1464 2084 in
1483 2041 1792 2086 conscientiam

406 2119 545 2165 tuam,
563 2125 695 2170 quam
717 2111 839 2155 novit
857 2113 971 2154 Deus
989 2111 1020 2153 ².
1047 2110 1323 2154 Conscientia
1343 2119 1418 2154 tua
1439 2125 1585 2155 coram
1600 2115 1689 2157 Deo
1711 2121 1791 2166 est,

411 2181 681 2226 conversatio
696 2190 770 2225 tua
792 2177 938 2225 coram
960 2179 1092 2224 fratre
1109 2190 1187 2225 tuo
1205 2181 1332 2225 :side
1350 2189 1393 2225 te
1414 2180 1487 2225 ille
1506 2182 1672 2242 aliquid
1692 2181 1794 2226 mali

408 2254 627 2312 suspicans
640 2287 650 2307 ‚
678 2252 960 2312 perturbatus
981 2251 1219 2296 aedificatur
1246 2251 1302 2295 ad
1323 2251 1490 2311 aliquid
1513 2252 1762 2297 faciendum
1780 2288 1792 2307 ‚

408 2323 530 2382 quod
551 2334 595 2368 te
616 2332 742 2382 putat
761 2323 905 2367 facere
923 2357 933 2377 ‚
972 2337 1073 2366 cum
1095 2323 1154 2366 sic
1181 2322 1288 2366 vivis
1305 2356 1315 2377 ‚
1337 2322 1444 2382 quid
1463 2323 1640 2382 prodest
1656 2358 1667 2378 ‚
1694 2324 1795 2383 quia

408 2403 560 2438 venter
582 2394 855 2438 conscientiae
889 2402 978 2436 tuae
1013 2393 1155 2436 hausit
1177 2408 1333 2453 aquam
1356 2409 1512 2452 puram
1527 2428 1538 2448 ,
1578 2403 1622 2438 et
1641 2392 1717 2438 ille
1740 2393 1795 2438 de

411 2474 485 2508 tua
503 2463 740 2523 negligenti
756 2464 1082 2509 conversatione
1103 2464 1216 2508 bibit
1238 2464 1491 2508 turbatam?

469 2536 568 2578 XII.
592 2537 648 2577 Et
669 2535 790 2579 audis
811 2535 916 2579 tales
932 2569 943 2589 ‚
973 2549 1074 2579 cum
1095 2535 1391 2594 corripiuntur
1412 2550 1468 2579 ne
1491 2534 1571 2579 ista
1602 2534 1789 2590 faciant,

461 2624 468 2640 ¹
495 2628 506 2650 1
524 2620 595 2650 Cor.
620 2629 686 2659 vni,
706 2630 757 2651 10.
784 2634 825 2642 —-
849 2625 861 2642 ²
877 2618 985 2651 Florus
1003 2618 1043 2651 ad
1060 2618 1162 2652 Galat.
1185 2629 1205 2650 1.
