<?xml version="1.0" encoding="UTF-8"?>
<!DOCTYPE html PUBLIC "-//W3C//DTD XHTML 1.0 Transitional//EN"
    "http://www.w3.org/TR/xhtml1/DTD/xhtml1-transitional.dtd">
<html xmlns="http://www.w3.org/1999/xhtml" xml:lang="en" lang="en">
 <head>
  <title>
</title>
<meta http-equiv="Content-Type" content="text/html;charset=utf-8" />
  <meta name='ocr-system' content='tesseract 3.04.00' />
  <meta name='ocr-capabilities' content='ocr_page ocr_carea ocr_par ocr_line ocrx_word'/>
</head>
<body>
  <div class='ocr_page' id='page_1' title='image "./operaomniaaccura18auguuoft_0490.png"; bbox 0 0 1898 3178; ppageno 0'>
   <div class='ocr_carea' id='block_1_1' title="bbox 410 217 1348 256">
    <p class='ocr_par' dir='ltr' id='par_1_1' title="bbox 410 217 1348 256">
     <span class='ocr_line' id='line_1_1' title="bbox 410 217 1348 256; baseline -0.001 0"><span class='ocrx_word' id='word_1_1' title='bbox 410 217 491 256; x_wconf 82' lang='lat'><strong>478</strong></span> <span class='ocrx_word' id='word_1_2' title='bbox 837 226 870 254; x_wconf 91' lang='lat' dir='ltr'><strong>s.</strong></span> <span class='ocrx_word' id='word_1_3' title='bbox 906 225 1137 255; x_wconf 67' lang='lat' dir='ltr'><strong>Aueuscrmr</strong></span> <span class='ocrx_word' id='word_1_4' title='bbox 1170 227 1348 255; x_wconf 73' lang='lat' dir='ltr'><strong>Errscori</strong></span> 
     </span>
    </p>
   </div>
   <div class='ocr_carea' id='block_1_2' title="bbox 400 291 1792 2320">
    <p class='ocr_par' dir='ltr' id='par_1_2' title="bbox 400 291 1792 2320">
     <span class='ocr_line' id='line_1_2' title="bbox 409 291 1788 353; baseline 0.003 -18"><span class='ocrx_word' id='word_1_5' title='bbox 409 313 429 335; x_wconf 87' lang='lat'>»</span> <span class='ocrx_word' id='word_1_6' title='bbox 464 294 591 353; x_wconf 90' lang='lat' dir='ltr'><strong>pauci</strong></span> <span class='ocrx_word' id='word_1_7' title='bbox 618 307 720 338; x_wconf 91' lang='lat' dir='ltr'><strong>vero</strong></span> <span class='ocrx_word' id='word_1_8' title='bbox 742 291 907 336; x_wconf 79' lang='lat' dir='ltr'><strong>electi1.</strong></span> <span class='ocrx_word' id='word_1_9' title='bbox 937 309 956 332; x_wconf 94' lang='lat'>»</span> <span class='ocrx_word' id='word_1_10' title='bbox 983 291 1100 344; x_wconf 88' lang='lat' dir='ltr'>Quid</span> <span class='ocrx_word' id='word_1_11' title='bbox 1120 292 1206 337; x_wconf 90' lang='lat' dir='ltr'><strong>huc</strong></span> <span class='ocrx_word' id='word_1_12' title='bbox 1227 291 1570 337; x_wconf 79' lang='lat' dir='ltr'><strong>manifestationi</strong></span> <span class='ocrx_word' id='word_1_13' title='bbox 1598 294 1788 339; x_wconf 89' lang='lat' dir='ltr'><strong>veritatis</strong></span> 
     </span>
     <span class='ocr_line' id='line_1_3' title="bbox 407 360 1789 424; baseline 0.001 -16"><span class='ocrx_word' id='word_1_14' title='bbox 407 364 620 424; x_wconf 90' lang='lat' dir='ltr'><strong>quispiam</strong></span> <span class='ocrx_word' id='word_1_15' title='bbox 639 360 939 406; x_wconf 82' lang='lat' dir='ltr'><strong>contradicat?</strong></span> <span class='ocrx_word' id='word_1_16' title='bbox 961 379 982 403; x_wconf 71' lang='grc' dir='ltr'><strong>(ι</strong></span> <span class='ocrx_word' id='word_1_17' title='bbox 1000 362 1182 417; x_wconf 86' lang='lat' dir='ltr'><strong>Mittite,</strong></span> <span class='ocrx_word' id='word_1_18' title='bbox 1205 362 1365 422; x_wconf 88' lang='lat' dir='ltr'><strong>inquit,</strong></span> <span class='ocrx_word' id='word_1_19' title='bbox 1383 362 1509 406; x_wconf 82' lang='lat' dir='ltr'><strong>illum</strong></span> <span class='ocrx_word' id='word_1_20' title='bbox 1523 363 1568 407; x_wconf 90' lang='lat' dir='ltr'><strong>in</strong></span> <span class='ocrx_word' id='word_1_21' title='bbox 1591 364 1789 409; x_wconf 85' lang='lat' dir='ltr'><strong>tenebras</strong></span> 
     </span>
     <span class='ocr_line' id='line_1_4' title="bbox 410 431 1785 493; baseline 0.003 -17"><span class='ocrx_word' id='word_1_22' title='bbox 410 453 431 476; x_wconf 87' lang='lat'>»</span> <span class='ocrx_word' id='word_1_23' title='bbox 466 434 710 479; x_wconf 80' lang='lat' dir='ltr'><strong>exteriores.</strong></span> <span class='ocrx_word' id='word_1_24' title='bbox 730 450 750 474; x_wconf 89' lang='lat'>»</span> <span class='ocrx_word' id='word_1_25' title='bbox 770 431 900 477; x_wconf 90' lang='lat' dir='ltr'><strong>Illum</strong></span> <span class='ocrx_word' id='word_1_26' title='bbox 922 441 1040 476; x_wconf 92' lang='lat' dir='ltr'><strong>certe</strong></span> <span class='ocrx_word' id='word_1_27' title='bbox 1059 448 1215 489; x_wconf 90' lang='lat' dir='ltr'><strong>unum,</strong></span> <span class='ocrx_word' id='word_1_28' title='bbox 1241 432 1295 477; x_wconf 91' lang='lat' dir='ltr'><strong>de</strong></span> <span class='ocrx_word' id='word_1_29' title='bbox 1312 449 1401 493; x_wconf 90' lang='lat' dir='ltr'><strong>quo</strong></span> <span class='ocrx_word' id='word_1_30' title='bbox 1421 432 1528 479; x_wconf 89' lang='lat' dir='ltr'><strong>dicit</strong></span> <span class='ocrx_word' id='word_1_31' title='bbox 1549 435 1785 480; x_wconf 91' lang='lat' dir='ltr'><strong>Dominus:</strong></span> 
     </span>
     <span class='ocr_line' id='line_1_5' title="bbox 411 502 1790 564; baseline 0.001 -17"><span class='ocrx_word' id='word_1_32' title='bbox 411 524 433 548; x_wconf 90' lang='lat'>«</span> <span class='ocrx_word' id='word_1_33' title='bbox 465 504 595 549; x_wconf 89' lang='lat' dir='ltr'><strong>Multi</strong></span> <span class='ocrx_word' id='word_1_34' title='bbox 616 503 732 547; x_wconf 90' lang='lat' dir='ltr'><strong>enim</strong></span> <span class='ocrx_word' id='word_1_35' title='bbox 753 511 854 547; x_wconf 90' lang='lat' dir='ltr'><strong>sunt</strong></span> <span class='ocrx_word' id='word_1_36' title='bbox 878 502 1046 557; x_wconf 91' lang='lat' dir='ltr'><strong>vocati,</strong></span> <span class='ocrx_word' id='word_1_37' title='bbox 1069 504 1197 562; x_wconf 90' lang='lat' dir='ltr'><strong>pauci</strong></span> <span class='ocrx_word' id='word_1_38' title='bbox 1216 518 1318 548; x_wconf 85' lang='lat' dir='ltr'><strong>vero</strong></span> <span class='ocrx_word' id='word_1_39' title='bbox 1336 502 1505 549; x_wconf 89' lang='lat' dir='ltr'><strong>electi.»</strong></span> <span class='ocrx_word' id='word_1_40' title='bbox 1527 507 1642 563; x_wconf 85' lang='lat' dir='ltr'><strong>Ergo</strong></span> <span class='ocrx_word' id='word_1_41' title='bbox 1663 505 1790 564; x_wconf 87' lang='lat' dir='ltr'><strong>pauci</strong></span> 
     </span>
     <span class='ocr_line' id='line_1_6' title="bbox 407 572 1790 634; baseline -0.001 -13"><span class='ocrx_word' id='word_1_42' title='bbox 407 591 496 621; x_wconf 89' lang='lat' dir='ltr'><strong>non</strong></span> <span class='ocrx_word' id='word_1_43' title='bbox 513 574 747 618; x_wconf 89' lang='lat' dir='ltr'><strong>mittuntur</strong></span> <span class='ocrx_word' id='word_1_44' title='bbox 768 572 899 617; x_wconf 83' lang='lat' dir='ltr'><strong>foraS.</strong></span> <span class='ocrx_word' id='word_1_45' title='bbox 925 574 1054 618; x_wconf 89' lang='lat' dir='ltr'><strong>Certe</strong></span> <span class='ocrx_word' id='word_1_46' title='bbox 1079 589 1192 617; x_wconf 91' lang='lat' dir='ltr'><strong>unus</strong></span> <span class='ocrx_word' id='word_1_47' title='bbox 1214 582 1305 618; x_wconf 89' lang='lat' dir='ltr'><strong>erat</strong></span> <span class='ocrx_word' id='word_1_48' title='bbox 1322 572 1395 617; x_wconf 89' lang='lat' dir='ltr'><strong>ille</strong></span> <span class='ocrx_word' id='word_1_49' title='bbox 1411 608 1422 628; x_wconf 89' lang='lat'><strong>‚</strong></span> <span class='ocrx_word' id='word_1_50' title='bbox 1447 575 1524 634; x_wconf 91' lang='lat' dir='ltr'><strong>qui</strong></span> <span class='ocrx_word' id='word_1_51' title='bbox 1545 590 1635 620; x_wconf 91' lang='lat' dir='ltr'><strong>non</strong></span> <span class='ocrx_word' id='word_1_52' title='bbox 1650 576 1790 620; x_wconf 87' lang='lat' dir='ltr'><strong>habe-</strong></span> 
     </span>
     <span class='ocr_line' id='line_1_7' title="bbox 406 642 1791 704; baseline -0.002 -12"><span class='ocrx_word' id='word_1_53' title='bbox 406 649 482 692; x_wconf 88' lang='lat' dir='ltr'><strong>bat</strong></span> <span class='ocrx_word' id='word_1_54' title='bbox 497 655 660 691; x_wconf 90' lang='lat' dir='ltr'><strong>vestem</strong></span> <span class='ocrx_word' id='word_1_55' title='bbox 677 642 934 703; x_wconf 86' lang='lat' dir='ltr'><strong>nuptialem.</strong></span> <span class='ocrx_word' id='word_1_56' title='bbox 952 661 972 684; x_wconf 87' lang='lat'>«</span> <span class='ocrx_word' id='word_1_57' title='bbox 993 642 1196 703; x_wconf 85' lang='lat' dir='ltr'><strong>Projicite</strong></span> <span class='ocrx_word' id='word_1_58' title='bbox 1214 658 1330 688; x_wconf 91' lang='lat' dir='ltr'><strong>eum.</strong></span> <span class='ocrx_word' id='word_1_59' title='bbox 1346 663 1362 684; x_wconf 89' lang='lat'>»</span> <span class='ocrx_word' id='word_1_60' title='bbox 1376 645 1519 696; x_wconf 84' lang='lat' dir='ltr'><strong>Quare</strong></span> <span class='ocrx_word' id='word_1_61' title='bbox 1536 645 1791 704; x_wconf 78' lang='lat' dir='ltr'><strong>projicitur?</strong></span> 
     </span>
     <span class='ocr_line' id='line_1_8' title="bbox 410 713 1790 773; baseline 0.001 -13"><span class='ocrx_word' id='word_1_62' title='bbox 410 738 431 761; x_wconf 87' lang='lat'>«</span> <span class='ocrx_word' id='word_1_63' title='bbox 464 717 594 764; x_wconf 89' lang='lat' dir='ltr'><strong>Multi</strong></span> <span class='ocrx_word' id='word_1_64' title='bbox 620 716 737 760; x_wconf 89' lang='lat' dir='ltr'><strong>enim</strong></span> <span class='ocrx_word' id='word_1_65' title='bbox 759 723 862 759; x_wconf 91' lang='lat' dir='ltr'><strong>sunt</strong></span> <span class='ocrx_word' id='word_1_66' title='bbox 881 714 1049 769; x_wconf 88' lang='lat' dir='ltr'><strong>vocati,</strong></span> <span class='ocrx_word' id='word_1_67' title='bbox 1081 713 1208 773; x_wconf 86' lang='lat' dir='ltr'><strong>pauci</strong></span> <span class='ocrx_word' id='word_1_68' title='bbox 1239 728 1343 759; x_wconf 84' lang='lat' dir='ltr'><strong>vero</strong></span> <span class='ocrx_word' id='word_1_69' title='bbox 1364 713 1506 758; x_wconf 86' lang='lat' dir='ltr'><strong>electi.</strong></span> <span class='ocrx_word' id='word_1_70' title='bbox 1531 732 1552 755; x_wconf 88' lang='lat'>»</span> <span class='ocrx_word' id='word_1_71' title='bbox 1577 716 1790 761; x_wconf 89' lang='lat' dir='ltr'><strong>Dimittite</strong></span> 
     </span>
     <span class='ocr_line' id='line_1_9' title="bbox 406 784 1788 849; baseline -0.002 -15"><span class='ocrx_word' id='word_1_72' title='bbox 406 803 587 849; x_wconf 86' lang='lat' dir='ltr'><strong>paucos,</strong></span> <span class='ocrx_word' id='word_1_73' title='bbox 612 786 807 847; x_wconf 79' lang='lat' dir='ltr'><strong>projicite</strong></span> <span class='ocrx_word' id='word_1_74' title='bbox 831 784 1004 830; x_wconf 75' lang='lat' dir='ltr'><strong>multos.</strong></span> <span class='ocrx_word' id='word_1_75' title='bbox 1029 786 1157 830; x_wconf 88' lang='lat' dir='ltr'><strong>Certe</strong></span> <span class='ocrx_word' id='word_1_76' title='bbox 1183 799 1298 829; x_wconf 91' lang='lat' dir='ltr'><strong>unus</strong></span> <span class='ocrx_word' id='word_1_77' title='bbox 1321 792 1428 829; x_wconf 88' lang='lat' dir='ltr'><strong>erat.</strong></span> <span class='ocrx_word' id='word_1_78' title='bbox 1459 786 1581 829; x_wconf 91' lang='lat' dir='ltr'><strong>Unus</strong></span> <span class='ocrx_word' id='word_1_79' title='bbox 1610 785 1788 831; x_wconf 89' lang='lat' dir='ltr'><strong>omnino</strong></span> 
     </span>
     <span class='ocr_line' id='line_1_10' title="bbox 406 852 1789 914; baseline -0.003 -9"><span class='ocrx_word' id='word_1_80' title='bbox 406 860 485 904; x_wconf 91' lang='lat' dir='ltr'><strong>iste</strong></span> <span class='ocrx_word' id='word_1_81' title='bbox 501 894 513 914; x_wconf 84' lang='lat'><strong><em>‚</em></strong></span> <span class='ocrx_word' id='word_1_82' title='bbox 545 872 637 902; x_wconf 91' lang='lat' dir='ltr'><strong>non</strong></span> <span class='ocrx_word' id='word_1_83' title='bbox 655 855 798 900; x_wconf 92' lang='lat' dir='ltr'><strong>solum</strong></span> <span class='ocrx_word' id='word_1_84' title='bbox 819 853 948 900; x_wconf 89' lang='lat' dir='ltr'><strong>multi</strong></span> <span class='ocrx_word' id='word_1_85' title='bbox 970 862 1094 898; x_wconf 86' lang='lat' dir='ltr'><strong>erant</strong></span> <span class='ocrx_word' id='word_1_86' title='bbox 1111 888 1122 909; x_wconf 87' lang='lat'>‚</span> <span class='ocrx_word' id='word_1_87' title='bbox 1151 852 1229 898; x_wconf 88' lang='lat' dir='ltr'><strong>sed</strong></span> <span class='ocrx_word' id='word_1_88' title='bbox 1260 853 1546 898; x_wconf 90' lang='lat' dir='ltr'><strong>multitudine</strong></span> <span class='ocrx_word' id='word_1_89' title='bbox 1569 854 1789 902; x_wconf 85' lang='lat' dir='ltr'><strong>bonorum</strong></span> 
     </span>
     <span class='ocr_line' id='line_1_11' title="bbox 406 923 1791 985; baseline -0.003 -11"><span class='ocrx_word' id='word_1_90' title='bbox 406 942 638 974; x_wconf 90' lang='lat' dir='ltr'><strong>numerum</strong></span> <span class='ocrx_word' id='word_1_91' title='bbox 660 925 938 985; x_wconf 88' lang='lat' dir='ltr'><strong>superabant.</strong></span> <span class='ocrx_word' id='word_1_92' title='bbox 965 923 1096 969; x_wconf 89' lang='lat' dir='ltr'><strong>Multi</strong></span> <span class='ocrx_word' id='word_1_93' title='bbox 1116 923 1236 968; x_wconf 89' lang='lat' dir='ltr'><strong>enim</strong></span> <span class='ocrx_word' id='word_1_94' title='bbox 1255 933 1299 968; x_wconf 89' lang='lat' dir='ltr'><strong>et</strong></span> <span class='ocrx_word' id='word_1_95' title='bbox 1316 924 1531 970; x_wconf 76' lang='lat' dir='ltr'><strong>bonizsed</strong></span> <span class='ocrx_word' id='word_1_96' title='bbox 1551 925 1596 968; x_wconf 90' lang='lat' dir='ltr'><strong>in</strong></span> <span class='ocrx_word' id='word_1_97' title='bbox 1617 940 1791 985; x_wconf 88' lang='lat' dir='ltr'><strong>compa-</strong></span> 
     </span>
     <span class='ocr_line' id='line_1_12' title="bbox 406 993 1792 1055; baseline -0.004 -10"><span class='ocrx_word' id='word_1_98' title='bbox 406 1001 572 1044; x_wconf 87' lang='lat' dir='ltr'><strong>ratione</strong></span> <span class='ocrx_word' id='word_1_99' title='bbox 592 995 807 1042; x_wconf 87' lang='lat' dir='ltr'><strong>malorum</strong></span> <span class='ocrx_word' id='word_1_100' title='bbox 838 995 969 1055; x_wconf 87' lang='lat' dir='ltr'><strong>pauci</strong></span> <span class='ocrx_word' id='word_1_101' title='bbox 989 1003 1092 1039; x_wconf 90' lang='lat' dir='ltr'><strong>sunt</strong></span> <span class='ocrx_word' id='word_1_102' title='bbox 1123 994 1243 1039; x_wconf 90' lang='lat' dir='ltr'><strong>boni.</strong></span> <span class='ocrx_word' id='word_1_103' title='bbox 1269 993 1410 1040; x_wconf 86' lang='lat' dir='ltr'><strong>Multa</strong></span> <span class='ocrx_word' id='word_1_104' title='bbox 1441 993 1663 1040; x_wconf 84' lang='lat' dir='ltr'><strong>frumenta</strong></span> <span class='ocrx_word' id='word_1_105' title='bbox 1689 1005 1792 1042; x_wconf 90' lang='lat' dir='ltr'><strong>nata</strong></span> 
     </span>
     <span class='ocr_line' id='line_1_13' title="bbox 406 1064 1789 1126; baseline -0.002 -13"><span class='ocrx_word' id='word_1_106' title='bbox 406 1078 507 1114; x_wconf 89' lang='lat' dir='ltr'><strong>sunt</strong></span> <span class='ocrx_word' id='word_1_107' title='bbox 526 1088 535 1114; x_wconf 91' lang='lat'>:</span> <span class='ocrx_word' id='word_1_108' title='bbox 560 1081 763 1126; x_wconf 88' lang='lat' dir='ltr'><strong>compara</strong></span> <span class='ocrx_word' id='word_1_109' title='bbox 783 1064 933 1124; x_wconf 84' lang='lat' dir='ltr'><strong>paleiS‚</strong></span> <span class='ocrx_word' id='word_1_110' title='bbox 958 1073 1002 1108; x_wconf 90' lang='lat' dir='ltr'><strong>et</strong></span> <span class='ocrx_word' id='word_1_111' title='bbox 1022 1079 1159 1123; x_wconf 88' lang='lat' dir='ltr'><strong>pauca</strong></span> <span class='ocrx_word' id='word_1_112' title='bbox 1179 1078 1312 1122; x_wconf 86' lang='lat' dir='ltr'><strong>grana</strong></span> <span class='ocrx_word' id='word_1_113' title='bbox 1332 1073 1448 1109; x_wconf 87' lang='lat' dir='ltr'><strong>sunt.</strong></span> <span class='ocrx_word' id='word_1_114' title='bbox 1475 1065 1615 1109; x_wconf 89' lang='lat' dir='ltr'><strong>Iidem</strong></span> <span class='ocrx_word' id='word_1_115' title='bbox 1641 1065 1723 1124; x_wconf 90' lang='lat' dir='ltr'><strong>ipsi</strong></span> <span class='ocrx_word' id='word_1_116' title='bbox 1742 1066 1789 1110; x_wconf 88' lang='lat' dir='ltr'><strong>in</strong></span> 
     </span>
     <span class='ocr_line' id='line_1_14' title="bbox 405 1134 1789 1199; baseline -0.004 -14"><span class='ocrx_word' id='word_1_117' title='bbox 405 1155 449 1185; x_wconf 89' lang='lat' dir='ltr'><strong>se</strong></span> <span class='ocrx_word' id='word_1_118' title='bbox 467 1139 568 1199; x_wconf 91' lang='lat' dir='ltr'><strong>ipsis</strong></span> <span class='ocrx_word' id='word_1_119' title='bbox 592 1136 736 1191; x_wconf 88' lang='lat' dir='ltr'><strong>multi,</strong></span> <span class='ocrx_word' id='word_1_120' title='bbox 752 1136 798 1179; x_wconf 90' lang='lat' dir='ltr'><strong>in</strong></span> <span class='ocrx_word' id='word_1_121' title='bbox 820 1135 1143 1194; x_wconf 87' lang='lat' dir='ltr'><strong>comparatione</strong></span> <span class='ocrx_word' id='word_1_122' title='bbox 1160 1134 1375 1179; x_wconf 89' lang='lat' dir='ltr'><strong>malorum</strong></span> <span class='ocrx_word' id='word_1_123' title='bbox 1395 1134 1538 1194; x_wconf 89' lang='lat' dir='ltr'><strong>pauci.</strong></span> <span class='ocrx_word' id='word_1_124' title='bbox 1556 1136 1789 1188; x_wconf 85' lang='lat' dir='ltr'><strong>Quomodo</strong></span> 
     </span>
     <span class='ocr_line' id='line_1_15' title="bbox 405 1203 1791 1270; baseline -0.003 -16"><span class='ocrx_word' id='word_1_125' title='bbox 405 1210 640 1270; x_wconf 87' lang='lat' dir='ltr'><strong>probamus</strong></span> <span class='ocrx_word' id='word_1_126' title='bbox 660 1206 763 1266; x_wconf 86' lang='lat' dir='ltr'><strong>quia</strong></span> <span class='ocrx_word' id='word_1_127' title='bbox 776 1206 823 1249; x_wconf 91' lang='lat' dir='ltr'><strong>in</strong></span> <span class='ocrx_word' id='word_1_128' title='bbox 843 1220 887 1249; x_wconf 92' lang='lat' dir='ltr'><strong>se</strong></span> <span class='ocrx_word' id='word_1_129' title='bbox 906 1204 1008 1264; x_wconf 88' lang='lat' dir='ltr'><strong>ipsis</strong></span> <span class='ocrx_word' id='word_1_130' title='bbox 1027 1203 1184 1249; x_wconf 82' lang='lat' dir='ltr'><strong>multi?</strong></span> <span class='ocrx_word' id='word_1_131' title='bbox 1206 1223 1226 1247; x_wconf 88' lang='lat'>«</span> <span class='ocrx_word' id='word_1_132' title='bbox 1250 1204 1381 1250; x_wconf 86' lang='lat' dir='ltr'><strong>Multi</strong></span> <span class='ocrx_word' id='word_1_133' title='bbox 1402 1205 1456 1249; x_wconf 90' lang='lat' dir='ltr'><strong>ab</strong></span> <span class='ocrx_word' id='word_1_134' title='bbox 1475 1205 1653 1249; x_wconf 89' lang='lat' dir='ltr'><strong>Oriente</strong></span> <span class='ocrx_word' id='word_1_135' title='bbox 1674 1214 1717 1250; x_wconf 91' lang='lat' dir='ltr'><strong>et</strong></span> <span class='ocrx_word' id='word_1_136' title='bbox 1736 1205 1791 1250; x_wconf 90' lang='lat' dir='ltr'><strong>ab</strong></span> 
     </span>
     <span class='ocr_line' id='line_1_16' title="bbox 407 1274 1789 1328; baseline -0.001 -6"><span class='ocrx_word' id='word_1_137' title='bbox 407 1300 428 1323; x_wconf 88' lang='lat'>»</span> <span class='ocrx_word' id='word_1_138' title='bbox 463 1280 699 1325; x_wconf 89' lang='lat' dir='ltr'><strong>Occidente</strong></span> <span class='ocrx_word' id='word_1_139' title='bbox 729 1277 905 1321; x_wconf 90' lang='lat' dir='ltr'><strong>venient</strong></span> <span class='ocrx_word' id='word_1_140' title='bbox 918 1279 951 1319; x_wconf 73' lang='lat'><strong>².</strong></span> <span class='ocrx_word' id='word_1_141' title='bbox 981 1293 1002 1317; x_wconf 90' lang='lat'>»</span> <span class='ocrx_word' id='word_1_142' title='bbox 1029 1280 1124 1328; x_wconf 87' lang='lat' dir='ltr'><strong>Quo</strong></span> <span class='ocrx_word' id='word_1_143' title='bbox 1154 1275 1367 1320; x_wconf 78' lang='lat' dir='ltr'><strong>venient?</strong></span> <span class='ocrx_word' id='word_1_144' title='bbox 1395 1274 1465 1320; x_wconf 83' lang='lat' dir='ltr'><strong>Ad</strong></span> <span class='ocrx_word' id='word_1_145' title='bbox 1500 1275 1612 1320; x_wconf 90' lang='lat' dir='ltr'><strong>illud</strong></span> <span class='ocrx_word' id='word_1_146' title='bbox 1639 1276 1789 1320; x_wconf 89' lang='lat' dir='ltr'><strong>convi-</strong></span> 
     </span>
     <span class='ocr_line' id='line_1_17' title="bbox 403 1344 1787 1407; baseline -0.005 -11"><span class='ocrx_word' id='word_1_147' title='bbox 403 1352 539 1406; x_wconf 85' lang='lat' dir='ltr'><strong>vium,</strong></span> <span class='ocrx_word' id='word_1_148' title='bbox 557 1350 604 1393; x_wconf 86' lang='lat' dir='ltr'><strong>in</strong></span> <span class='ocrx_word' id='word_1_149' title='bbox 618 1347 739 1407; x_wconf 89' lang='lat' dir='ltr'><strong>quod</strong></span> <span class='ocrx_word' id='word_1_150' title='bbox 754 1346 916 1391; x_wconf 88' lang='lat' dir='ltr'><strong>boniet</strong></span> <span class='ocrx_word' id='word_1_151' title='bbox 935 1345 1037 1389; x_wconf 91' lang='lat' dir='ltr'><strong>mali</strong></span> <span class='ocrx_word' id='word_1_152' title='bbox 1060 1345 1240 1389; x_wconf 87' lang='lat' dir='ltr'><strong>intrant.</strong></span> <span class='ocrx_word' id='word_1_153' title='bbox 1262 1348 1324 1388; x_wconf 95' lang='lat' dir='ltr'><strong>De</strong></span> <span class='ocrx_word' id='word_1_154' title='bbox 1347 1344 1431 1388; x_wconf 91' lang='lat' dir='ltr'><strong>alio</strong></span> <span class='ocrx_word' id='word_1_155' title='bbox 1451 1345 1649 1390; x_wconf 89' lang='lat' dir='ltr'><strong>convivio</strong></span> <span class='ocrx_word' id='word_1_156' title='bbox 1670 1345 1787 1390; x_wconf 90' lang='lat' dir='ltr'><strong>locu-</strong></span> 
     </span>
     <span class='ocr_line' id='line_1_18' title="bbox 404 1414 1791 1479; baseline -0.004 -13"><span class='ocrx_word' id='word_1_157' title='bbox 404 1431 473 1466; x_wconf 92' lang='lat' dir='ltr'><strong>tus</strong></span> <span class='ocrx_word' id='word_1_158' title='bbox 494 1418 694 1479; x_wconf 73' lang='lat' dir='ltr'><strong>adjunxit</strong></span> <span class='ocrx_word' id='word_1_159' title='bbox 714 1436 723 1461; x_wconf 78' lang='lat'><em>2</em></span> <span class='ocrx_word' id='word_1_160' title='bbox 751 1435 771 1459; x_wconf 90' lang='lat'>«</span> <span class='ocrx_word' id='word_1_161' title='bbox 794 1418 852 1460; x_wconf 91' lang='lat' dir='ltr'><strong>Et</strong></span> <span class='ocrx_word' id='word_1_162' title='bbox 883 1414 1144 1459; x_wconf 85' lang='lat' dir='ltr'><strong>recumbent</strong></span> <span class='ocrx_word' id='word_1_163' title='bbox 1173 1428 1274 1458; x_wconf 91' lang='lat' dir='ltr'><strong>cum</strong></span> <span class='ocrx_word' id='word_1_164' title='bbox 1307 1414 1529 1458; x_wconf 86' lang='lat' dir='ltr'><strong>Abraham</strong></span> <span class='ocrx_word' id='word_1_165' title='bbox 1545 1449 1556 1469; x_wconf 85' lang='lat'><strong>,</strong></span> <span class='ocrx_word' id='word_1_166' title='bbox 1582 1418 1699 1459; x_wconf 87' lang='lat' dir='ltr'><strong>Isaac</strong></span> <span class='ocrx_word' id='word_1_167' title='bbox 1715 1450 1726 1471; x_wconf 83' lang='lat'><strong><em>‚</em></strong></span> <span class='ocrx_word' id='word_1_168' title='bbox 1747 1425 1791 1460; x_wconf 90' lang='lat' dir='ltr'><strong>et</strong></span> 
     </span>
     <span class='ocr_line' id='line_1_19' title="bbox 406 1481 1791 1544; baseline -0.002 -12"><span class='ocrx_word' id='word_1_169' title='bbox 406 1509 427 1532; x_wconf 86' lang='lat'>»</span> <span class='ocrx_word' id='word_1_170' title='bbox 464 1488 598 1534; x_wconf 83' lang='lat' dir='ltr'><strong>Jacob</strong></span> <span class='ocrx_word' id='word_1_171' title='bbox 619 1521 629 1542; x_wconf 91' lang='lat'><strong>,</strong></span> <span class='ocrx_word' id='word_1_172' title='bbox 648 1487 694 1530; x_wconf 91' lang='lat' dir='ltr'><strong>in</strong></span> <span class='ocrx_word' id='word_1_173' title='bbox 715 1499 848 1542; x_wconf 87' lang='lat' dir='ltr'><strong>regno</strong></span> <span class='ocrx_word' id='word_1_174' title='bbox 870 1483 1128 1527; x_wconf 66' lang='lat' dir='ltr'><strong>coelorum-⁰¹.</strong></span> <span class='ocrx_word' id='word_1_175' title='bbox 1147 1500 1166 1523; x_wconf 87' lang='lat'>»</span> <span class='ocrx_word' id='word_1_176' title='bbox 1190 1481 1307 1525; x_wconf 88' lang='lat' dir='ltr'><strong>Illud</strong></span> <span class='ocrx_word' id='word_1_177' title='bbox 1329 1491 1393 1526; x_wconf 90' lang='lat' dir='ltr'><strong>est</strong></span> <span class='ocrx_word' id='word_1_178' title='bbox 1414 1482 1682 1539; x_wconf 86' lang='lat' dir='ltr'><strong>convivium,</strong></span> <span class='ocrx_word' id='word_1_179' title='bbox 1701 1500 1791 1544; x_wconf 92' lang='lat' dir='ltr'><strong>quo</strong></span> 
     </span>
     <span class='ocr_line' id='line_1_20' title="bbox 405 1550 1790 1612; baseline -0.004 -7"><span class='ocrx_word' id='word_1_180' title='bbox 405 1576 494 1605; x_wconf 89' lang='lat' dir='ltr'><strong>non</strong></span> <span class='ocrx_word' id='word_1_181' title='bbox 516 1556 726 1602; x_wconf 87' lang='lat' dir='ltr'><strong>accessuri</strong></span> <span class='ocrx_word' id='word_1_182' title='bbox 751 1562 854 1598; x_wconf 88' lang='lat' dir='ltr'><strong>sunt</strong></span> <span class='ocrx_word' id='word_1_183' title='bbox 877 1551 994 1596; x_wconf 86' lang='lat' dir='ltr'><strong>mali.</strong></span> <span class='ocrx_word' id='word_1_184' title='bbox 1022 1555 1116 1596; x_wconf 90' lang='lat' dir='ltr'><strong>Hoc</strong></span> <span class='ocrx_word' id='word_1_185' title='bbox 1138 1550 1259 1610; x_wconf 89' lang='lat' dir='ltr'><strong>quod</strong></span> <span class='ocrx_word' id='word_1_186' title='bbox 1281 1551 1414 1597; x_wconf 87' lang='lat' dir='ltr'><strong>modo</strong></span> <span class='ocrx_word' id='word_1_187' title='bbox 1437 1561 1500 1598; x_wconf 88' lang='lat' dir='ltr'><strong>est</strong></span> <span class='ocrx_word' id='word_1_188' title='bbox 1522 1552 1653 1612; x_wconf 85' lang='lat' dir='ltr'><strong>digne</strong></span> <span class='ocrx_word' id='word_1_189' title='bbox 1675 1555 1790 1600; x_wconf 89' lang='lat' dir='ltr'><strong>acci-</strong></span> 
     </span>
     <span class='ocr_line' id='line_1_21' title="bbox 404 1622 1789 1690; baseline -0.004 -16"><span class='ocrx_word' id='word_1_190' title='bbox 404 1631 568 1690; x_wconf 85' lang='lat' dir='ltr'><strong>piatur,</strong></span> <span class='ocrx_word' id='word_1_191' title='bbox 608 1635 658 1670; x_wconf 89' lang='lat' dir='ltr'><strong>ut</strong></span> <span class='ocrx_word' id='word_1_192' title='bbox 696 1624 752 1669; x_wconf 90' lang='lat' dir='ltr'><strong>ad</strong></span> <span class='ocrx_word' id='word_1_193' title='bbox 771 1622 883 1667; x_wconf 89' lang='lat' dir='ltr'><strong>illud</strong></span> <span class='ocrx_word' id='word_1_194' title='bbox 904 1622 1198 1682; x_wconf 87' lang='lat' dir='ltr'><strong>perveniatur.</strong></span> <span class='ocrx_word' id='word_1_195' title='bbox 1233 1622 1373 1667; x_wconf 89' lang='lat' dir='ltr'><strong>Iidem</strong></span> <span class='ocrx_word' id='word_1_196' title='bbox 1395 1639 1497 1682; x_wconf 88' lang='lat' dir='ltr'><strong>ergo</strong></span> <span class='ocrx_word' id='word_1_197' title='bbox 1527 1624 1683 1681; x_wconf 88' lang='lat' dir='ltr'><strong>multi,</strong></span> <span class='ocrx_word' id='word_1_198' title='bbox 1712 1626 1789 1685; x_wconf 89' lang='lat' dir='ltr'><strong>qui</strong></span> 
     </span>
     <span class='ocr_line' id='line_1_22' title="bbox 402 1691 1784 1760; baseline -0.004 -16"><span class='ocrx_word' id='word_1_199' title='bbox 402 1699 556 1760; x_wconf 88' lang='lat' dir='ltr'><strong>pauci:</strong></span> <span class='ocrx_word' id='word_1_200' title='bbox 573 1695 701 1741; x_wconf 88' lang='lat' dir='ltr'><strong>multi</strong></span> <span class='ocrx_word' id='word_1_201' title='bbox 723 1695 769 1738; x_wconf 90' lang='lat' dir='ltr'><strong>in</strong></span> <span class='ocrx_word' id='word_1_202' title='bbox 790 1709 833 1738; x_wconf 92' lang='lat' dir='ltr'><strong>se</strong></span> <span class='ocrx_word' id='word_1_203' title='bbox 854 1693 971 1752; x_wconf 78' lang='lat' dir='ltr'><strong>ipsis,</strong></span> <span class='ocrx_word' id='word_1_204' title='bbox 990 1692 1118 1752; x_wconf 86' lang='lat' dir='ltr'><strong>pauci</strong></span> <span class='ocrx_word' id='word_1_205' title='bbox 1140 1692 1185 1736; x_wconf 87' lang='lat' dir='ltr'><strong>in</strong></span> <span class='ocrx_word' id='word_1_206' title='bbox 1207 1691 1423 1737; x_wconf 88' lang='lat' dir='ltr'><strong>malorum</strong></span> <span class='ocrx_word' id='word_1_207' title='bbox 1444 1695 1784 1753; x_wconf 82' lang='lat' dir='ltr'><strong>comparatione.</strong></span> 
     </span>
     <span class='ocr_line' id='line_1_23' title="bbox 402 1764 1788 1829; baseline -0.003 -15"><span class='ocrx_word' id='word_1_208' title='bbox 402 1774 517 1829; x_wconf 83' lang='lat' dir='ltr'><strong>Ergo</strong></span> <span class='ocrx_word' id='word_1_209' title='bbox 538 1768 645 1829; x_wconf 90' lang='lat' dir='ltr'><strong>quid</strong></span> <span class='ocrx_word' id='word_1_210' title='bbox 666 1767 724 1811; x_wconf 91' lang='lat' dir='ltr'><strong>ait</strong></span> <span class='ocrx_word' id='word_1_211' title='bbox 746 1765 989 1810; x_wconf 77' lang='lat' dir='ltr'><strong>Dominus?</strong></span> <span class='ocrx_word' id='word_1_212' title='bbox 1012 1764 1186 1808; x_wconf 88' lang='lat' dir='ltr'><strong>Invenit</strong></span> <span class='ocrx_word' id='word_1_213' title='bbox 1207 1778 1362 1819; x_wconf 85' lang='lat' dir='ltr'><strong>unum,</strong></span> <span class='ocrx_word' id='word_1_214' title='bbox 1380 1773 1423 1808; x_wconf 90' lang='lat' dir='ltr'><strong>et</strong></span> <span class='ocrx_word' id='word_1_215' title='bbox 1439 1765 1499 1809; x_wconf 87' lang='lat' dir='ltr'><strong>ait</strong></span> <span class='ocrx_word' id='word_1_216' title='bbox 1517 1784 1526 1810; x_wconf 90' lang='lat'>:</span> <span class='ocrx_word' id='word_1_217' title='bbox 1553 1766 1788 1824; x_wconf 86' lang='lat' dir='ltr'><strong>Projician-</strong></span> 
     </span>
     <span class='ocr_line' id='line_1_24' title="bbox 401 1833 1784 1893; baseline -0.004 -7"><span class='ocrx_word' id='word_1_218' title='bbox 401 1851 473 1887; x_wconf 90' lang='lat' dir='ltr'><strong>tur</strong></span> <span class='ocrx_word' id='word_1_219' title='bbox 493 1839 643 1893; x_wconf 87' lang='lat' dir='ltr'><strong>multi,</strong></span> <span class='ocrx_word' id='word_1_220' title='bbox 664 1844 917 1882; x_wconf 86' lang='lat' dir='ltr'><strong>remaneant</strong></span> <span class='ocrx_word' id='word_1_221' title='bbox 941 1835 1083 1893; x_wconf 88' lang='lat' dir='ltr'><strong>pauci.</strong></span> <span class='ocrx_word' id='word_1_222' title='bbox 1108 1834 1261 1877; x_wconf 88' lang='lat' dir='ltr'><strong>Dicere</strong></span> <span class='ocrx_word' id='word_1_223' title='bbox 1282 1835 1399 1876; x_wconf 90' lang='lat' dir='ltr'><strong>enim</strong></span> <span class='ocrx_word' id='word_1_224' title='bbox 1416 1852 1425 1877; x_wconf 93' lang='lat'>:</span> <span class='ocrx_word' id='word_1_225' title='bbox 1445 1833 1608 1880; x_wconf 88' lang='lat' dir='ltr'><strong>«Multi</strong></span> <span class='ocrx_word' id='word_1_226' title='bbox 1625 1837 1784 1892; x_wconf 81' lang='lat' dir='ltr'><strong>vocati,</strong></span> 
     </span>
     <span class='ocr_line' id='line_1_25' title="bbox 407 1903 1788 1971; baseline -0.001 -17"><span class='ocrx_word' id='word_1_227' title='bbox 407 1933 425 1954; x_wconf 87' lang='lat'>»</span> <span class='ocrx_word' id='word_1_228' title='bbox 461 1911 589 1971; x_wconf 90' lang='lat' dir='ltr'><strong>pauci</strong></span> <span class='ocrx_word' id='word_1_229' title='bbox 606 1923 708 1953; x_wconf 85' lang='lat' dir='ltr'><strong>vero</strong></span> <span class='ocrx_word' id='word_1_230' title='bbox 731 1906 872 1959; x_wconf 85' lang='lat' dir='ltr'><strong>electi,</strong></span> <span class='ocrx_word' id='word_1_231' title='bbox 899 1923 919 1945; x_wconf 91' lang='lat'>»</span> <span class='ocrx_word' id='word_1_232' title='bbox 945 1903 1056 1947; x_wconf 87' lang='lat' dir='ltr'><strong>nihil</strong></span> <span class='ocrx_word' id='word_1_233' title='bbox 1072 1912 1136 1947; x_wconf 87' lang='lat' dir='ltr'><strong>est</strong></span> <span class='ocrx_word' id='word_1_234' title='bbox 1159 1903 1278 1946; x_wconf 88' lang='lat' dir='ltr'><strong>aliud</strong></span> <span class='ocrx_word' id='word_1_235' title='bbox 1292 1937 1304 1957; x_wconf 89' lang='lat'>‚</span> <span class='ocrx_word' id='word_1_236' title='bbox 1329 1919 1460 1962; x_wconf 84' lang='lat' dir='ltr'><strong>quam</strong></span> <span class='ocrx_word' id='word_1_237' title='bbox 1476 1914 1624 1964; x_wconf 89' lang='lat' dir='ltr'><strong>aperte</strong></span> <span class='ocrx_word' id='word_1_238' title='bbox 1642 1916 1788 1952; x_wconf 89' lang='lat' dir='ltr'><strong>osten-</strong></span> 
     </span>
     <span class='ocr_line' id='line_1_26' title="bbox 401 1971 1784 2039; baseline -0.004 -13"><span class='ocrx_word' id='word_1_239' title='bbox 401 1981 502 2026; x_wconf 88' lang='lat' dir='ltr'><strong>dere</strong></span> <span class='ocrx_word' id='word_1_240' title='bbox 523 2015 533 2036; x_wconf 84' lang='lat'><strong>,</strong></span> <span class='ocrx_word' id='word_1_241' title='bbox 565 1979 642 2039; x_wconf 87' lang='lat' dir='ltr'><strong>qui</strong></span> <span class='ocrx_word' id='word_1_242' title='bbox 670 1978 717 2021; x_wconf 93' lang='lat' dir='ltr'><strong>in</strong></span> <span class='ocrx_word' id='word_1_243' title='bbox 742 1976 824 2019; x_wconf 90' lang='lat' dir='ltr'><strong>isto</strong></span> <span class='ocrx_word' id='word_1_244' title='bbox 846 1973 1044 2018; x_wconf 87' lang='lat' dir='ltr'><strong>convivio</strong></span> <span class='ocrx_word' id='word_1_245' title='bbox 1078 1971 1185 2017; x_wconf 87' lang='lat' dir='ltr'><strong>tales</strong></span> <span class='ocrx_word' id='word_1_246' title='bbox 1208 1972 1451 2017; x_wconf 89' lang='lat' dir='ltr'><strong>habeantur</strong></span> <span class='ocrx_word' id='word_1_247' title='bbox 1467 2009 1478 2030; x_wconf 89' lang='lat'><strong>,</strong></span> <span class='ocrx_word' id='word_1_248' title='bbox 1503 1984 1553 2019; x_wconf 92' lang='lat' dir='ltr'><strong>ut</strong></span> <span class='ocrx_word' id='word_1_249' title='bbox 1585 1976 1641 2020; x_wconf 90' lang='lat' dir='ltr'><strong>ad</strong></span> <span class='ocrx_word' id='word_1_250' title='bbox 1663 1977 1784 2021; x_wconf 88' lang='lat' dir='ltr'><strong>aliud</strong></span> 
     </span>
     <span class='ocr_line' id='line_1_27' title="bbox 401 2041 1723 2106; baseline -0.005 -9"><span class='ocrx_word' id='word_1_251' title='bbox 401 2050 649 2097; x_wconf 84' lang='lat' dir='ltr'><strong>convivium</strong></span> <span class='ocrx_word' id='word_1_252' title='bbox 667 2045 966 2106; x_wconf 88' lang='lat' dir='ltr'><strong>perducantur</strong></span> <span class='ocrx_word' id='word_1_253' title='bbox 983 2078 993 2098; x_wconf 82' lang='lat'>‚</span> <span class='ocrx_word' id='word_1_254' title='bbox 1019 2058 1107 2102; x_wconf 90' lang='lat' dir='ltr'><strong>quo</strong></span> <span class='ocrx_word' id='word_1_255' title='bbox 1130 2041 1273 2086; x_wconf 86' lang='lat' dir='ltr'><strong>nullus</strong></span> <span class='ocrx_word' id='word_1_256' title='bbox 1298 2042 1475 2088; x_wconf 88' lang='lat' dir='ltr'><strong>accedet</strong></span> <span class='ocrx_word' id='word_1_257' title='bbox 1490 2045 1723 2091; x_wconf 86' lang='lat' dir='ltr'><strong>malorum.</strong></span> 
     </span>
     <span class='ocr_line' id='line_1_28' title="bbox 459 2114 1784 2176; baseline -0.002 -9"><span class='ocrx_word' id='word_1_258' title='bbox 459 2125 513 2167; x_wconf 89' lang='lat' dir='ltr'><strong>V.</strong></span> <span class='ocrx_word' id='word_1_259' title='bbox 539 2118 656 2174; x_wconf 89' lang='lat' dir='ltr'><strong>Quid</strong></span> <span class='ocrx_word' id='word_1_260' title='bbox 677 2132 781 2176; x_wconf 82' lang='lat' dir='ltr'><strong>ergo</strong></span> <span class='ocrx_word' id='word_1_261' title='bbox 799 2117 893 2160; x_wconf 79' lang='lat' dir='ltr'><strong>est?</strong></span> <span class='ocrx_word' id='word_1_262' title='bbox 911 2116 1072 2158; x_wconf 88' lang='lat' dir='ltr'><strong>Omnes</strong></span> <span class='ocrx_word' id='word_1_263' title='bbox 1090 2115 1165 2175; x_wconf 91' lang='lat' dir='ltr'><strong>qui</strong></span> <span class='ocrx_word' id='word_1_264' title='bbox 1181 2114 1382 2159; x_wconf 88' lang='lat' dir='ltr'><strong>acceditis</strong></span> <span class='ocrx_word' id='word_1_265' title='bbox 1403 2116 1459 2160; x_wconf 91' lang='lat' dir='ltr'><strong>ad</strong></span> <span class='ocrx_word' id='word_1_266' title='bbox 1478 2132 1671 2162; x_wconf 88' lang='lat' dir='ltr'><strong>mensam</strong></span> <span class='ocrx_word' id='word_1_267' title='bbox 1693 2121 1784 2164; x_wconf 92' lang='lat' dir='ltr'><strong>Do-</strong></span> 
     </span>
     <span class='ocr_line' id='line_1_29' title="bbox 400 2184 1780 2248; baseline -0.004 -10"><span class='ocrx_word' id='word_1_268' title='bbox 400 2193 627 2245; x_wconf 87' lang='lat' dir='ltr'><strong>minicam‚</strong></span> <span class='ocrx_word' id='word_1_269' title='bbox 653 2203 751 2248; x_wconf 86' lang='lat' dir='ltr'><strong>quae</strong></span> <span class='ocrx_word' id='word_1_270' title='bbox 772 2187 843 2230; x_wconf 90' lang='lat' dir='ltr'><strong>hic</strong></span> <span class='ocrx_word' id='word_1_271' title='bbox 862 2194 925 2229; x_wconf 91' lang='lat' dir='ltr'><strong>est</strong></span> <span class='ocrx_word' id='word_1_272' title='bbox 942 2220 954 2241; x_wconf 89' lang='lat'><strong>,</strong></span> <span class='ocrx_word' id='word_1_273' title='bbox 981 2184 1084 2228; x_wconf 89' lang='lat' dir='ltr'><strong>nolo</strong></span> <span class='ocrx_word' id='word_1_274' title='bbox 1107 2199 1196 2229; x_wconf 90' lang='lat' dir='ltr'><strong>esse</strong></span> <span class='ocrx_word' id='word_1_275' title='bbox 1219 2200 1319 2229; x_wconf 86' lang='lat' dir='ltr'><strong>cum</strong></span> <span class='ocrx_word' id='word_1_276' title='bbox 1336 2185 1485 2230; x_wconf 88' lang='lat' dir='ltr'><strong>multis</strong></span> <span class='ocrx_word' id='word_1_277' title='bbox 1505 2188 1754 2246; x_wconf 87' lang='lat' dir='ltr'><strong>separandis</strong></span> <span class='ocrx_word' id='word_1_278' title='bbox 1768 2223 1780 2243; x_wconf 88' lang='lat'><strong>,</strong></span> 
     </span>
     <span class='ocr_line' id='line_1_30' title="bbox 402 2253 1783 2320; baseline -0.004 -12"><span class='ocrx_word' id='word_1_279' title='bbox 402 2262 477 2307; x_wconf 90' lang='lat' dir='ltr'><strong>sed</strong></span> <span class='ocrx_word' id='word_1_280' title='bbox 499 2276 599 2307; x_wconf 89' lang='lat' dir='ltr'><strong>cum</strong></span> <span class='ocrx_word' id='word_1_281' title='bbox 620 2258 769 2320; x_wconf 89' lang='lat' dir='ltr'><strong>paucis</strong></span> <span class='ocrx_word' id='word_1_282' title='bbox 806 2253 1125 2301; x_wconf 75' lang='lat' dir='ltr'><strong>conservandis.</strong></span> <span class='ocrx_word' id='word_1_283' title='bbox 1158 2255 1283 2300; x_wconf 88' lang='lat' dir='ltr'><strong>Unde</strong></span> <span class='ocrx_word' id='word_1_284' title='bbox 1305 2256 1388 2300; x_wconf 92' lang='lat' dir='ltr'><strong>hoc</strong></span> <span class='ocrx_word' id='word_1_285' title='bbox 1405 2257 1632 2315; x_wconf 77' lang='lat' dir='ltr'><strong>poteritis?</strong></span> <span class='ocrx_word' id='word_1_286' title='bbox 1654 2259 1783 2303; x_wconf 87' lang='lat' dir='ltr'><strong>Acci-</strong></span> 
     </span>
    </p>
   </div>
   <div class='ocr_carea' id='block_1_3' title="bbox 402 2323 1893 2393">
    <p class='ocr_par' dir='ltr' id='par_1_3' title="bbox 402 2323 1893 2393">
     <span class='ocr_line' id='line_1_31' title="bbox 402 2323 1893 2393; baseline -0.002 -16"><span class='ocrx_word' id='word_1_287' title='bbox 402 2335 490 2393; x_wconf 89' lang='lat' dir='ltr'><strong>pite</strong></span> <span class='ocrx_word' id='word_1_288' title='bbox 522 2341 687 2378; x_wconf 84' lang='lat' dir='ltr'><strong>vestem</strong></span> <span class='ocrx_word' id='word_1_289' title='bbox 717 2327 973 2387; x_wconf 86' lang='lat' dir='ltr'><strong>nuptialem.</strong></span> <span class='ocrx_word' id='word_1_290' title='bbox 999 2328 1203 2385; x_wconf 84' lang='lat' dir='ltr'><strong>Expone,</strong></span> <span class='ocrx_word' id='word_1_291' title='bbox 1238 2327 1408 2387; x_wconf 89' lang='lat' dir='ltr'><strong>inquies</strong></span> <span class='ocrx_word' id='word_1_292' title='bbox 1425 2362 1436 2383; x_wconf 91' lang='lat'><strong>,</strong></span> <span class='ocrx_word' id='word_1_293' title='bbox 1463 2328 1590 2373; x_wconf 88' lang='lat' dir='ltr'><strong>nobis</strong></span> <span class='ocrx_word' id='word_1_294' title='bbox 1619 2338 1784 2374; x_wconf 88' lang='lat' dir='ltr'><strong>vestem</strong></span> <span class='ocrx_word' id='word_1_295' title='bbox 1811 2340 1821 2346; x_wconf 49' lang='lat'>⁸</span> <span class='ocrx_word' id='word_1_296' title='bbox 1871 2323 1893 2365; x_wconf 62' lang='lat'><strong>2*</strong></span> 
     </span>
    </p>
   </div>
   <div class='ocr_carea' id='block_1_4' title="bbox 402 2395 1783 2596">
    <p class='ocr_par' dir='ltr' id='par_1_4' title="bbox 402 2395 1783 2596">
     <span class='ocr_line' id='line_1_32' title="bbox 402 2395 1783 2462; baseline -0.003 -15"><span class='ocrx_word' id='word_1_297' title='bbox 402 2402 658 2462; x_wconf 89' lang='lat' dir='ltr'><strong>nuptialem.</strong></span> <span class='ocrx_word' id='word_1_298' title='bbox 681 2398 839 2444; x_wconf 87' lang='lat' dir='ltr'><strong>Procul</strong></span> <span class='ocrx_word' id='word_1_299' title='bbox 861 2397 996 2441; x_wconf 89' lang='lat' dir='ltr'><strong>dubio</strong></span> <span class='ocrx_word' id='word_1_300' title='bbox 1010 2395 1084 2440; x_wconf 90' lang='lat' dir='ltr'><strong>illa</strong></span> <span class='ocrx_word' id='word_1_301' title='bbox 1105 2397 1232 2441; x_wconf 88' lang='lat' dir='ltr'><strong>vestis</strong></span> <span class='ocrx_word' id='word_1_302' title='bbox 1255 2406 1335 2452; x_wconf 86' lang='lat' dir='ltr'><strong>est,</strong></span> <span class='ocrx_word' id='word_1_303' title='bbox 1359 2413 1491 2456; x_wconf 86' lang='lat' dir='ltr'><strong>quam</strong></span> <span class='ocrx_word' id='word_1_304' title='bbox 1509 2413 1600 2443; x_wconf 90' lang='lat' dir='ltr'><strong>non</strong></span> <span class='ocrx_word' id='word_1_305' title='bbox 1617 2398 1783 2443; x_wconf 90' lang='lat' dir='ltr'><strong>habent</strong></span> 
     </span>
     <span class='ocr_line' id='line_1_33' title="bbox 403 2465 1780 2527; baseline -0.003 -11"><span class='ocrx_word' id='word_1_306' title='bbox 403 2473 482 2516; x_wconf 84' lang='lat' dir='ltr'><strong>nisi</strong></span> <span class='ocrx_word' id='word_1_307' title='bbox 500 2472 619 2527; x_wconf 81' lang='lat' dir='ltr'><strong>boni,</strong></span> <span class='ocrx_word' id='word_1_308' title='bbox 639 2472 685 2516; x_wconf 87' lang='lat' dir='ltr'><strong>in</strong></span> <span class='ocrx_word' id='word_1_309' title='bbox 701 2468 899 2515; x_wconf 85' lang='lat' dir='ltr'><strong>convivio</strong></span> <span class='ocrx_word' id='word_1_310' title='bbox 922 2465 1214 2525; x_wconf 88' lang='lat' dir='ltr'><strong>relinquendi,</strong></span> <span class='ocrx_word' id='word_1_311' title='bbox 1235 2466 1434 2513; x_wconf 87' lang='lat' dir='ltr'><strong>servandi</strong></span> <span class='ocrx_word' id='word_1_312' title='bbox 1456 2467 1511 2512; x_wconf 88' lang='lat' dir='ltr'><strong>ad</strong></span> <span class='ocrx_word' id='word_1_313' title='bbox 1532 2468 1780 2514; x_wconf 88' lang='lat' dir='ltr'><strong>convivium</strong></span> 
     </span>
     <span class='ocr_line' id='line_1_34' title="bbox 454 2549 1281 2596; baseline -0.006 -8"><span class='ocrx_word' id='word_1_314' title='bbox 454 2563 461 2580; x_wconf 91' lang='lat'>¹</span> <span class='ocrx_word' id='word_1_315' title='bbox 483 2556 602 2588; x_wconf 80' lang='lat' dir='ltr'><strong>Matth.</strong></span> <span class='ocrx_word' id='word_1_316' title='bbox 623 2552 773 2596; x_wconf 75' lang='lat' dir='ltr'><strong>xxi1‚14.</strong></span> <span class='ocrx_word' id='word_1_317' title='bbox 804 2570 841 2577; x_wconf 92' lang='lat'><em>-</em></span> <span class='ocrx_word' id='word_1_318' title='bbox 860 2558 873 2576; x_wconf 83' lang='lat'>²</span> <span class='ocrx_word' id='word_1_319' title='bbox 894 2552 940 2585; x_wconf 89' lang='lat' dir='ltr'><strong>Id.</strong></span> <span class='ocrx_word' id='word_1_320' title='bbox 961 2560 1031 2593; x_wconf 79' lang='lat' dir='ltr'><strong>viu,</strong></span> <span class='ocrx_word' id='word_1_321' title='bbox 1047 2562 1096 2585; x_wconf 82' lang='lat'><strong>11.</strong></span> <span class='ocrx_word' id='word_1_322' title='bbox 1117 2567 1155 2574; x_wconf 92' lang='lat'>—</span> <span class='ocrx_word' id='word_1_323' title='bbox 1171 2549 1185 2574; x_wconf 77' lang='grc'>3</span> <span class='ocrx_word' id='word_1_324' title='bbox 1200 2550 1281 2584; x_wconf 78' lang='lat' dir='ltr'><strong>lbid.</strong></span> 
     </span>
    </p>
   </div>
   <div class='ocr_carea' id='block_1_5' title="bbox 1812 0 1898 3178">
    <p class='ocr_par' dir='ltr' id='par_1_5' title="bbox 1812 0 1898 3178">
     <span class='ocr_line' id='line_1_35' title="bbox 1812 0 1898 3178; baseline 0 0"><span class='ocrx_word' id='word_1_325' title='bbox 1812 0 1898 3178; x_wconf 95' lang='lat' dir='ltr'><strong> </strong></span> 
     </span>
    </p>
   </div>
  </div>
 </body>
</html>
