1898 3178
372 215 455 253 600
806 226 837 249 s.
876 224 1103 250 AUGUSTIM
1139 224 1314 250 EPISCOP!

372 290 596 352 quaeritis?
613 288 945 348 Responderetis
969 287 1074 331 mihi
1091 307 1098 332 :
1120 290 1302 332 Aurum.
1325 290 1381 331 Et
1399 301 1477 345 ego
1497 287 1618 331 vobis
1640 287 1758 332 dice-

374 378 465 407 rem
487 382 496 407 :
523 366 690 406 Aurum
709 361 922 420 quaeritis,
949 369 991 404 et
1012 375 1091 418 ego
1113 375 1268 404 aurum
1291 375 1440 420 quaero
1463 379 1471 404 z
1497 359 1614 419 quod
1633 375 1757 419 quae-

374 435 487 488 ritis‚
514 442 556 477 et
577 447 658 490 ego
681 446 830 491 quaero
856 449 864 475 :
893 431 967 475 sed
1003 446 1092 474 non
1128 431 1190 474 ibi
1219 431 1411 490 quaeritis
1450 431 1524 474 ubi
1547 431 1758 490 possimus

374 504 582 548 invenire.
608 504 724 560 Ergo
754 499 901 544 audite
924 516 992 544 me
1009 537 1020 556 ,
1051 501 1127 545 ubi
1150 502 1361 560 possimus
1383 501 1576 544 invenire
1604 520 1613 546 ε
1635 501 1758 546 vobis

375 590 463 619 non
495 572 622 627 tollo,
659 571 800 615 locum
827 572 950 615 vobis
985 571 1166 615 ostendo
1194 591 1202 616 :
1229 572 1316 615 imo
1340 586 1575 631 sequamur
1609 587 1758 616 omnes

374 660 473 689 eum
493 680 503 699 ‚
529 644 740 704 quinovit
761 643 837 686 ubi
861 643 915 687 sit
937 642 1057 703 quod
1074 644 1322 703 quaerimus.
1347 643 1415 687 Sic
1437 652 1480 687 et
1498 658 1632 698 nunc,
1657 643 1759 703 quia

376 716 626 761 desideratis
648 715 781 759 vitam
812 724 855 758 et
880 714 970 759 dies
992 715 1130 759 bonos
1147 750 1157 769 ,
1190 729 1279 759 non
1302 729 1529 773 possumus
1546 714 1669 758 vobis
1688 713 1760 758 di·-

376 786 650 832 cerezNolite
665 784 906 829 desiderare
926 786 1059 830 vitam
1080 794 1122 830 et
1140 785 1230 829 dies
1253 785 1412 842 bonos3
1431 784 1505 829 sed
1526 783 1637 828 illud
1651 785 1761 829 dici-

377 873 471 901 mus
487 877 494 901 ;
512 856 654 901 Nolite
668 857 737 900 hic
751 872 946 915 quaerere
959 857 1004 900 in
1020 857 1101 901 hoc
1116 854 1275 900 saeculo
1288 855 1421 900 vitam
1433 864 1476 899 et
1492 854 1581 899 dies
1602 856 1757 910 bonos,

377 930 454 973 ubi
469 929 569 973 boni
583 943 672 972 esse
685 943 774 972 non
787 937 981 988 possunt.
995 930 1149 972 Nonne
1163 927 1252 971 vita
1267 927 1356 986 ipsa
1372 927 1499 972 morti
1512 926 1660 970 similis
1673 929 1761 971 est?

376 1001 476 1044 Dies
491 1010 634 1044 autem
649 1001 729 1060 ipsi
743 1009 1022 1060 properantes
1043 1008 1267 1043 transeunt
1282 1018 1292 1054 3
1307 998 1407 1057 quia
1421 997 1657 1043 hodiernus
1670 997 1761 1042 dies

377 1072 629 1115 hesternum
652 1070 832 1116 exclusit
854 1091 862 1115 ;
888 1071 1098 1116 crastinus
1127 1069 1226 1115 ideo
1248 1070 1438 1114 nascitur
1453 1104 1463 1124 ,
1490 1078 1538 1113 ut
1561 1068 1761 1114 excludat

377 1141 655 1185 hodiernum.
686 1141 770 1201 Ipsi
800 1141 889 1185 dies
912 1156 999 1185 non
1038 1149 1147 1184 stant
1177 1159 1184 1185 ε
1218 1149 1265 1184 tu
1299 1155 1433 1200 quare
1470 1154 1571 1183 cum
1596 1138 1678 1183 illis
1699 1141 1762 1184 vis

378 1215 518 1256 stare?
542 1211 812 1257 Desiderium
836 1228 938 1271 ergo
959 1222 1172 1266 vestrum,
1198 1227 1286 1272 quo
1307 1210 1438 1255 vultis
1460 1211 1591 1255 vitam
1613 1219 1655 1254 et
1672 1211 1761 1255 dies

379 1285 516 1328 bonos
533 1319 543 1338 ‚
569 1299 658 1328 non
685 1284 824 1328 solum
854 1299 944 1328 non
969 1284 1154 1342 reprimo
1171 1319 1185 1339 ,
1208 1282 1282 1327 sed
1305 1283 1431 1327 etiam
1464 1282 1762 1326 vehementius

380 1354 586 1399 accendo.
614 1358 792 1399 Prorsus
809 1356 989 1415 quaerite
1007 1356 1157 1408 vitam,
1179 1356 1360 1414 quaerite
1381 1352 1471 1398 dies
1495 1353 1631 1397 bonos
1651 1372 1659 1398 :
1687 1352 1762 1397 sed

380 1425 455 1468 ubi
479 1435 659 1484 possunt
677 1426 886 1479 inveniri,
915 1425 975 1468 ibi
997 1434 1264 1484 quaerantur.

437 1497 513 1539 Vl.
528 1497 667 1539 Vultis
691 1496 806 1539 enim
821 1494 970 1539 audire
989 1510 1159 1538 mecum
1178 1493 1404 1538 consilium
1425 1495 1533 1554 ejus,
1548 1493 1624 1553 qui
1641 1493 1764 1538 novit

379 1566 455 1608 ubi
479 1566 563 1609 sint
581 1566 671 1609 dies
696 1565 820 1621 boni,
842 1575 885 1610 et
906 1566 983 1610 ubi
1005 1566 1058 1609 sit
1082 1565 1202 1609 viia?
1225 1564 1384 1609 Audite
1408 1580 1495 1609 non
1524 1580 1546 1609 a
1569 1579 1660 1619 me,
1686 1565 1762 1609 sed

380 1651 550 1679 meeum
570 1636 712 1679 simul.
737 1638 806 1678 Ait
829 1636 942 1679 enim
966 1635 1091 1679 nobis
1113 1635 1289 1696 quidam
1313 1655 1322 1680 2
1350 1654 1370 1677 «
1397 1635 1551 1679 Venite
1568 1634 1661 1690 filii,
1681 1650 1762 1680 au-

382 1724 402 1746 »
438 1705 527 1750 dite
552 1722 635 1749 me.
657 1725 676 1747 »
696 1709 749 1750 Et
773 1722 1106 1761 concurramus,
1133 1715 1176 1750 et
1195 1715 1371 1760 stemus,
1396 1716 1438 1749 et
1458 1721 1581 1750 aures
1599 1705 1761 1765 arriga-

377 1792 472 1820 mus
491 1812 502 1831 ‚
528 1787 570 1821 et
605 1777 734 1821 corde
770 1777 1061 1836 intelligamus
1085 1781 1254 1821 Patrem
1290 1778 1364 1837 qui
1393 1776 1499 1821 dixit
1521 1796 1529 1822 z
1559 1796 1579 1818 «
1605 1777 1761 1821 Venite

381 1867 398 1886 »
435 1847 527 1901 filii,
545 1847 691 1891 audite
708 1863 797 1901 me,
816 1849 1032 1902 timorem,
1050 1848 1208 1904 inquit,
1228 1848 1401 1889 Domini
1419 1847 1586 1890 docebo
1607 1850 1756 1891 vos'.»

376 1919 430 1959 Et
453 1933 585 1976 quam
618 1933 706 1960 rem
730 1919 824 1960 vult
847 1918 1003 1960 docere
1022 1951 1031 1970 ,
1059 1925 1099 1960 et
1118 1916 1188 1959 cui
1210 1916 1270 1959 rei
1294 1915 1410 1959 utilis
1433 1925 1496 1959 est
1518 1917 1648 1961 timor
1670 1920 1759 1962 Do-

374 1988 506 2041 mini,
529 1988 724 2046 sequitur
747 2007 754 2032 ;
785 2008 802 2028 «
825 1987 930 2040 Quis
953 1996 1015 2031 est
1033 1987 1164 2031 homo
1188 1987 1262 2047 qui
1285 1987 1379 2030 vult
1400 1987 1532 2031 vitam
1549 2023 1560 2043 ‚
1593 1997 1636 2031 et
1657 1988 1758 2032 dili-

377 2077 395 2097 »
435 2059 492 2115 git
526 2057 673 2102 videre
700 2057 790 2101 dies
825 2059 1023 2103 bon0s2?
1049 2077 1067 2099 »
1095 2058 1421 2118 Respondemus
1453 2074 1601 2103 omnes
1636 2079 1644 2103 :
1670 2062 1756 2104 Nos

373 2128 587 2172 volumus
625 2128 750 2181 Quod
794 2129 989 2188 sequitur
1024 2130 1263 2173 audiamus.
1308 2149 1326 2170 «
1361 2130 1529 2174 Cohibe
1562 2130 1756 2188 linguam

375 2218 391 2238 »
431 2208 547 2242 tuam
583 2215 604 2242 a
639 2199 753 2242 malo
773 2235 782 2252 ‚
817 2209 858 2242 et
897 2198 1012 2244 labia
1047 2209 1120 2243 tua
1148 2214 1202 2242 ne
1231 2199 1470 2259 loquantur
1504 2199 1655 2244 dolum
1670 2202 1701 2244 3.
1731 2219 1752 2241 »

371 2268 503 2313 Modo
525 2268 594 2313 dic
621 2288 629 2313 :
656 2272 764 2327 Ego.
793 2269 1060 2313 Jamdudum
1083 2269 1259 2328 quando
1284 2269 1480 2314 dicebam
1500 2289 1508 2314 2
1525 2289 1542 2312 «
1563 2270 1668 2323 Quis
1691 2279 1754 2315 est

373 2358 390 2378 »
427 2340 558 2383 homo
581 2340 656 2399 qui
684 2340 779 2383 vult
802 2340 962 2394 vitam,
993 2349 1035 2383 et
1062 2339 1203 2398 diligit
1235 2341 1381 2383 videre
1410 2341 1498 2384 dies
1534 2341 1707 2385 bonos?
1730 2359 1750 2382 »

369 2412 528 2454 Omnes
547 2409 936 2469 respondebamus:
956 2413 1062 2468 Ego.
1078 2411 1153 2454 Eia
1177 2411 1435 2470 respondeat
1448 2412 1555 2455 mihi
1577 2411 1749 2472 aliquis:

368 2481 473 2536 Ego.
499 2482 635 2537 Ergo,
666 2500 685 2522 «
708 2480 876 2524 Cohibe
899 2480 1089 2539 linguam
1111 2490 1228 2524 tuam
1253 2497 1274 2524 a
1297 2481 1411 2525 malo
1432 2517 1442 2535 ,
1472 2491 1513 2525 et
1538 2481 1650 2526 labia
1675 2491 1749 2526 tua

417 2570 420 2583 1
448 2563 512 2590 1⁸:¹2!
549 2575 658 2598 tvvm,
681 2574 716 2594 ι’)
762 2582 794 2586 -—
827 2565 922 2595 ³1an
963 2566 997 2594 ¹3
1034 2582 1067 2585 Μ
1098 2564 1106 2578 7'
1131 2565 1206 2595 ll¹l¹l⁴
1236 2565 1269 2605 'fl

1837 2460 1840 2500 Ι

1888 1658 1896 1677 z
1886 1582 1898 1606 ⁴}
1887 1515 1895 1537 rt
1888 1437 1895 1464 t·-
1888 1366 1898 1395 Φ
1892 1301 1898 1321 r.-
1890 1224 1898 1266 —v—.
1889 1152 1898 1179 :a
1890 938 1898 1036 .-.-<‹—s
1891 872 1898 893 ,ev
1891 800 1896 821 r—
1891 723 1896 749 —-
1892 660 1896 678 f
1892 582 1895 606 —a
