1898 3178
407 193 489 229 272
833 199 865 227 5.
904 199 1130 228 Acousnm
1167 201 1350 229 EPISCOPl

403 265 591 312 ostendit
618 265 806 310 salutare
828 267 990 309 suum?
1010 268 1048 310 Α
1074 281 1160 325 qua
1190 266 1271 311 tibi
1293 281 1367 326 pes
1389 281 1476 311 non
1506 276 1644 311 exeat.
1669 270 1722 311 ln
1738 282 1790 312 eo

402 338 517 380 enim
539 336 659 397 quod
689 352 733 380 se
756 337 1000 393 accusavit,
1038 339 1175 382 Deum
1198 337 1393 382 laudavit
1410 373 1421 393 ,
1447 347 1492 383 et
1512 338 1647 383 vitam
1668 354 1791 383 suam

400 408 571 451 beatam
594 406 714 452 fecit.
743 408 1026 468 Praesumpsit
1047 408 1226 468 quidem
1257 426 1281 453 a
1310 409 1497 454 Domino
1514 444 1524 462 ,
1551 418 1594 453 et
1613 409 1673 453 ait
1693 408 1758 452 illi
1779 428 1788 454 :

405 498 425 520 «
446 478 645 533 Domine,
668 487 888 523 memento
904 479 1005 533 mei,
1023 479 1129 523 dum
1141 479 1308 524 veneris
1322 480 1367 523 in
1383 495 1565 538 regnum
1589 482 1789 524 tuum¹.»

400 549 713 595 Considerabat
734 551 851 593 enim
873 550 1066 595 facinora
1091 567 1190 606 sua,
1216 560 1259 595 et
1282 566 1362 610 pro
1384 566 1545 610 magno
1567 551 1762 595 habebat
1778 586 1789 605 ,

400 621 435 664 si
456 620 494 663 ei
511 619 583 664 vel
604 620 649 665 in
670 621 758 664 fine
774 630 1038 680 parceretur.
1063 621 1274 666 Dominus
1291 631 1435 665 autem
1450 622 1677 676 continuo,
1693 637 1795 665 cum

400 690 474 735 ille
497 689 664 736 diceret
697 710 706 736 :
743 711 762 733 «
786 694 1007 737 Memento
1029 693 1114 736 mei
1141 712 1149 737 :
1174 711 1193 734 »
1214 691 1290 737 sed
1311 693 1520 752 quando?
1545 711 1565 733 «
1586 694 1698 736 Cum
1720 708 1796 736 ve-

406 780 427 803 »
463 763 577 806 neris
599 763 646 807 in
668 778 849 821 regnum
867 773 1008 808 tuum.
1031 767 1170 808 Amen
1186 798 1196 818 ,
1222 763 1366 823 inquit
1381 799 1391 818 ,
1418 763 1516 807 dico
1536 763 1639 818 tibi,
1664 761 1795 807 hodie

409 851 429 873 »
465 848 637 877 mecum
661 833 744 877 eris
776 834 822 877 in
843 833 1058 893 paradiso.
1089 852 1108 874 »
1140 833 1436 877 Misericordia
1458 832 1648 888 obtulit,
1675 831 1796 892 quod

401 904 573 948 miseria
595 903 778 949 distulit.

463 977 590 1019 VIII.
629 974 747 1020 Audi
769 990 871 1034 ergo
904 975 1140 1019 Dominum
1173 975 1452 1019 confitentem
1483 993 1492 1018 ι
1530 975 1797 1018 «Confiteor

405 1063 425 1085 »
462 1046 541 1089 tibi
559 1080 570 1099 ,
594 1049 721 1089 Pater
739 1080 749 1099 ,
775 1045 959 1089 Domine
981 1043 1082 1089 coeli
1104 1053 1148 1089 et
1169 1053 1296 1088 terrae
1313 1048 1345 1088 2.
1371 1063 1390 1085 »
1420 1042 1538 1097 Quid
1559 1044 1798 1088 confiteor?

402 1119 454 1160 In
485 1131 575 1176 quo
596 1126 639 1160 te
660 1116 827 1160 laudo?
850 1119 955 1160 Haec
978 1117 1094 1160 enim
1122 1114 1334 1161 confessio
1350 1152 1360 1171 ,
1394 1127 1444 1160 ut
1475 1115 1590 1170 dixi,
1619 1115 1794 1159 laudem

401 1187 551 1231 habet.
579 1207 598 1230 «
621 1188 733 1241 Quia
756 1186 1021 1232 abscondisti
1051 1187 1146 1231 haee
1168 1202 1190 1231 a
1213 1187 1481 1247 sapientibus
1503 1195 1547 1230 et
1569 1185 1797 1245 prudenti-

404 1276 425 1299 »
462 1259 543 1302 bus
562 1294 572 1314 ,
605 1267 648 1302 et
671 1257 867 1302 revelasti
895 1274 944 1301 ea
967 1258 1172 1317 parvulis.
1203 1276 1222 1298 »
1256 1258 1372 1311 Quid
1395 1266 1459 1301 est
1480 1258 1563 1302 hoc
1578 1292 1589 1312 ,
1614 1256 1796 1301 fratres?

407 1332 443 1373 A
462 1330 685 1373 contrario
711 1345 839 1373 sensu
861 1328 1105 1387 intelligite.
1134 1348 1154 1370 «
1175 1327 1453 1372 Abscondisit
1473 1328 1569 1371 haec
1585 1362 1595 1381 ,
1621 1328 1790 1387 inquit,

407 1418 427 1441 »
465 1417 488 1444 a
511 1401 778 1460 sapientibus
800 1409 842 1443 et
862 1399 1180 1459 prudentibus:
1203 1418 1222 1441 »
1245 1409 1287 1443 et
1304 1415 1393 1443 non
1415 1398 1524 1442 dixit
1544 1417 1552 1442 :
1580 1398 1797 1443 Revelasti

406 1486 455 1514 ea
477 1470 621 1515 stultis
655 1480 697 1514 et
718 1470 1070 1529 imprudentibus
1093 1489 1101 1513 :
1135 1469 1211 1514 sed
1234 1470 1293 1513 ait
1315 1489 1324 1514 ;
1353 1490 1372 1512 «
1398 1469 1677 1515 Abscondisti
1700 1469 1797 1528 qui-

408 1559 427 1582 »
464 1541 564 1586 dem
588 1558 610 1585 a
633 1541 900 1600 sapientibus
922 1550 964 1585 et
992 1540 1281 1600 prudentibus
1300 1575 1311 1593 ,
1337 1550 1379 1584 et
1403 1540 1600 1585 revelasti
1624 1555 1669 1583 ea
1692 1554 1796 1599 par-

407 1629 426 1652 »
463 1612 589 1655 vulis.
620 1631 638 1652 n
677 1612 955 1671 Sapientibus
983 1620 1027 1655 et
1061 1610 1351 1670 prudentibus
1389 1610 1623 1655 irridendis
1644 1646 1654 1665 ,
1682 1625 1798 1654 arro-

406 1682 609 1741 gantibus
621 1682 728 1727 falso
742 1682 995 1741 grandibus,
1012 1698 1112 1726 vere
1131 1691 1277 1726 autem
1292 1682 1581 1736 tumentibus,
1593 1681 1798 1741 opposuit

404 1768 495 1797 non
516 1753 783 1811 insipientes,
809 1768 899 1796 non
916 1751 1233 1811 imprudentes,
1251 1752 1327 1796 sed
1348 1752 1566 1812 parvulos.
1589 1753 1672 1804 Qui
1696 1760 1798 1795 sunt
1862 1748 1863 1751 ’

404 1823 606 1879 parvuli?
629 1822 841 1867 Humiles.
870 1825 1000 1881 Ergo,
1026 1843 1047 1864 «
1073 1822 1351 1867 Abscondisti
1373 1823 1467 1867 liaee
1484 1839 1507 1866 a
1529 1822 1798 1881 sapientibus
1860 1854 1862 1865 ,

412 1910 431 1931 »
467 1900 510 1934 et
535 1890 839 1948 prudentibus.
864 1893 1085 1934 »Nomine
1117 1894 1377 1950 sapientium
1404 1901 1446 1935 et
1483 1892 1794 1951 prudentium,
1860 1892 1862 1900 '

409 1963 618 2020 superbos
634 1960 818 2018 intelligi
835 1996 846 2015 ,
873 1961 963 2019 ipse
985 1963 1207 2019 exposuit,
1233 1977 1332 2004 cum
1353 1961 1439 2005 ait:
1473 1981 1490 2002 «
1517 1961 1732 2006 Revelasti
1748 1978 1798 2005 ea

412 2051 431 2072 »
468 2031 674 2090 parvulis.
704 2049 723 2071 »
750 2033 887 2088 Ergo,
914 2030 1191 2074 Abscondisti
1220 2046 1307 2075 non
1341 2032 1546 2090 parvulis.
1573 2031 1689 2084 Quid
1709 2042 1794 2087 est,
1852 2022 1855 2029 ⁶

412 2118 499 2146 non
521 2101 740 2161 parvulis?
761 2104 857 2146 Non
880 2101 1133 2145 humilibus.
1159 2102 1276 2154 Quid
1309 2111 1396 2157 est,
1422 2119 1512 2147 non
1533 2102 1794 2158 humilibus,
1882 2124 1898 2155 ις

411 2174 492 2216 nisi
510 2170 736 2231 superbis?
757 2173 794 2214 O
823 2171 889 2215 via
913 2171 1083 2215 Domini
1106 2172 1113 2214 1
1136 2174 1224 2215 Aut
1246 2188 1334 2217 non
1364 2183 1476 2228 erat,
1503 2183 1577 2217 aut
1606 2173 1794 2226 latebat,
1826 2210 1837 2234 Ι
1857 2124 1898 2228 lg

412 2254 460 2286 ut
482 2241 744 2286 revelaretur
767 2241 907 2285 nobis.
942 2241 1067 2285 Unde
1103 2244 1310 2286 Dominus
1337 2243 1578 2288 exultavit?
1601 2242 1710 2294 Quia
1736 2258 1796 2286 re·
1881 2264 1898 2297 t:

409 2312 601 2356 velatum
625 2321 689 2356 est
715 2310 921 2371 parvulis.
947 2312 1165 2355 Debemus
1188 2328 1277 2355 esse
1307 2311 1503 2369 parvuli,
1527 2328 1626 2355 nam
1652 2313 1685 2356 si
1716 2328 1794 2356 vo-
1871 2328 1898 2387 1,]

411 2381 619 2425 luerimus
642 2396 731 2425 esse
765 2382 940 2438 magni,
961 2380 1084 2438 quasi
1115 2380 1327 2438 sapientes
1351 2390 1393 2423 et
1417 2381 1651 2440 prudentes
1669 2417 1679 2436 ,
1706 2397 1796 2426 non
1881 2410 1898 2427 2.-

413 2453 538 2495 nobis
560 2452 670 2496 illud
693 2451 907 2495 revelatur
924 2451 955 2494 ³.
974 2451 1055 2503 Qui
1072 2460 1173 2494 sunt
1195 2452 1341 2510 magni
1360 2453 1375 2491 ⁵?
1395 2453 1615 2511 Sapientes
1638 2462 1680 2497 et
1697 2468 1795 2512 pru·

464 2544 471 2558 ¹
496 2539 571 2567 Luc.
595 2538 753 2578 xx1n,4‘2.
776 2554 815 2559 —
838 2544 849 2559 ²
870 2536 988 2568 Matih.
1011 2548 1056 2575 M,
1076 2536 1130 2567 25).
1151 2553 1192 2558 —
1208 2535 1220 2558 3
1240 2537 1320 2569 Flor.
1341 2538 1382 2569 ad
1397 2540 1487 2569 Rom.
1505 2550 1527 2572 i,

1846 2438 1850 2546 i

1844 2590 1849 2700 ἔ
