1898 3178
403 191 487 229 472
824 196 855 223 s.
893 193 1123 223 Aucusnm
1155 194 1335 221 Emscom

403 285 424 308 »
460 266 563 320 Dei,
583 273 631 308 tu
659 278 702 306 es
724 277 794 305 rex
818 261 961 304 lsrael.
994 278 1014 302 »
1043 259 1120 304 llle
1148 259 1229 304 sub
1253 260 1406 304 arbore
1426 260 1497 304 fici
1524 274 1612 304 non
1640 259 1778 305 factus

401 344 464 381 est
486 334 604 379 arida
619 335 725 377 fieus
753 351 761 376 z
789 330 965 389 agnovit
986 331 1220 375 Christum.
1239 333 1295 375 Et
1317 330 1525 374 Dominus
1542 330 1597 374 ad
1619 329 1743 374 illum
1765 349 1776 375 ε

405 426 425 449 «
460 407 566 459 Quia
588 404 674 447 dixi
694 421 702 447 ε
729 403 841 447 Cum
863 416 972 445 esses
989 402 1070 445 sub
1092 401 1245 445 arbore
1262 401 1354 455 fici,
1374 399 1461 445 vidi
1485 409 1542 454 te,
1567 400 1666 445 ideo
1683 416 1778 445 cre-

403 496 423 519 »
459 476 522 520 dis
540 509 551 529 ‚
586 474 749 533 majora
771 473 927 516 horum
966 471 1146 516 videbis.
1175 488 1195 513 »
1222 474 1330 524 Quae
1356 480 1456 514 sunt
1482 470 1561 515 ista
1588 472 1779 531 majora?

403 566 423 589 «
458 549 598 590 Amen
615 543 713 588 dico
724 543 860 597 vobis,
878 542 1018 600 (Quia
1039 542 1230 586 Israelita
1246 541 1335 595 ille,
1360 542 1406 585 in
1419 556 1508 600 quo
1530 540 1656 585 dolus
1690 557 1780 587 non

402 634 422 657 ³>
446 624 536 671 est3
557 613 756 672 »respice
774 613 828 656 ad
841 613 977 657 Jacob
1003 613 1048 655 in
1075 627 1163 671 quo
1186 610 1312 655 dolus
1330 625 1419 655 non
1440 621 1525 668 est3
1551 620 1594 655 et
1612 612 1775 667 recole,

399 685 516 731 unde
530 683 740 744 loquitur,
758 683 948 742 lapidem
960 682 1013 726 ad
1027 691 1173 742 caput,
1184 681 1392 726 visionem
1407 681 1453 726 in
1465 696 1634 737 somno,
1645 682 1779 726 scalas

397 771 421 800 a
433 765 545 799 terra
558 755 604 798 in
617 754 794 808 coelum,
809 752 1118 797 descendentes
1132 760 1174 795 et
1188 751 1467 795 ascendentes
1481 769 1489 795 :
1506 760 1549 794 et
1560 750 1658 796 vide
1671 752 1779 811 quid

396 825 604 869 Dominus
617 823 731 867 dieat
746 821 948 866 Israelitae
965 823 1055 866 sine
1069 820 1170 865 dolo
1183 823 1214 878 3)
1226 840 1246 863 «
1256 820 1467 864 Videbitis
1481 819 1644 864 coelum
1655 835 1780 879 aper-

400 905 514 952 tum3
534 897 550 952 (
571 893 686 938 Audi
707 893 947 939 Nathanael
979 893 1070 936 sine
1098 891 1222 947 dolo,
1244 891 1364 951 quod
1389 890 1498 935 vidit
1528 892 1661 937 Jacob
1687 892 1779 935 sine

396 966 498 1009 dolo
510 969 546 1023 3)
563 983 582 1006 «
603 963 814 1008 Videbitis
828 962 988 1007 coelum
1008 971 1222 1021 apertum,
1242 970 1285 1006 et
1299 960 1487 1020 Angelos
1500 960 1778 1006 ascendentes

397 1055 417 1079 >›
453 1045 496 1079 et
507 1034 816 1080 descendentes
831 1069 841 1088 ,
865 1052 886 1075 »
905 1034 989 1090 (ad
1010 1048 1138 1093 quem
1154 1034 1200 1090 Ρ)
1227 1052 1246 1074 α
1271 1032 1326 1076 ἃᾶ
1346 1032 1506 1075 Filium
1525 1032 1727 1077 hominis.
1753 1051 1774 1074 »

394 1109 508 1164 Ergo
530 1105 602 1149 ille
627 1114 784 1149 unctus
801 1113 892 1149 erat
914 1103 969 1148 ad
990 1113 1122 1163 caput
1144 1103 1277 1147 Filius
1300 1102 1486 1147 hominis
1509 1121 1517 1147 :
1538 1103 1672 1163 quia«
1692 1105 1778 1148 Ca-

397 1195 417 1217 »
452 1184 532 1234 put
569 1175 761 1219 mulieris
794 1175 883 1229 vir,
917 1183 1049 1234 caput
1079 1174 1161 1218 viri
1182 1174 1425 1219 Christus1.
1462 1191 1481 1214 »
1514 1176 1601 1218 Nec
1632 1182 1778 1217 tamen

393 1245 500 1290 dixit
546 1246 824 1289 ascendentes
857 1261 879 1288 a
923 1245 1034 1288 Filio
1067 1245 1254 1288 hominis
1302 1253 1345 1287 et
1384 1243 1693 1289 descendentes
1723 1243 1778 1288 ad

392 1316 552 1360 Filium
574 1316 782 1371 hominis,
809 1316 931 1375 quasi
966 1314 1272 1359 tantummodo
1315 1329 1486 1359 sursum
1519 1323 1662 1360 esset:
1701 1315 1777 1359 sed

391 1385 669 1429 ascendentes
691 1394 733 1428 et
746 1383 1056 1428 descendentes
1079 1384 1135 1427 ad
1152 1384 1311 1427 Filium
1326 1384 1530 1427 hominis.
1552 1383 1668 1427 Audi
1681 1399 1777 1428 sur-

391 1470 485 1499 sum
508 1454 766 1498 clamantem
790 1453 950 1497 Filium
968 1453 1153 1498 hominis
1180 1469 1190 1496 .·
1219 1472 1240 1495 «
1267 1452 1416 1503 Saule,
1443 1452 1584 1497 Saule.
1612 1471 1633 1495 »
1659 1454 1774 1498 Audi

390 1524 592 1568 deorsum
608 1523 768 1566 Filium
784 1524 970 1567 hominis
991 1541 999 1566 :
1023 1541 1042 1563 «
1062 1523 1178 1574 Quid
1200 1537 1270 1566 me
1287 1523 1616 1582 persequeris2?
1640 1542 1660 1565 »

449 1596 524 1636 VI.
548 1591 717 1635 Audisti
738 1591 903 1635 dictum
920 1591 1161 1649 proprium,
1183 1592 1285 1651 quia
1299 1594 1579 1637 resurrecturi
1593 1608 1741 1638 sumus
1759 1614 1769 1641 ε

388 1664 552 1707 factum
574 1663 821 1722 proprium,
847 1663 950 1722 quia
973 1662 1084 1706 sicut
1101 1663 1267 1707 dictum
1285 1673 1348 1708 est
1367 1683 1374 1708 :
1394 1664 1635 1710 «Ascendit
1657 1669 1772 1710 Pau·

388 1752 408 1774 >›
444 1733 511 1777 lus
531 1733 844 1790 Jerosolymam
867 1732 1014 1778 videre
1036 1736 1254 1778 Petrumss.
1284 1752 1303 1776 »
1330 1734 1502 1779 Dictum
1524 1744 1587 1780 est
1607 1737 1767 1794 figura·

386 1813 478 1847 tum
497 1838 507 1858 ,
544 1822 564 1845 «
601 1803 809 1862 Lapidem
847 1819 978 1863 quem
1015 1805 1359 1863 reprobaverunt
1396 1805 1657 1850 aedificantes
1691 1826 1699 1850 :
1744 1825 1765 1847 »

383 1874 547 1917 factum
570 1874 806 1931 figuratum
825 1908 835 1927 ,
860 1882 1018 1916 unctus
1040 1873 1168 1932 lapis,
1190 1874 1266 1932 qui
1284 1872 1369 1917 fuit
1387 1873 1441 1917 ad
1458 1884 1590 1934 caput
1611 1876 1762 1922 Jacob.

384 1943 573 1986 Debetur
595 1942 881 2001 expectationi
902 1951 1055 1987 vestrae
1077 1942 1198 2002 quod
1220 1957 1270 1985 ex
1291 1952 1479 2002 utroque
1496 1945 1577 1999 sit,
1603 1955 1646 1990 et
1663 1961 1766 2003 pro-

382 2012 472 2070 prie
494 2021 661 2070 gestum
694 2021 758 2055 est
785 2022 827 2055 et
859 2012 1070 2069 significat
1106 2013 1356 2070 figuratum.
1384 2015 1591 2059 Novimus
1626 2017 1765 2063 Abra-

380 2083 480 2125 ham
521 2081 630 2126 duos
662 2081 772 2126 filios
796 2082 1020 2137 habuisse,
1053 2097 1191 2126 unum
1226 2096 1277 2126 ex
1330 2082 1506 2139 ancilla,
1541 2085 1678 2130 alium
1711 2102 1761 2131 ex

379 2151 514 2196 libera
531 2153 546 2177 ⁴
564 2186 575 2206 ‚
620 2153 792 2211 proprie
842 2161 1010 2210 gestum
1027 2186 1038 2207 ‚
1086 2168 1174 2198 non
1212 2152 1352 2197 solum
1393 2164 1615 2200 narratum
1632 2191 1644 2212 ,
1685 2157 1756 2202 sed

375 2229 416 2264 et
436 2221 599 2265 factum
622 2240 631 2266 :
657 2223 893 2281 figuratum
918 2223 979 2266 ibi
1001 2225 1227 2281 expectas?
1247 2226 1348 2268 Haec
1370 2233 1474 2269 sunt
1494 2224 1583 2271 duo
1610 2229 1757 2273 Testa-

375 2299 534 2334 menta.
567 2292 693 2343 Quod
715 2306 815 2349 ergo
840 2293 1021 2351 figurate
1043 2291 1201 2336 dicitur
1216 2328 1226 2348 ‚
1254 2294 1445 2353 quodam
1469 2296 1600 2340 modo
1622 2297 1754 2356 fingi-

371 2367 454 2402 tur.
482 2361 567 2405 Sed
599 2362 806 2421 quoniam
828 2362 988 2407 debet⁵
1012 2364 1174 2408 exitum
1211 2365 1558 2423 significationis,
1585 2376 1628 2412 et
1658 2368 1751 2428 ipsa

430 2459 439 2475 ¹
465 2464 477 2485 1
500 2457 571 2488 Cor.
589 2466 636 2499 m,
656 2458 686 2491 3.
719 2475 760 2483 —
788 2465 800 2481 ²
818 2461 952 2500 Act.1x‚
975 2458 1008 2500 ,4.
1030 2476 1071 2482 ..
1092 2458 1104 2482 3
1123 2460 1224 2494 Galat.
1252 2472 1275 2502 1,
1297 2461 1346 2494 18.
1383 2478 1422 2487 --·
1451 2461 1468 2493 4
1490 2463 1601 2505 ld.1v‚
1620 2472 1675 2498 22.
1696 2481 1738 2490 —

368 2505 382 2528 5
397 2507 498 2539 Forte
522 2509 635 2544 habet,
