1898 3178
356 233 493 261 sEnMo
525 232 621 270 Lxr,
655 232 710 258 DE
742 229 888 258 VERBIS
921 229 1083 258 ΜΑΤΤΗ.
1120 231 1197 257 vu.
1380 219 1463 256 233

90 307 330 343 seruerunt.
357 296 500 342 Audi:
529 315 548 339 «
570 300 606 340 A
629 296 715 340 fide
737 307 1088 356 pererraverunt,
1119 305 1162 340 et
1192 296 1465 339 inseruerunt

92 386 112 411 »
139 384 183 412 se
205 367 427 413 doloribus
443 365 605 409 multis.
628 384 647 406 »
676 365 760 410 Sed
781 366 980 425 qui?Qui
1002 366 1154 411 volunt
1185 365 1337 410 divites
1356 366 1462 408 fieri.

88 439 219 484 Aliud
241 447 324 492 est,
350 452 439 480 esse
467 436 671 481 divitem:
697 436 814 481 aliud
830 473 840 492 ‚
875 436 985 481 velle
1006 438 1099 481 fieri
1121 437 1313 481 divitem.
1341 436 1466 479 Dives

88 519 152 554 est
166 543 176 562 ‚
201 508 278 568 qui
299 524 322 551 a
338 507 544 551 divitibus
567 516 693 550 natus
711 516 800 552 est:
824 523 913 551 non
938 507 1039 566 quia
1055 507 1217 562 voluit,
1244 506 1361 551 dives
1383 515 1462 560 est,

87 579 161 625 sed
183 579 286 639 quia
307 578 433 622 multi
454 577 725 622 haereditates
757 578 1031 622 dimiserunt.
1058 579 1195 623 Video
1213 577 1439 622 facultates
1454 612 1464 631 ‚

86 666 176 695 non
204 651 423 709 interrogo
449 650 710 710 voluptates,
743 649 824 694 Hic
857 648 1070 709 cupiditas
1100 658 1347 704 accusatur,
1378 664 1467 692 non

87 735 263 776 aurum,
288 736 378 765 non
398 729 653 779 argentum,
677 735 767 765 non
791 719 977 774 divitiae,
1011 718 1085 763 sed
1107 720 1335 779 cupiditas.
1360 721 1466 763 Nam

86 793 161 852 qui
184 791 341 836 nolunt
363 791 515 836 divites
536 792 652 847 fieri,
690 791 760 836 vel
787 792 863 851 qui
885 807 974 835 non
994 800 1167 846 curant,
1193 790 1262 834 vel
1284 806 1371 834 non
1400 806 1469 833 ar-

87 861 192 907 dent
209 861 520 921 cupiditatibus
532 897 542 916 ,
568 878 657 907 non
671 862 861 907 avaritiae
873 861 1041 906 facibus
1056 861 1374 915 accenduntur,
1396 859 1469 904 sed

86 933 238 978 divites
253 943 354 977 sunt
366 968 376 988 ,
395 933 573 978 audiant
585 933 858 993 Apostolum.
877 934 1017 978 Hodie
1029 934 1190 978 lectum
1209 942 1272 976 est
1290 952 1299 977 ι
1320 951 1338 974 (ι
1354 936 1472 976 Prae-

88 1021 108 1044 »
143 1004 238 1062 cipe
267 1002 471 1047 divitibus
502 1004 633 1063 hujus
661 1003 829 1048 mundi.
858 1004 1064 1063 Praecipe.
1086 1021 1106 1044 »
1139 1003 1281 1056 Quid?
1315 1022 1333 1043 «
1355 1005 1471 1046 Prte-

88 1090 108 1114 »
143 1073 237 1132 cipe
259 1083 358 1117 ante
375 1073 540 1128 omnia,
567 1089 656 1118 non
677 1074 863 1133 superbe
877 1089 1026 1133 sapere
1044 1076 1076 1117 1.
1097 1091 1117 1114 »
1135 1073 1252 1118 Nihil
1274 1073 1389 1116 enim
1409 1081 1471 1115 est

84 1144 205 1203 quod
237 1144 295 1188 sic
323 1153 529 1203 generent
556 1144 742 1200 divitiae,
779 1146 1002 1205 quomodo
1036 1145 1295 1204 superbiam.
1333 1145 1472 1186 Omne

86 1228 267 1272 pomum
281 1248 295 1268 ,
313 1228 441 1257 omne
464 1228 667 1271 granum,
690 1230 818 1258 omne
835 1214 1105 1259 frumentum
1121 1250 1132 1269 ,
1153 1229 1281 1258 omne
1302 1213 1471 1271 lignum

86 1282 219 1326 habet
239 1298 431 1326 vermem
448 1298 591 1326 suum.
618 1286 674 1327 Et
696 1283 802 1327 alius
822 1293 884 1328 est
906 1285 1060 1328 vermis
1075 1283 1192 1338 mali,
1219 1283 1326 1326 alius
1348 1283 1470 1341 pyri,

88 1352 196 1396 alius
214 1350 326 1395 fabae
339 1387 350 1406 ‚
372 1351 479 1395 alius
494 1353 638 1396 tritici.
660 1354 826 1397 Vermis
844 1354 1091 1397 divitiarum
1108 1389 1118 1408 ‚
1137 1353 1351 1411 superbia.

145 1424 223 1466 XI.
250 1425 364 1480 Ergo
386 1424 574 1481 praecipe
596 1423 801 1467 divitibus
823 1425 952 1483 hujus
972 1424 1126 1467 mundi
1143 1458 1153 1478 ‚
1179 1439 1267 1466 non
1288 1423 1474 1480 superbe

87 1508 250 1551 sapere.
274 1491 468 1537 Exclusit
490 1493 668 1548 vitium,
707 1493 861 1538 doceat
892 1509 1032 1537 usum.
1069 1496 1166 1537 Non
1194 1493 1379 1552 superbe
1404 1508 1472 1535 sa-

15 1556 18 1565 ’
86 1577 202 1622 pere.
230 1562 355 1606 Unde
378 1572 522 1607 autem
542 1578 632 1607 non
651 1563 836 1622 superbe
853 1565 1029 1622 sapere?
1050 1566 1110 1607 De
1128 1578 1179 1606 eo
1197 1561 1316 1622 quod
1334 1563 1475 1621 sequi-

86 1642 178 1678 tur:
192 1635 368 1693 «Neque
380 1648 551 1692 sperare
563 1634 607 1677 in
622 1634 787 1678 incerto
799 1632 1061 1677 divitiarum.
1072 1651 1092 1673 »
1105 1634 1189 1685 Qui
1200 1648 1288 1676 non
1303 1642 1476 1690 sperant

19 1707 29 1715 ”
86 1704 131 1746 in
153 1703 318 1746 incerto
341 1702 589 1746 divitiarum·
603 1737 613 1756 ‚
639 1719 728 1747 non
745 1703 931 1762 superbe
947 1703 1135 1762 sapiunt.
1165 1703 1208 1747 Si
1226 1718 1314 1747 non
1336 1702 1470 1746 altum

29 1788 31 1804 2
86 1773 287 1831 sapiunt,
316 1772 514 1816 timeant.
551 1772 593 1817 Si
616 1773 792 1827 timent,
830 1788 919 1816 non
942 1773 1078 1816 altum
1106 1772 1295 1832 sapiunt.
1333 1775 1473 1825 Quam

20 1838 26 1907 ἶ
86 1842 212 1886 multi
248 1842 342 1885 heri
374 1841 553 1897 divites,
591 1841 719 1886 hodie
751 1844 994 1901 pauperes?
1027 1845 1166 1895 Quam
1206 1843 1333 1887 multi
1371 1843 1474 1886 dor-

30 1951 34 1953 .
87 1912 229 1956 miunt
250 1912 404 1955 divites
418 1946 428 1966 ‚
454 1921 497 1955 et
531 1912 806 1955 venientibus
828 1912 1074 1956 latronibus
1096 1921 1139 1955 et
1172 1922 1328 1956 cuneta
1351 1912 1474 1956 aufe-

90 1982 305 2037 rentibus,
331 1981 536 2040 evigilant
567 1984 803 2040 pauperes?
835 1985 988 2040 «Ergo
1020 1997 1107 2026 non
1130 1997 1299 2042 sperare
1329 1983 1373 2026 in
1405 1983 1473 2026 in-

31 2087 33 2090 .
93 2071 115 2094 n
149 2062 267 2097 certo
289 2052 558 2107 divitiarum,
593 2052 668 2096 sed
694 2053 740 2096 in
763 2056 852 2097 Deo
889 2054 1011 2108 vivo,
1047 2054 1121 2113 qui
1144 2062 1318 2113 praestat
1350 2054 1474 2098 nobis

24 2151 30 2162 .
95 2141 115 2164 »
152 2123 296 2167 omnia
312 2122 585 2166 abundanter
601 2121 655 2167 ad
669 2122 905 2166 fruendum
919 2142 928 2167 :
942 2122 1195 2182 temporalia
1209 2133 1252 2167 et
1266 2132 1470 2168 aeterna.»

25 2196 31 2234 ἑ
92 2193 176 2238 Sed
197 2194 330 2250 magis
354 2191 408 2236 ad
428 2192 662 2236 fruendum
685 2202 868 2248 aeterna,
888 2193 943 2238 ad
964 2194 1179 2238 utendum
1200 2194 1469 2253 temporalia.

25 2264 34 2303 '1
91 2261 360 2321 Temporalia
388 2272 596 2322 tanquam
626 2263 863 2308 viatoribus
881 2299 892 2318 ‚
927 2273 1086 2308 aeterna
1113 2274 1321 2324 tanquam
1350 2265 1475 2308 habi—

28 2351 31 2371 :
92 2332 318 2376 tatoribus.
361 2331 628 2390 Temporalia
650 2368 661 2387 ‚
703 2332 817 2376 unde
852 2334 967 2377 bona
1008 2332 1245 2390 faciamus3
1282 2342 1471 2389 aeterna,

31 2438 33 2442 ,
91 2402 208 2446 unde
244 2402 347 2446 boni
379 2403 630 2447 efficiamur.
672 2406 788 2462 Ergo
806 2404 888 2447 hoc
904 2402 1062 2447 faciant
1087 2404 1267 2448 divites:
1292 2419 1380 2448 non
1403 2420 1475 2448 su-

32 2502 33 2506 =
91 2473 225 2532 perbe
261 2473 449 2532 sapiant,
491 2489 634 2533 neque
666 2483 842 2533 sperent
858 2475 901 2518 in
923 2475 1091 2518 incerto
1107 2473 1352 2519 divitiarum
1367 2510 1377 2530 ,
1398 2476 1471 2520 sed

141 2563 150 2578 ¹
184 2568 193 2589 ι
212 2557 291 2590 Tim.
308 2568 358 2598 vr,
380 2569 431 2600 ¹7·
