1898 3178
256 256 396 287 sEnMo
428 257 584 296 Lxxx1‚
620 258 673 284 DE
706 257 852 285 vmrms
883 257 1049 286 MATTH.
1085 259 1208 286 xvnr.
1346 251 1428 289 385

50 324 198 369 venit?
218 323 365 369 sordes
386 323 501 369 tollit
526 342 535 367 ι
560 322 729 382 paleam
752 333 794 368 te
816 324 1064 368 invenit?in
1077 324 1265 369 cinerem
1282 327 1425 369 vertit.

48 397 166 454 Ergo
197 409 406 453 pressurae
437 408 538 453 quae
566 392 814 447 abundant,
841 410 931 438 non
956 403 1058 439 sunt
1086 393 1303 440 scandala.
1350 397 1435 440 Sed

47 473 269 524 quaesunt
289 462 519 508 scandala?
559 463 820 508 Locutiones
841 464 948 519 illae,
981 465 1112 508 verba
1143 464 1239 521 illa,
1272 465 1433 525 quibus

47 534 174 579 nobis
196 534 356 579 dicitur
381 553 390 580 ε
416 536 530 579 Ecce
569 533 677 594 quid
712 533 879 578 faciunt
926 543 1125 594 tempora
1165 535 1398 581 christiana
1417 572 1428 593 ‚

48 620 147 650 ecce
167 621 267 665 quae
295 614 398 650 sunt
412 604 630 650 scandala.
656 603 725 649 Ad
745 605 829 648 hoc
850 605 964 649 enim
985 606 1065 650 tibi
1086 607 1268 663 dicitur,
1293 617 1344 652 ut
1363 617 1429 662 ω,

47 677 81 721 si
101 691 217 721 amas
237 675 478 731 mundum,
500 675 772 735 blasphemes
793 675 1031 721 Christum.
1049 679 1107 721 Et
1124 677 1227 722 dicit
1246 679 1326 723 tibi
1348 680 1431 724 hoc

47 747 213 792 amicus
243 755 369 803 tuus,
404 745 671 792 consiliarius
702 754 829 801 tuuS,
863 761 966 805 ergo
988 746 1140 792 oculus
1160 757 1277 794 tuus.
1319 751 1432 795 Dicit

46 817 126 862 tibi
147 818 232 862 hoc
253 818 449 862 minister
469 827 593 873 tuus,
609 817 884 876 cooperarius
898 825 998 861 tuus
1016 836 1025 861 ε
1046 833 1149 877 ergo
1167 834 1321 865 manus
1338 830 1428 865 tua.

47 888 160 933 Dicit
181 888 260 932 tibi
277 888 360 933 hoc
381 887 495 933 forte
520 889 596 948 qui
623 897 666 932 te
692 896 924 943 sustentat,
950 888 1025 948 qui
1047 897 1090 933 te
1109 889 1165 933 ab
1187 891 1433 937 humilitate

45 967 217 1004 terrena
237 958 438 1004 sublevat
462 974 593 1017 :ergo
614 973 689 1018 pes
707 968 825 1003 tuUS.
850 958 1018 1018 Abjice‚
1039 970 1218 1019 amputa
1233 996 1245 1016 ,
1269 963 1432 1022 projice

47 1028 123 1072 abs
144 1037 210 1084 te,
232 1029 324 1073 noli
345 1029 603 1074 consentire.
631 1027 862 1088 Responde
890 1028 1070 1085 talibus,
1096 1031 1321 1090 quomodo
1343 1048 1433 1076 res-

47 1097 271 1158 pondebat
293 1098 389 1155 ille,
421 1099 492 1144 cui
520 1099 785 1144 suadebatur
806 1097 963 1143 falsum
986 1100 1299 1144 testimonium.
1327 1103 1434 1147 Res-

46 1167 192 1229 ponde
213 1179 257 1215 et
278 1179 327 1214 tu
354 1189 362 1215 2
389 1169 459 1215 dic
479 1170 647 1215 homini
675 1169 838 1214 dicenti
860 1169 938 1209 tibi
973 1185 982 1211 ε
1015 1168 1129 1212 Ecce
1163 1173 1436 1231 temporibus

44 1237 286 1282 christianis
299 1248 432 1283 tantae
454 1251 664 1295 pressurae
687 1244 804 1289 sunt,
821 1245 1013 1284 vastatur
1026 1240 1216 1285 mundus
1237 1258 1434 1303 :respon-

0 1358 1 1368 ἵ
45 1307 100 1352 de
125 1316 175 1352 tu
202 1325 211 1352 z
236 1308 331 1351 Hoc
347 1306 472 1361 mihi,
503 1314 603 1349 ante
620 1320 751 1365 quam
767 1306 960 1350 eveniret
974 1341 985 1361 ‚
1006 1309 1205 1367 praedixit
1219 1313 1432 1360 Christus.

0 1369 2 1381 t

104 1381 229 1424 VIII.
255 1381 400 1433 Quare
417 1378 531 1423 enim
554 1378 772 1423 turbaris?
801 1372 1014 1423 Pressuris
1044 1381 1200 1426 mundi
1233 1385 1436 1431 turbatur

0 1435 6 1509 ι
47 1464 121 1495 cor
141 1458 292 1503 tuum,
317 1447 541 1509 quomodo
569 1447 689 1492 navis
718 1445 818 1502 illa,
844 1447 922 1491 ubi
943 1447 1190 1496 dormiebat
1219 1454 1431 1501 Christus.

45 1523 158 1566 Ecce
180 1536 280 1580 quae
299 1535 427 1564 causa
443 1528 520 1573 est,
542 1519 677 1563 homo
698 1518 892 1574 cordate,
906 1529 955 1563 ut·
973 1521 1178 1567 turbetur
1192 1535 1432 1573 cortuum:

46 1605 146 1636 ecce
166 1605 266 1650 quae
287 1604 416 1634 causa
437 1598 515 1633 est.
540 1588 669 1634 Navis
686 1589 764 1632 ista
781 1623 791 1642 ,
829 1589 873 1633 in
907 1606 994 1649 qua
1016 1592 1214 1638 Christus
1235 1595 1434 1653 dormit¹‚

0 1715 5 1718 ,
47 1676 120 1706 cor
137 1669 201 1706 est
213 1661 291 1706 ubi
303 1660 411 1705 fides
424 1659 600 1705 dormit.
618 1658 733 1712 Quid
748 1659 862 1702 enim
884 1659 963 1703 tibi
977 1661 1079 1705 novi
1101 1660 1276 1718 dicitur,
1289 1667 1436 1712 Chris-

0 1735 15 1796 i,
48 1732 185 1787 tiane,
216 1731 325 1792 quid
341 1732 459 1775 enim
480 1730 559 1774 tibi
580 1729 683 1774 novi
705 1728 894 1774 dicitur?
923 1733 1208 1792 Temporibus
1237 1737 1436 1784 christia—

0 1890 6 1919 t

47 1802 113 1847 nis
134 1810 328 1847 vastatur
349 1801 564 1855 mundus,
591 1799 739 1843 deficit
760 1801 968 1844 mundus.
1002 1804 1096 1846 Non
1121 1805 1202 1848 tibi
1220 1806 1326 1851 dixit
1350 1812 1438 1854 Do-

48 1874 190 1918 minus
212 1882 314 1918 tuus
336 1892 345 1918 ε
370 1871 625 1917 Vastabitur
646 1871 864 1914 mundus?
886 1873 983 1917 Non
1001 1872 1082 1915 tibi
1103 1873 1210 1919 dixit
1227 1879 1438 1926 Dominus

0 1952 6 1986 ἰ
51 1954 146 1987 tuus
168 1962 176 1987 ε
198 1942 379 1988 Deficiet
400 1941 624 1986 mundus?
647 1942 790 1993 Quare
821 1939 1026 1986 credebas
1049 1945 1226 2001 quando
1251 1952 1437 2006 promit-

0 2030 9 2066 ς
50 2013 240 2067 tebatur‚
273 2022 317 2056 et
347 2012 536 2056 turbaris
561 2009 740 2070 quando
762 2010 1034 2070 completur?
1062 2015 1177 2072 Ergo
1204 2025 1437 2078 tempestas

2 2075 11 2131 '⁵
50 2083 172 2129 saevit
187 2083 234 2126 in
250 2096 324 2128 cor
345 2090 473 2126 tuum
503 2099 512 2125 z
547 2094 650 2125 cave
688 2078 990 2139 naufragium,
1020 2085 1156 2129 excita
1193 2088 1431 2136 Christum.

4 2162 7 2196 ἱ
55 2172 77 2197 «
109 2152 345 2207 Habitare,
379 2150 524 2210 ianit
550 2149 810 2210 Apostolu8‚
851 2151 1073 2197 Christum
1108 2170 1185 2215 per
1221 2158 1353 2204 fidem
1391 2163 1436 2208 in

4 2221 11 2281 ἶ,
55 2241 76 2266 ‚‚
109 2222 313 2269 cordibus
350 2221 542 2267 vestris2.
562 2238 583 2262 »
609 2223 691 2265 Per
711 2220 845 2265 fidem
877 2222 1047 2268 habitat
1072 2225 1117 2269 in
1151 2236 1191 2271 te
1221 2230 1431 2278 Christus.

6 2282 17 2347 ὲ
53 2295 181 2340 Fides
194 2309 405 2355 praesens,
431 2307 620 2352 praesens
637 2301 701 2337 est
722 2293 920 2338 Christus
942 2313 950 2338 ε
977 2295 1084 2340 fides
1107 2298 1305 2357 vigilans,
1330 2305 1438 2365 vigi-

7 2372 18 2414 ῃ
53 2365 146 2410 lans
167 2374 231 2410 est
249 2365 444 2411 Christus
464 2362 597 2408 :fides
619 2362 779 2418 oblita,
805 2363 1024 2410 dormiens
1039 2376 1101 2411 est
1118 2369 1329 2417 Christus.
1356 2378 1436 2421 Ex-

9 2420 19 2484 i
52 2436 203 2491 citare,
221 2449 518 2488 commovere,
539 2432 609 2477 dic
634 2452 642 2477 :
669 2452 688 2475 «
706 2436 889 2478 Domine
904 2471 914 2490 ,
931 2437 1172 2495 perimus».
1202 2444 1315 2489 Ecce
1332 2463 1431 2507 quae

10 2489 22 2580 i
56 2507 181 2552 nobis
202 2506 356 2550 dicunt
373 2504 534 2562 Pagani
556 2519 680 2563 :quae
697 2505 822 2548 nobis
840 2504 1013 2562 dicunt,
1031 2509 1151 2567 quod
1164 2521 1227 2556 est
1244 2519 1431 2575 gravius,

104 2597 111 2612 ¹
133 2589 246 2623 Matth.
264 2599 337 2629 vm,
360 2588 415 2630 24.
433 2603 475 2611 -—
491 2594 503 2611 ²
519 2586 632 2630 Ephes.
654 2598 701 2628 111,
726 2598 775 2630 ¹7·

244 2651 380 2685 cxxv.
1251 2652 1302 2693 25
