1898 3178
417 265 554 294 SERMO
585 269 717 305 cvm,
753 271 806 296 m:
841 269 985 298 VERBIS
1021 272 1110 298 ιω.
1147 272 1221 298 xii.
1428 262 1509 299 597

132 342 174 377 et
192 334 382 392 nonjam
408 335 613 388 moritur,
641 351 722 379 nec
745 352 859 381 mors
879 338 915 380 ei
936 337 1046 382 ultra
1070 338 1391 382 dominabitur1
1418 359 1425 383 :
1446 354 1512 382 se·

130 403 325 448 cundum
348 403 618 448 divinitatem
638 414 799 459 autem,
826 423 912 466 qua
935 408 1113 467 aequalis
1130 417 1191 452 est
1211 409 1344 463 Patri,
1367 410 1410 452 in
1427 409 1511 452 hoc

129 473 296 518 mundo
314 482 432 528 erat,
463 494 481 515 «
507 477 562 518 Et
586 475 774 519 mundus
792 492 868 535 per
887 478 1027 536 ipsum
1049 477 1186 522 factus
1209 488 1297 532 est,
1319 488 1362 523 et
1385 495 1512 522 mun-

132 563 152 586 »
189 544 270 589 dus
288 560 387 589 eum
410 561 498 590 non
516 547 763 605 cognovit2.
786 566 804 587 »
835 551 892 591 De
916 550 998 592 hoc
1021 550 1195 593 audistis
1213 550 1344 594 modo
1366 553 1511 594 Evan-

130 615 289 676 gelium
309 651 318 671 ‚
340 615 447 676 quid
470 617 688 661 monuerit
709 632 807 671 n05,
828 627 977 663 cautos
1003 635 1080 663 nos
1104 619 1280 675 taciens,
1306 630 1348 665 et
1363 620 1511 665 volens

131 701 221 731 esse
251 687 472 746 expeditos
501 696 543 730 et
571 697 741 746 paratos
765 689 818 731 ad
854 690 1118 748 expectanda
1152 692 1406 735 novissima3
1429 711 1437 736 :
1464 700 1512 735 ut

129 766 224 816 post
244 757 470 801 novissima
489 793 499 812 ‚
521 774 620 817 quae
641 767 741 802 sunt
766 758 810 802 in
833 759 916 803 hoc
943 760 1101 804 saeculo
1124 762 1357 805 metuenda
1378 797 1388 815 ‚
1414 777 1512 805 suc-

126 828 250 872 cedat
273 831 439 889 requies
455 865 469 885 ,
495 845 593 889 quae
620 845 709 873 non
732 830 863 873 habet
881 831 1028 874 finem.
1051 832 1171 875 Beati
1189 834 1263 891 qui
1283 833 1511 892 participes

127 899 232 943 facti
271 899 446 943 fuerint.
476 903 616 944 Erunt
644 910 788 944 autem
813 910 919 945 tunc
951 902 1115 955 securi,
1149 904 1223 961 qui
1259 903 1390 947 modo
1421 919 1511 947 non

125 980 226 1014 sunt
249 972 386 1015 securi
411 992 418 1015 ;
457 981 500 1015 et
527 971 684 1015 iterum
708 981 812 1015 tunc
830 972 1044 1016 timebunt
1069 1008 1079 1027 ‚
1101 974 1175 1032 qui
1206 974 1336 1017 modo
1360 975 1511 1018 timere

126 1040 295 1086 nolunt.
343 1041 408 1085 Ad
441 1042 554 1085 hanc
589 1043 931 1101 expectationem
967 1053 1008 1086 et
1040 1052 1218 1102 propter
1251 1045 1362 1088 hanc
1390 1060 1511 1103 spem

124 1113 354 1159 Christiani
378 1113 479 1157 facti
502 1128 664 1157 sumus.
691 1116 844 1159 Nonne
865 1129 960 1173 spes
982 1123 1126 1158 nostra
1151 1130 1238 1158 non
1269 1125 1331 1158 est
1353 1116 1407 1158 de
1427 1116 1509 1160 hoc

123 1184 313 1228 saeculo?
346 1187 439 1228 Non
474 1180 674 1228 amemus
696 1185 918 1228 saeculum.
952 1184 1019 1228 Ab
1048 1200 1192 1229 amore
1214 1185 1358 1228 saeculi
1381 1186 1509 1245 hujus

122 1255 263 1301 vocati
288 1271 436 1299 sumus
455 1291 465 1309 ,
498 1265 547 1299 ut
574 1254 693 1299 aliud
715 1255 923 1300 saeculum
951 1271 1171 1314 speremus
1193 1265 1236 1299 et
1262 1255 1504 1313 diligamus.

125 1331 175 1371 In
200 1328 282 1371 hoc
307 1327 518 1370 abstinere
535 1342 612 1371 nos
631 1327 841 1371 debemus
865 1328 919 1371 ab
942 1328 1144 1371 omnibus
1166 1326 1326 1371 illicitis
1344 1343 1509 1372 concu-

122 1397 360 1457 piscentiis,
388 1397 471 1440 hoo
494 1406 572 1451 est,
599 1396 772 1441 lumbos
796 1398 1009 1442 accinctos
1033 1397 1192 1441 habere
1212 1398 1446 1442 debemus:
1465 1408 1508 1442 et

124 1467 288 1511 fervere
311 1477 353 1510 et
374 1467 517 1510 lucere
541 1467 585 1510 in
608 1467 811 1526 operibus
832 1468 956 1511 bonis
973 1503 983 1521 ,
1008 1469 1092 1512 hoc
1114 1478 1198 1523 est,
1224 1468 1422 1512 lucernas
1445 1485 1506 1512 ar-

122 1539 272 1583 dentes
289 1538 466 1582 habere.
480 1538 594 1581 Dixit
611 1538 726 1581 enim
745 1539 835 1596 ipse
848 1538 1057 1582 Dominus
1073 1538 1298 1598 Discipulis
1319 1540 1404 1583 suis
1423 1538 1507 1583 alio

121 1608 218 1654 loco
243 1607 466 1667 Evangelii
489 1627 497 1653 :
524 1627 543 1650 «
567 1610 703 1653 Nemo
724 1608 918 1652 accendit
941 1608 1160 1653 lucernam
1175 1645 1184 1663 ‚
1207 1619 1248 1653 et
1271 1609 1394 1669 ponit
1412 1625 1505 1654 eam

124 1700 143 1722 »
179 1681 260 1724 sub
284 1680 431 1724 modio
449 1716 459 1734 ‚
479 1679 552 1724 sed
570 1693 699 1739 super
714 1679 1048 1734 candelabrum,
1070 1689 1119 1724 ut
1140 1680 1283 1725 luceat
1304 1681 1506 1725 omnibus

125 1770 144 1793 »
179 1751 255 1811 qui
276 1752 320 1794 in
344 1751 475 1795 domo
504 1753 653 1795 s·unt⁴.
683 1768 700 1791 »
727 1753 783 1794 Et
812 1759 860 1795 ut
887 1751 1133 1795 ostenderet
1161 1751 1280 1796 unde
1303 1751 1501 1805 dicebat,

119 1821 300 1881 subjecit
327 1830 370 1865 et
391 1821 449 1865 ait
470 1840 480 1866 ι
508 1840 526 1862 «
550 1822 617 1866 Sic
639 1820 783 1865 luceat
806 1821 957 1865 lumen
982 1830 1172 1865 vestrum
1193 1837 1337 1866 coram
1360 1822 1503 1865 homi-

122 1909 142 1932 »
178 1890 330 1944 nibus,
363 1899 413 1933 ut
434 1888 610 1933 videant
638 1890 752 1932 bona
776 1890 887 1933 facta
909 1900 1070 1947 vestra,
1097 1901 1138 1936 et
1160 1891 1402 1950 glorificent
1423 1895 1504 1936 Pa-

123 1978 144 2002 »
180 1970 289 2004 trem
306 1969 497 2004 vestrum
513 1994 523 2014 ‚
550 1958 625 2019 qui
647 1958 691 2002 in
714 1958 833 2003 coelis
856 1967 918 2002 est
935 1961 965 2001 ⁵.
988 1976 1008 1999 »

179 2034 236 2075 11.
261 2030 366 2074 Ideo
387 2030 561 2074 lumbos
579 2038 746 2074 nostros
765 2029 980 2074 accinctos
1003 2044 1092 2073 esse
1113 2029 1277 2083 voluit,
1299 2039 1341 2073 et
1359 2029 1503 2074 lucer-

121 2117 197 2146 nas
223 2101 424 2145 ardentes
440 2102 471 2144 ⁶.
494 2101 610 2154 Quid
637 2109 728 2156 est,
760 2099 933 2144 lumbos
967 2100 1211 2145 accinctos?
1238 2119 1256 2142 «
1280 2099 1458 2144 Declina
1480 2116 1503 2144 a

127 2191 147 2214 »
182 2171 311 2217 malo.
341 2190 361 2212 »
393 2170 510 2225 Quid
543 2181 606 2215 est
636 2171 813 2216 lucere?
846 2171 954 2230 quid
982 2179 1045 2214 est
1077 2170 1273 2215 lucernas
1304 2170 1501 2215 ardentes

120 2244 313 2288 habere?
336 2245 428 2287 Hoc
456 2252 533 2297 est,
560 2262 577 2283 «
596 2244 653 2286 Et
674 2242 742 2286 fac
764 2242 930 2286 bonum
945 2243 978 2285 ⁷.
1005 2260 1025 2282 »
1052 2241 1169 2295 Quid
1191 2251 1254 2285 est
1276 2241 1394 2301 quod
1425 2241 1502 2285 ad-

116 2314 261 2375 junxit
283 2323 326 2359 et
344 2315 401 2359 ait
423 2334 432 2359 2
456 2333 475 2356 «
495 2317 552 2358 Et
572 2329 648 2359 vos
670 2313 826 2358 similes
847 2321 982 2357 estote
1003 2313 1254 2357 hominibus
1274 2322 1501 2372 expectan-

124 2403 144 2426 η
183 2385 298 2430 tibus
327 2384 554 2430 dominum
571 2399 698 2429 suum
721 2383 899 2445 quando
918 2383 1060 2427 veniat
1077 2398 1099 2427 a
1121 2383 1307 2442 nuptiis⁸
1336 2402 1344 2427 ;
1368 2402 1388 2423 »
1420 2383 1501 2427 nisi

181 2501 194 2518 ¹
215 2502 307 2532 Rom.
326 2510 369 2539 vi,
393 2511 427 2540 9.
447 2517 488 2522 —
509 2506 520 2522 ²
535 2501 629 2532 Joan.
649 2511 674 2539 1,
702 2509 750 2531 ιο.
768 2515 809 2521 -
838 2496 850 2520 3
875 2498 952 2530 Cod.
972 2499 1057 2529 Cass.
1080 2500 1206 2530 Paratos
1224 2498 1263 2529 ad
1285 2508 1373 2539 spent
1390 2497 1498 2528 novis-

121 2556 242 2587 simam.
273 2573 312 2579 -
337 2555 351 2585 4
385 2556 494 2587 Mami.
524 2567 557 2593 v,
592 2555 643 2586 35.
661 2571 701 2578 —-
729 2553 743 2577 5
766 2554 844 2586 lbid.
870 2554 918 2585 16.
942 2571 981 2576 --
1010 2554 1025 2578 6
1053 2555 1128 2585 Luc.
1156 2565 1211 2591 tn,
1245 2554 1296 2584 313.
1326 2571 1362 2575 -—
1382 2561 1394 2585 7
1418 2554 1496 2584 l'cal.

121 2621 232 2651 xxxin,
256 2611 303 2643 15.
332 2629 366 2634 —
387 2610 400 2633 S
421 2613 496 2642 Luc.
523 2622 576 2647 xn,
599 2611 650 2641 36.
