1898 3178
375 214 517 240 sunnio
549 211 676 249 xtvr,
711 211 765 237 nis
797 208 1044 240 PASTORIBUS
1076 211 1121 238 IN
1153 211 1300 237 Ezecn.
1471 199 1526 239 25

153 293 321 337 »quam
341 290 439 320 oves
458 276 634 334 Joseph,
648 274 860 333 populum
882 275 927 319 in
949 279 1138 335 AEgypto
1158 275 1487 320 constitutum1.
1502 294 1522 316 »

150 351 244 392 Jam
272 345 455 389 diffusus
482 346 528 388 in
562 345 772 388 Gentibus
795 345 951 399 Israel,
982 346 1072 404 ipse
1103 354 1166 389 est
1187 345 1363 403 Joseph.
1388 346 1529 389 Nostis

149 418 288 471 enim,
313 416 414 475 quia
448 415 650 473 migravit
671 415 832 473 Joseph
852 414 899 457 in
932 417 1172 474 AEgyptum
1205 434 1213 459 :
1240 414 1529 460 vendentibus

147 485 353 529 fratribus
375 483 537 528 sactum
552 487 657 528 est2.
679 482 983 527 Vendiderunt
1003 485 1224 529 Christum
1247 483 1416 528 Judaei:
1439 499 1529 528 non

146 557 236 599 sine
266 570 394 599 causa
433 564 475 599 et
502 555 615 599 inter
649 554 879 613 Apostolos
906 555 996 613 ipse
1030 555 1162 599 Judas
1190 555 1391 600 venditor
1425 553 1525 598 fuit.

146 628 293 685 Coepit
329 641 416 670 esse
438 627 632 671 Christus
668 625 714 668 in
749 624 973 682 gentibus,
1004 625 1066 668 ibi
1100 625 1338 669 honoratus
1359 633 1444 680 est,
1468 625 1528 668 ibi

145 697 281 741 crevit
301 696 489 755 populus
512 697 617 755 ejus,
643 710 732 740 non
751 710 851 738 eum
869 695 1027 739 deserit
1047 703 1193 754 pastor
1215 696 1526 755 ejus.«Excita,

147 784 167 808 ³)
201 767 362 826 inquit,
390 766 627 824 potentiam
650 775 786 820 tuam,
807 773 850 808 et
866 765 982 820 veni,
998 774 1047 809 ut
1064 764 1203 810 salvos
1225 764 1355 809 facias
1377 766 1526 809 nos3.»

145 836 278 879 Plane
303 834 406 878 facit
424 869 436 890 ,
462 844 506 879 et
522 834 665 879 faciet.
689 835 764 879 Ait
784 834 901 878 enim
927 853 936 879 z
959 853 981 878 a.
1007 837 1121 879 Ecce
1151 849 1230 892 ego
1254 835 1343 894 ipse
1364 869 1374 889 ,
1400 843 1442 877 et
1462 834 1532 876 in-

146 923 166 946 »
201 904 372 964 quiram
393 919 492 948 oves
516 919 632 948 meas
653 925 664 962 3
690 912 733 946 et
755 903 939 947 visitabo
962 919 1056 959 eas,
1082 905 1193 948 sicut
1217 904 1362 948 visitat
1386 912 1532 962 pastor

146 992 166 1016 »
202 989 376 1032 gregem
399 989 528 1018 suum
541 976 573 1017 4.
602 992 622 1015 »
656 976 753 1019 Non
779 983 1044 1019 curaverunt
1071 974 1174 1019 mali
1193 983 1384 1034 pastores
1409 993 1418 1018 ;
1443 989 1531 1017 non

144 1045 260 1089 enim
288 1059 366 1089 suo
399 1044 608 1102 sanguine
631 1045 925 1089 redemerunt.
955 1063 976 1087 «
1014 1045 1135 1089 Sicut
1164 1044 1526 1102 visitat,‘inquit,

147 1133 167 1156 »
203 1123 349 1173 pastor
372 1128 544 1172 gregem
568 1129 695 1157 suum
717 1115 763 1157 in
779 1114 865 1157 die.
880 1118 967 1157 »In
979 1115 1099 1172 quali
1114 1115 1214 1156 die?
1235 1115 1382 1157 «Cum
1401 1112 1532 1156 fuerit

146 1204 167 1226 »
197 1185 396 1238 nimbus,
418 1193 461 1228 et
482 1184 645 1227 nubes:
664 1202 685 1224 »
710 1183 755 1226 id
779 1192 842 1226 est
856 1217 868 1237 ,
889 1192 932 1226 et
951 1184 997 1226 in
1019 1182 1167 1241 pluvia
1183 1216 1194 1237 ,
1219 1191 1262 1225 et
1283 1182 1326 1225 in
1351 1182 1527 1225 nebula.

144 1253 297 1298 Pluvia
319 1262 362 1297 et
383 1252 566 1306 nebula,
593 1267 712 1296 error
734 1250 881 1295 saeculi
904 1252 1033 1310 hujus
1060 1270 1069 1294 t
1096 1250 1235 1309 caligo
1258 1266 1415 1309 magna
1438 1267 1533 1294 sur-

144 1338 245 1382 gens
269 1323 323 1367 de
352 1322 663 1381 cupiditatibus
692 1321 919 1364 hominum
937 1354 948 1375 ‚
973 1329 1017 1363 et
1037 1319 1199 1364 nebula
1224 1320 1365 1365 valida
1387 1332 1533 1366 conte-

145 1409 248 1453 gens
270 1403 445 1438 terram.
472 1394 528 1435 Et
566 1389 742 1434 difficile
778 1400 866 1446 est,
890 1399 940 1434 ut
960 1405 1049 1434 non
1071 1399 1215 1434 errent
1245 1405 1345 1434 oves
1373 1391 1417 1434 in
1454 1392 1531 1436 ista

144 1463 307 1508 nebula
329 1482 338 1507 :
363 1461 438 1507 sed
459 1470 605 1520 pastor
621 1476 711 1505 non
729 1460 887 1504 deserit
909 1475 992 1504 eas.
1011 1460 1201 1520 Inquirit
1219 1475 1288 1504 eas
1302 1495 1312 1514 ,
1332 1471 1532 1519 penetrat

145 1533 352 1578 nebulam
382 1531 518 1576 oculis
541 1530 794 1575 acutissimis
811 1565 822 1585 ,
857 1546 947 1574 non
983 1523 1220 1590 impeditur
1243 1530 1424 1589 caligine
1446 1547 1532 1575 nu-

145 1606 292 1649 bium:
309 1604 444 1658 videt,
462 1603 659 1662 undique
681 1610 897 1646 errantem
916 1611 1090 1646 revocat
1110 1621 1118 1646 :
1139 1603 1186 1646 in
1206 1611 1378 1646 tantum
1396 1611 1445 1646 ut
1462 1603 1533 1646 fiat

145 1675 266 1736 quod
283 1674 389 1718 dicit
405 1675 451 1717 in
479 1673 717 1732 Evangelio
741 1692 750 1717 z
775 1691 795 1714 «
820 1677 924 1726 Quae
944 1681 1046 1716 sunt
1069 1687 1169 1717 oves
1191 1687 1322 1727 meae,
1349 1673 1533 1717 audiunt

149 1765 169 1788 »
204 1760 355 1790 vocem
377 1759 516 1788 meam
533 1779 544 1799 ,
573 1752 616 1787 et
638 1752 883 1803 sequuntur
904 1745 1015 1787 me⁵.
1042 1746 1094 1787 In
1118 1744 1263 1787 medio
1281 1743 1428 1788 ovium
1452 1743 1532 1787 dis-

149 1835 169 1859 »
203 1830 447 1876 persarum,
484 1814 542 1858 sic
565 1814 784 1874 inquiram
807 1829 907 1859 oves
928 1829 1066 1869 meas,
1093 1823 1137 1858 et
1175 1814 1357 1858 educam
1383 1829 1452 1857 eas
1476 1814 1530 1857 ab

148 1905 170 1929 »
205 1887 323 1931 omni
342 1886 455 1940 loco,
476 1900 564 1945 quo
588 1883 791 1943 dispersae
814 1893 914 1928 sunt
936 1883 1041 1939 illic,
1058 1884 1105 1927 in
1123 1883 1193 1927 die
1215 1885 1346 1927 nubis
1366 1892 1408 1927 et
1424 1884 1531 1927 nim-

148 1975 169 1999 »
203 1957 265 2000 bi.
293 1974 314 1998 »
336 1953 522 2009 Quando
545 1953 722 1998 difficile
740 1963 803 1998 est
824 1969 893 1998 eas
927 1955 1134 2009 inveniri,
1164 1964 1271 1998 tunc
1304 1969 1385 2011 ego
1407 1954 1529 1998 inve-

146 2027 278 2071 niam.
300 2028 451 2071 Crassa
466 2025 628 2070 nebula
649 2034 734 2081 est,
759 2025 933 2084 pinguis
954 2025 1130 2069 nimbus
1146 2033 1210 2068 est
1235 2043 1244 2068 ι
1266 2022 1414 2068 oculos
1437 2024 1530 2082 ejus

147 2094 257 2139 nihil
277 2095 397 2138 latet.

206 2166 367 2208 XXIV.
397 2182 417 2206 «
445 2165 503 2207 Et
524 2161 708 2206 educam
729 2175 798 2204 eas
836 2160 891 2204 de
914 2164 1116 2219 gentibus
1131 2195 1141 2212 ,
1167 2173 1211 2205 et
1239 2163 1440 2219 colligam
1463 2177 1533 2205 eas

151 2253 172 2277 »
208 2234 263 2277 de
285 2232 548 2290 regionibus,
573 2240 616 2275 et
633 2230 838 2274 inducam
855 2245 924 2273 eas
944 2231 991 2273 in
1011 2239 1171 2274 terram
1195 2245 1361 2284 earum,
1382 2239 1426 2273 et
1442 2245 1533 2289 pas-

152 2323 173 2346 »
209 2319 305 2348 cam
347 2317 416 2347 eas
454 2317 582 2361 super
619 2310 788 2345 montes
826 2300 1002 2345 Israelss.
1039 2319 1059 2342 »
1097 2301 1333 2345 Constituit
1364 2310 1533 2345 montes

153 2372 306 2428 Israel,
331 2381 526 2417 auctores
551 2371 871 2430 Scripturarum
895 2370 1157 2415 divinarum.
1185 2370 1251 2413 Ibi
1273 2371 1459 2429 pascite,
1484 2380 1533 2414 ut

200 2477 209 2492 ¹
231 2469 312 2502 Psal.
338 2481 444 2512 mxxix,
464 2478 494 2501 2.
521 2485 563 2491 --
583 2475 596 2491 ²
621 2471 700 2501 Gen.
726 2479 849 2508 xxxvn,
877 2469 930 2501 28.
954 2485 995 2491 -
1018 2466 1031 2490 3
1052 2468 1253 2509 Psalmmx,
1274 2468 1303 2500 3.
1326 2485 1367 2491 —-
1384 2467 1399 2498 4
1418 2468 1529 2500 Ezecb.

155 2536 263 2567 xxxiv,
284 2535 334 2559 12.
355 2543 396 2549 —
415 2525 430 2549 5
447 2528 537 2558 Joan.
557 2536 589 2566 x,
615 2533 669 2566 27.
690 2541 730 2548 —
753 2523 768 2546 6
790 2524 907 2557 Ezech.
923 2534 1036 2565 xxxiv,
1058 2524 1111 2558 13.
