1898 3178
358 216 440 254 126
789 222 823 250 s.
859 222 1091 253 Aucusruu
1123 225 1306 253 Erlscom

412 293 573 336 XXIV.
608 292 721 336 Cum
737 303 837 347 ergo
855 290 914 334 sic
931 289 1135 335 subsistat
1157 305 1291 349 genus
1313 290 1574 345 humanum,
1592 300 1643 335 ut
1659 306 1737 336 ne-

351 361 531 406 cessaria
552 361 638 405 sint
651 359 739 405 duo
761 360 1076 416 sustentacula,
1092 361 1147 405 de
1160 361 1321 421 quibus
1343 360 1445 405 satis
1467 361 1634 406 dictum
1653 370 1734 420 est3

351 432 407 477 ad
424 440 661 491 utrumque
692 429 862 489 sapiens
880 439 924 475 et
946 430 1139 490 prudens
1158 440 1203 476 et
1222 430 1366 475 fidelis
1391 431 1535 476 officio
1555 430 1740 476 descen-

353 503 439 560 dit,
463 519 553 548 non
571 501 753 546 libidine
773 501 905 547 cadit.
946 502 1016 547 Ad
1036 501 1395 548 manducandum
1420 512 1464 547 et
1494 503 1739 547 bibendum

352 589 484 634 quam
504 571 633 617 multi
654 572 865 618 voraciter
885 573 1084 629 irruunt,
1104 573 1163 617 ibi
1179 581 1392 633 ponentes
1415 581 1552 617 totam
1579 573 1737 629 vitam,

353 645 475 704 quasi
494 645 633 703 ipsam
648 648 823 689 causam
842 645 1045 690 vivendi?
1060 647 1171 691 Nam
1192 659 1294 689 cum
1319 643 1419 689 ideo
1442 644 1712 689 manducent
1725 678 1738 701 ,

352 724 402 759 ut
421 715 595 774 vivant,
616 714 715 760 ideo
735 730 780 760 se
793 724 952 775 putant
971 716 1117 761 vivere
1139 724 1189 760 ut
1210 714 1494 759 manducent.
1521 717 1631 760 Istos
1647 730 1740 760 om-

352 786 419 830 nis
439 786 608 846 sapiens
630 786 932 846 reprehendit,
950 796 994 832 et
1010 787 1197 831 maxime
1216 786 1364 832 divina
1383 786 1622 846 Scriptura,
1637 786 1742 831 eda-

354 871 444 913 ces,
469 857 660 902 ebriosos
677 892 689 913 ,
713 856 963 914 helluones,
984 872 1174 918 quorum
1196 860 1311 902 Deus
1329 866 1481 903 venter
1502 866 1566 901 est
1583 859 1614 901 ¹.
1641 856 1744 902 Illos

354 926 410 971 ad
432 942 627 972 mensam
648 943 739 972 non
761 928 899 983 ducit,
917 928 999 973 nisi
1014 928 1365 985 concupiscentia
1388 928 1544 983 carnis,
1571 942 1662 972 non
1682 926 1745 972 in-

353 997 544 1055 digentia
564 997 826 1044 refectionis.
855 1001 1009 1059 Itaque
1029 999 1099 1044 isti
1121 999 1340 1044 caduntin
1355 1014 1494 1044 escam
1510 1007 1553 1043 et
1569 1006 1741 1058 potum.

354 1067 424 1112 Illi
445 1078 592 1113 autem
613 1070 690 1129 qui
726 1069 1000 1114 descendunt
1033 1085 1085 1114 ex
1107 1070 1252 1115 officio
1273 1069 1479 1125 vivendi,
1511 1083 1603 1114 non
1643 1067 1744 1113 ideo

353 1139 507 1185 vivunt
534 1149 585 1185 ut
603 1140 860 1198 comedant,
889 1141 967 1185 sed
999 1140 1099 1186 ideo
1120 1140 1381 1196 comedunt,
1406 1149 1458 1185 ut
1474 1141 1640 1186 vivant.
1663 1142 1748 1185 Ita·

353 1226 439 1271 que
462 1211 550 1256 istis
566 1211 859 1271 prudentibus
873 1220 916 1256 et
928 1212 1273 1272 temperantibus
1290 1212 1324 1256 si
1340 1212 1576 1256 offerretur
1587 1220 1638 1255 ut
1652 1211 1746 1255 sine

355 1282 454 1327 cibo
478 1291 521 1327 et
542 1292 651 1342 potu
665 1283 885 1340 viverent,
908 1291 1075 1342 quanto
1092 1282 1251 1341 gaudio
1273 1282 1641 1342 amplecterentur
1662 1283 1748 1326 hoc

355 1352 636 1408 beneficium,
654 1362 704 1398 ut
715 1369 805 1413 quo
822 1352 978 1398 cadere
995 1368 1086 1398 non
1103 1362 1425 1398 consueverunt
1436 1388 1447 1409 ,
1468 1368 1549 1398 nec
1566 1353 1748 1398 descen-

354 1423 457 1468 dere
478 1434 765 1483 cogerentur3
789 1424 866 1469 sed
888 1439 1057 1484 semper
1077 1426 1450 1484 suspenderentur
1466 1425 1512 1469 in
1531 1424 1719 1470 Domino
1732 1458 1744 1480 ,

355 1509 445 1538 non
465 1492 706 1553 deponeret
727 1509 880 1540 eorum
897 1494 1159 1539 intentiones
1177 1496 1408 1540 necessitas
1424 1494 1746 1540 fulciendarum

354 1565 544 1624 corporis
566 1565 820 1608 ruinarum?
843 1564 1074 1617 Quomodo
1099 1566 1263 1624 putatis
1288 1566 1429 1611 Eliam
1447 1575 1647 1612 sanctum
1671 1581 1747 1610 ac-

354 1635 531 1694 cepisse,
550 1633 729 1694 quando
746 1635 913 1693 accepit
931 1634 1109 1679 calicem
1122 1651 1248 1695 aquae
1266 1646 1310 1681 et
1327 1632 1583 1695 collyridam
1602 1636 1743 1696 panis,

353 1714 404 1749 ut
424 1705 525 1750 satis
547 1705 587 1749 ei
609 1713 719 1749 esset
740 1705 787 1748 in
804 1703 1059 1749 alimentum
1077 1707 1367 1766 quadraginta
1386 1708 1611 1753 dierumv?
1632 1710 1748 1753 Cum

355 1791 512 1835 magna
532 1776 686 1836 utique
707 1775 857 1820 laetitia
884 1794 894 1820 :
920 1778 1022 1836 quia
1044 1786 1221 1836 propter
1249 1777 1448 1824 officium
1479 1780 1580 1824 vitae
1597 1815 1608 1834 ,
1654 1793 1747 1823 non

354 1856 532 1907 propter
546 1848 802 1893 servitutem
823 1848 1213 1907 concupiscentiae,
1239 1850 1535 1895 manducabat
1551 1860 1596 1895 et
1617 1851 1748 1895 bibe-

356 1919 447 1963 bat.
471 1921 503 1963 T
507 1927 607 1963 enta
627 1919 711 1963 hoc
733 1927 938 1978 praestare
954 1953 965 1973 ,
989 1919 1025 1963 si
1046 1920 1204 1977 possis,
1229 1920 1398 1964 homini
1418 1921 1496 1981 qui
1517 1921 1748 1967 beatitudi-

357 2005 458 2034 nem
480 1998 616 2034 totam
634 1999 678 2034 et
699 1988 951 2034 felicitatem
968 1990 1014 2033 in
1028 1990 1165 2048 epulis
1177 2025 1187 2045 ,
1207 1999 1415 2052 tanquam
1425 2007 1556 2052 pecus
1573 1993 1618 2037 in
1636 2009 1749 2053 prae-
1768 2001 1772 2004 ’

358 2061 471 2120 sepi,
491 2060 733 2106 constituit.
759 2059 863 2104 Odit
878 2060 1142 2105 beneficium
1159 2070 1287 2106 tuum
1303 2097 1314 2118 ,
1335 2063 1507 2123 repellit
1528 2080 1551 2109 a
1569 2079 1629 2120 se,
1651 2079 1750 2124 poe-

358 2146 457 2175 nam
467 2140 608 2191 putat.
623 2130 691 2177 Sic
709 2130 806 2175 etin
819 2129 896 2176 illo
909 2131 1055 2176 officio
1064 2132 1297 2191 conjugali,
1312 2133 1534 2179 libidinosi
1549 2135 1749 2180 homines

359 2217 513 2248 uxores
534 2218 626 2248 non
646 2211 826 2262 propter
847 2201 968 2247 aliud
991 2212 1198 2263 quaerunt
1231 2222 1240 2248 :
1266 2213 1310 2249 et
1339 2204 1439 2249 ideo
1469 2205 1539 2250 vix
1567 2204 1746 2250 tandem

360 2274 461 2333 ipsis
478 2276 685 2321 uxoribus
705 2275 900 2320 contenti
921 2283 1037 2320 sunt.
1059 2277 1204 2335 Atque
1226 2276 1394 2320 utinam
1415 2276 1450 2320 si
1473 2276 1643 2321 auferre
1659 2291 1750 2321 non

361 2356 541 2404 possunt
549 2356 624 2392 aut
632 2342 790 2392 nolunt
796 2345 1020 2391 libidinem
1028 2361 1133 2401 ,non
1142 2360 1236 2391 eam
1246 2347 1358 2391 ultra
1371 2346 1575 2407 progredi
1587 2347 1746 2403 sinant,

362 2433 494 2476 quam
514 2419 753 2477 praescribit
774 2418 973 2463 debitum
994 2418 1193 2463 uxorium
1209 2454 1219 2474 ,
1256 2420 1385 2463 etiam
1411 2419 1532 2479 quod
1558 2419 1743 2463 infirmi-

364 2487 441 2531 tati
463 2488 733 2534 conceditur.
761 2488 846 2535 Sed
866 2488 994 2549 plane
1015 2487 1089 2533 tali
1110 2489 1279 2535 homiui
1309 2490 1344 2534 si
1366 2490 1529 2535 diceres
1561 2508 1571 2535 ι
1604 2493 1746 2544 Quare

412 2579 421 2596 ¹
441 2573 553 2615 Philip.
573 2584 621 2617 111,
644 2574 694 2608 18.
723 2591 765 2600 -
790 2582 803 2598 2
821 2575 839 2608 3
857 2577 937 2618 ch.
954 2585 1020 2617 xix,
1041 2575 1075 2607 6.

1846 0 1860 76 -Ξ

1850 400 1852 402 ⁴
1849 362 1858 379 Π
1849 239 1852 297 ι--.
