1898 3178
369 237 507 264 sermo
540 238 687 273 LXVH,
724 238 776 263 Du
811 237 956 264 VEnBis
987 233 1150 264 MAT‘rff
1190 238 1248 263 xi.
1417 227 1500 265 ‘269

124 310 291 360 posset,
312 301 393 345 nisi
408 301 684 345 resuscitatus
702 310 825 345 esset.
849 305 965 360 Ergo
983 302 1028 346 in
1050 299 1318 346 confessione
1341 302 1405 345 sui
1428 317 1501 346 ac-

119 371 283 415 cusatio
298 406 309 424 ‚
330 371 407 414 Dei
425 370 620 414 laudatio
641 379 720 415 est.

176 445 258 485 111.
290 441 401 484 Dicit
422 456 526 500 ergo
549 441 703 501 aliquis
730 460 739 486 ι
769 441 886 494 Quid
907 442 1082 500 prodest
1104 442 1296 487 Ecclesia
1313 477 1324 497 ‚
1355 444 1389 487 si
1414 444 1501 503 jam

116 509 336 555 confessor
363 526 470 555 voce
493 511 719 555 Dominica
747 513 1024 556 resuscitatus
1056 512 1234 572 prodit?
1255 513 1371 566 Quid
1400 529 1503 572 pro-

115 581 212 626 dest
233 581 425 627 Ecclesia
446 583 702 637 confitenti,
743 583 815 627 cui
836 583 1046 627 Dominus
1075 585 1133 628 ait
1161 604 1170 629 z
1193 603 1213 626 «
1234 587 1342 637 Quae
1363 584 1502 629 solve-

118 669 139 694 »
174 653 263 697 ritis
285 653 331 696 in
349 662 460 697 terra
474 688 484 708 ‚
507 652 647 698 soluta
671 662 802 697 erunt
818 662 861 697 et
882 654 927 697 in
944 653 1059 698 coelo
1074 657 1121 698 ¹?
1146 673 1165 695 »
1193 657 1341 715 Ipsum
1367 659 1502 700 Laza-

116 738 215 767 rum
230 723 426 768 attende:
444 738 545 768 cum
558 722 742 768 vinculis
756 723 916 783 prodit.
931 727 956 768 J
959 740 1026 768 am
1040 725 1215 769 vivebat
1226 727 1477 770 confitendo
1490 747 1500 782 3

115 793 192 838 sed
223 793 422 838 nondum
460 794 573 838 liber
605 793 860 838 ambulabat
875 829 887 849 ‚
923 795 1108 839 vinculis
1143 796 1350 841 irretitus.
1390 797 1503 849 Quid

114 878 216 922 ergo
246 864 352 909 facit
374 864 565 909 Ecclesia
581 900 592 919 ‚
617 866 688 909 cui
714 865 881 909 dictum
904 875 967 909 est
989 884 998 910 z
1028 884 1048 907 «
1067 869 1175 919 Quae
1203 865 1413 911 solveritis
1431 884 1502 912 so-

116 954 137 978 »
171 936 265 980 luta
284 938 443 980 erunt?
465 954 485 977 »
510 937 592 980 nisi
614 936 735 996 quod
757 937 815 981 ait
833 938 1043 981 Dominus
1066 938 1276 983 continuo
1298 940 1354 983 ad
1375 939 1504 983 Disci-

115 1006 242 1066 pulos
263 1025 272 1051 :
297 1026 317 1049 α
339 1006 501 1052 Solvite
522 1006 647 1050 illum
663 1042 673 1061 ‚
699 1016 742 1051 et
759 1007 885 1051 sinite
903 1007 1068 1052 abire2.
1093 1026 1113 1049 »

100 1078 116 1095 ⁸
172 1080 248 1121 IV.
271 1078 369 1123 Sive
391 1093 494 1136 ergo
516 1093 594 1122 nos
613 1093 886 1133 accusemus,
906 1079 993 1122 sive
1016 1082 1156 1123 Deum
1173 1079 1419 1135 laudemus,
1439 1081 1503 1124 bis

114 1150 254 1192 Deum
276 1148 520 1192 laudamus.
536 1149 578 1193 Si
601 1149 670 1208 pie
692 1164 770 1193 nos
791 1164 1064 1205 accusamus,
1086 1153 1224 1194 Deum
1243 1151 1396 1211 utique
1409 1150 1504 1195 lau-

112 1218 283 1262 damus.
307 1218 495 1271 Quando
519 1222 658 1263 Deum
687 1218 916 1263 laudamus
931 1255 942 1273 ,
967 1230 1177 1279 tanquam
1192 1236 1293 1264 eum
1316 1221 1391 1280 qui
1413 1221 1503 1265 sine

117 1298 296 1347 peccato
318 1297 403 1343 est,
428 1288 715 1347 praedicamus
741 1308 748 1333 :
775 1289 954 1348 quando
976 1299 1122 1334 autem
1140 1305 1218 1334 nos
1241 1291 1354 1350 ipsos
1372 1307 1501 1335 accu-

114 1373 257 1402 samus
273 1393 284 1413 ,
305 1358 344 1402 ei
366 1374 444 1418 per
461 1373 592 1418 quem
614 1359 938 1414 resurreximus,
961 1358 1141 1417 gloriam
1161 1359 1328 1405 damus.
1356 1364 1449 1405 Hoc
1469 1361 1502 1404 si

113 1427 288 1484 feceris,
313 1428 482 1473 nullam
500 1429 772 1474 occasionem
793 1429 960 1473 invenit
982 1430 1182 1475 inimicus
1200 1466 1210 1485 ‚
1236 1448 1323 1491 qua
1350 1441 1390 1475 te
1416 1432 1501 1475 cir-

113 1499 362 1544 cumveniat
386 1508 486 1543 ante
504 1499 713 1559 judicem.
739 1501 851 1544 Cum
873 1499 987 1543 enim
1006 1509 1054 1544 tu
1076 1502 1165 1560 ipse
1182 1499 1314 1545 fueris
1332 1517 1503 1546 accusa—

113 1579 196 1625 tor,
211 1579 254 1614 et
275 1571 486 1615 Dominus
507 1570 742 1627 liberator3
769 1569 875 1629 quid
897 1570 980 1613 erit
998 1570 1071 1614 ille
1088 1571 1170 1615 nisi
1187 1571 1502 1616 calumniator?

112 1641 269 1685 Merito
290 1641 363 1685 ille
385 1642 487 1685 hinc
509 1641 590 1684 sibi
613 1639 796 1684 tutelam
818 1640 1010 1698 providit
1044 1640 1246 1686 adversus
1274 1643 1470 1687 inimicos
1488 1677 1498 1695 ,

113 1726 203 1755 non
224 1712 503 1771 conspicuos,
531 1705 704 1755 carnem
735 1719 779 1754 et
800 1711 1053 1769 sanguinem
1072 1746 1083 1765 7
1108 1711 1396 1755 miserandam
1420 1728 1501 1770 po-

112 1782 214 1838 tius,
230 1781 615 1843 quamcavendam
631 1784 645 1807 3
662 1803 673 1839 3
692 1781 767 1826 sed
784 1782 989 1826 adversus
1010 1781 1108 1826 illos
1131 1782 1328 1827 inimicos
1351 1792 1501 1827 contra

111 1869 221 1912 quos
239 1854 471 1911 Apostolus
499 1868 579 1896 nos
598 1854 799 1896 hortatur
819 1861 870 1895 ut
894 1867 1114 1896 armemur
1135 1873 1143 1896 ;
1174 1872 1193 1893 «
1218 1856 1315 1895 Non
1338 1863 1402 1895 est
1420 1868 1502 1894 no-

113 1940 135 1963 »
170 1922 236 1966 bis
270 1921 522 1966 colluctatio
554 1919 759 1963 adversus
793 1934 967 1962 carnem
991 1928 1034 1962 et
1063 1920 1348 1977 sanguinem’¹
1374 1940 1384 1965 2
1413 1939 1433 1961 »
1457 1921 1500 1964 id

112 2002 196 2048 est,
230 1992 434 2037 adversus
459 1991 659 2035 homines
687 2005 796 2050 quos
825 1989 980 2035 videtis
1002 1990 1152 2033 saevire
1187 1991 1230 2033 in
1260 2006 1350 2034 vos.
1391 1993 1500 2035 Vasa

112 2073 232 2118 sunt,
265 2064 372 2108 alius
409 2063 547 2107 utitur
570 2081 579 2107 z
606 2077 768 2121 organa
792 2070 920 2115 sunt,
946 2061 1056 2105 alius
1089 2062 1242 2120 tangit.
1274 2081 1294 2103 «
1318 2062 1501 2106 Immisit

115 2151 136 2175 »
170 2150 239 2190 se,
270 2134 438 2194 inquit,
465 2133 666 2179 diabolus
689 2132 733 2175 in
772 2147 846 2176 cor
870 2131 1019 2186 Judae,
1058 2141 1106 2176 ut
1130 2133 1321 2176 traderet
1353 2133 1500 2176 Domi-

115 2222 136 2244 »
171 2207 321 2248 num5.
347 2223 367 2246 »
394 2203 466 2248 Ait
487 2203 642 2262 aliquis
664 2219 672 2243 ε
705 2202 818 2255 Quid
853 2217 956 2260 ergo
979 2217 1058 2259 ego
1089 2202 1202 2246 feei?
1225 2202 1339 2246 Audi
1358 2205 1500 2261 Apos—

113 2272 253 2317 tolum
277 2293 285 2316 :
310 2293 329 2314 «
354 2276 506 2331 Neque
530 2272 641 2316 detis
662 2271 808 2316 locum
824 2271 1045 2315 diaholofi.
1074 2290 1094 2313 »
1123 2275 1188 2316 Tu
1211 2271 1323 2315 mala
1341 2272 1500 2316 volun—

113 2352 201 2387 tate
222 2343 369 2386 locum
391 2340 549 2385 dedisti
575 2360 584 2384 :
609 2343 809 2395 intravit,
844 2341 1035 2401 possedit
1053 2377 1063 2396 ‚
1104 2342 1256 2385 utitur.
1291 2342 1333 2386 Si
1354 2341 1498 2386 locum

113 2429 204 2458 non
218 2413 342 2457 dares
357 2447 368 2467 ‚
393 2427 482 2456 non
499 2410 751 2469 possideret.

164 2515 173 2532 ¹
200 2509 314 2541 Matth.
332 2519 402 2547 χνῐ,
424 2519 522 2550 19-
542 2512 555 2528 2
580 2508 674 2538 Joan.
695 2517 738 2545 xi,
757 2503 858 2547 44—-
873 2504 886 2528 3
905 2506 1013 2538 Florus
1029 2506 1068 2538 acl
1084 2505 1199 2549 Ephes.
1219 2517 1265 2539 v1.
1289 2524 1328 2530 —-—
1350 2500 1366 2531 4
1380 2509 1496 2550 Ephes.

117 2578 161 2607 vi,
191 2576 237 2597 12.
258 2582 298 2587 —
319 2562 332 2587 5
349 2566 577 2604 Joa11.x111,2.
609 2580 642 2585 -—
661 2561 675 2584 0
698 2562 818 2605 Eplies.
844 2575 890 2603 iv,
913 2572 966 2605 25.
