1898 3178
344 227 484 255 sERMo
516 225 725 264 Lxxxvm,
760 226 815 254 DE
846 226 992 255 vmms
1023 221 1189 252 ΜΑΤΤΗ.
1226 224 1302 251 xx.
1432 211 1519 252 463

138 292 371 347 Jeremias,
400 291 603 336 clamavit
631 291 845 335 Ezechiel.
869 291 1103 336 Videamus
1139 291 1273 335 sihoc
1294 290 1374 348 ipsi
1402 287 1521 334 fece-

138 371 269 417 runt,
303 362 339 406 si
366 361 622 405 dimiserunt
647 360 860 420 populum
890 362 993 416 Dei,
1019 370 1062 406 et
1083 376 1127 405 se
1156 358 1211 404 ad
1240 368 1387 417 gentes
1420 358 1522 403 alias

137 431 466 477 transtulerunt.
491 434 632 485 Quam
645 431 784 476 multa
805 441 849 476 et
868 447 1002 492 quam
1017 433 1299 477 vehementer
1315 433 1339 474 J
1343 430 1522 474 eremias

137 504 376 563 increpavit
395 503 442 547 in
462 512 709 563 peccatores
731 511 775 547 et
793 502 1021 548 sceleratos
1042 502 1195 562 populi
1214 502 1296 546 sui.
1315 503 1434 545 Inter
1448 516 1520 546 eos

137 582 286 619 tamen
307 582 422 629 erat,
444 588 585 617 unum
621 588 722 618 cum
756 572 840 617 illis
870 572 1084 632 templum
1121 572 1310 616 intrabat
1328 605 1340 626 ,
1371 570 1523 615 eadem

137 653 404 690 sacramenta
444 643 691 689 celebrabat
733 663 742 688 :
782 644 828 687 in
865 659 914 688 ea
954 644 1184 688 hominum
1216 640 1524 687 sceleratorum

137 714 471 774 congregatione
492 714 689 770 vivebat,
715 713 791 759 sed
806 713 1036 758 clamando
1052 714 1195 758 exibat
1212 712 1329 757 inde.
1351 715 1445 757 Hoc
1462 720 1526 756 est

137 785 251 829 exire
265 784 368 829 inde
383 819 394 840 ,
418 785 502 830 hoc
520 794 584 830 est
603 783 882 829 immundum
900 799 991 828 non
1007 794 1206 843 tangere,
1233 792 1277 828 et
1299 781 1525 828 voluntate

136 870 227 902 non
248 855 513 911 consentire,
539 865 583 900 et
603 870 677 900 ore
699 871 789 900 non
811 870 1003 915 parcere.
1027 855 1146 909 Quid
1168 855 1307 899 dicam
1329 853 1384 898 de
1406 856 1527 898 Jere-

137 926 244 981 mia,
268 924 323 970 de
343 928 454 970 Isai'a
471 960 483 982 ,
508 925 563 969 de
583 926 764 982 Daniel,
794 926 850 971 de
880 925 1106 982 Ezechiel,
1144 927 1198 970 de
1230 925 1396 969 caeteris
1418 928 1527 969 Pro-

134 996 300 1056 phetis,
324 996 508 1057 quinon
533 1006 803 1042 recesserunt
825 1013 848 1041 a
865 997 1031 1057 populo
1053 997 1186 1052 malo,
1207 1011 1262 1040 ne
1280 995 1528 1040 desererent

135 1066 274 1112 bonos
294 1065 359 1110 illi
380 1066 547 1126 populo
568 1068 848 1124 commixtos,
868 1068 947 1112 ubi
969 1077 1012 1112 et
1030 1068 1111 1127 ipsi
1132 1067 1239 1112 tales
1256 1081 1346 1111 esse
1367 1075 1526 1125 potue-

136 1139 268 1183 runt?
289 1140 462 1196 Moyses
480 1139 586 1198 ipse,
604 1137 774 1195 fratres,
792 1154 893 1184 cum
911 1139 1126 1198 acciperet
1141 1138 1282 1197 legem
1298 1137 1344 1181 in
1357 1145 1524 1192 monte,

135 1208 325 1269 populus
365 1208 570 1254 deorsum
606 1210 774 1255 idolum
814 1210 932 1255 fecit.
965 1210 1159 1270 Populus
1198 1209 1300 1265 Dei,
1339 1207 1528 1268 populus

135 1281 296 1324 ductus
314 1279 571 1325 cedentibus
594 1281 801 1326 fluctibus
825 1281 967 1325 Rubri
999 1280 1153 1336 maris,
1194 1280 1271 1341 qui
1292 1289 1526 1340 sequentes

137 1351 334 1396 inimicos
351 1351 588 1396 obruerant
601 1386 611 1406 ,
629 1361 728 1411 post
744 1361 863 1396 tanta
881 1353 1001 1410 signa
1019 1361 1062 1397 et
1078 1351 1288 1396 miracula
1304 1352 1350 1395 in
1363 1353 1532 1410 AEgyp-

136 1422 296 1465 tiorum
317 1421 454 1480 plagis
476 1422 529 1465 ad
552 1431 739 1466 mortem
754 1456 766 1477 ‚
790 1431 834 1466 et
854 1423 899 1466 in
930 1438 1007 1466 sua
1029 1422 1301 1482 protectione
1328 1421 1384 1466 ad
1412 1421 1530 1465 salu-

136 1485 254 1546 tem,
285 1499 432 1534 tamen
463 1490 634 1536 idolum
666 1491 891 1551 poposcit,
928 1490 1096 1536 idolum
1125 1492 1327 1547 extorsit,
1361 1490 1528 1535 idolum

137 1558 241 1604 fecit
256 1594 268 1615 ,
293 1559 462 1604 idolum
500 1559 717 1615 adoravit,
751 1559 871 1605 idolo
906 1560 1175 1605 sacrificavit.
1208 1560 1379 1606 Indicat
1414 1563 1530 1605 Deus

137 1631 304 1676 famulo
326 1646 405 1676 suo
440 1631 591 1692 populi
612 1631 803 1687 factum,
829 1640 873 1675 et
893 1630 1000 1676 dicit
1028 1647 1100 1676 eos
1132 1647 1176 1676 se
1207 1631 1484 1691 perditurum
1506 1647 1530 1675 a

137 1701 247 1746 facie
266 1716 357 1746 sua.
374 1693 799 1760 Intercedit‘lvtoyses
818 1701 873 1746 ad
889 1702 1032 1761 ipsum
1050 1701 1265 1762 populum
1280 1701 1499 1746 rediturus
1517 1720 1525 1746 :

138 1781 181 1816 et
192 1771 348 1816 habuit
361 1772 632 1816 occasionem
646 1771 879 1816 recedendi
896 1780 940 1816 et
956 1772 1144 1816 exeundi
1165 1771 1220 1815 ab
1236 1772 1315 1827 eiS,
1333 1773 1443 1816 sicut
1460 1772 1529 1816 isti

139 1841 413 1900 intelligunt,
437 1857 493 1895 ne
511 1841 792 1886 immundum
814 1851 1032 1899 tangeret,
1058 1857 1113 1886 ne
1149 1857 1251 1886 cum
1283 1841 1443 1887 talibus
1460 1842 1528 1887 vi-

141 1921 288 1971 veret3
309 1927 401 1957 non
421 1911 527 1956 fecit
548 1921 709 1956 tamen.
727 1914 785 1956 Et
807 1927 862 1955 ne
878 1911 993 1956 forte
1013 1913 1097 1955 hoc
1117 1912 1369 1956 necessitate
1386 1913 1530 1972 potius

142 1999 276 2044 quam
308 1984 518 2028 charitate
541 1981 691 2028 fecisse
723 1982 967 2037 videretur,
992 1982 1153 2027 obtulit
1182 1982 1246 2026 illi
1263 1986 1377 2027 Deus
1399 1983 1533 2028 alium

142 2053 358 2115 populum
383 2072 393 2098 z
422 2072 444 2096 «
468 2053 642 2098 Faciam
667 2063 710 2098 te
728 2088 740 2110 ,
763 2053 928 2113 inquit,
950 2053 993 2097 in
1015 2063 1190 2113 gentem
1223 2056 1449 2112 magnam1
1476 2073 1486 2099 ι
1509 2071 1530 2096 >)

144 2135 197 2170 ut
213 2124 310 2170 illos
330 2123 509 2168 deleret.
528 2127 584 2169 At
596 2124 669 2169 ille
686 2140 776 2170 non
798 2125 980 2184 accepit,
1001 2125 1192 2170 cohaeret
1214 2124 1530 2184 peccatoribus,

148 2197 258 2257 petit
275 2211 355 2256 pro
376 2196 690 2255 peccatoribus.
716 2199 774 2240 Et
795 2194 1019 2256 quomodo
1031 2197 1180 2255 petit?
1197 2198 1353 2254 Magna
1372 2196 1534 2255 proba-

106 2307 110 2310 .
150 2267 214 2312 tio
234 2265 500 2321 dilectionis,
521 2264 689 2312 fratres.
715 2266 948 2320 Quomodo
970 2267 1110 2326 petit?
1135 2265 1288 2311 Videte
1306 2265 1426 2311 illam
1443 2301 1454 2322 ,
1479 2266 1535 2311 de

151 2353 239 2398 qua
259 2352 372 2396 saepe
390 2335 527 2382 locuti
560 2351 732 2393 sumus,
754 2347 995 2382 maternam
1016 2336 1209 2397 quodam
1231 2336 1364 2382 modo
1391 2337 1535 2382 chari-

151 2417 302 2453 tatem.
326 2410 439 2453 Cum
461 2410 575 2452 Deus
595 2408 834 2454 minaretur
854 2407 1061 2467 sacrilego
1081 2407 1247 2468 populo
1263 2442 1275 2463 ‚
1300 2408 1370 2468 pia
1396 2407 1537 2465 Moysi

154 2479 316 2525 viscera
337 2487 634 2536 tremuerunt,
672 2482 877 2540 opposuit
898 2494 942 2525 se
962 2494 1041 2539 pro
1073 2477 1159 2524 illis
1185 2478 1422 2524 iracundiae
1439 2479 1531 2523 Dei¹

204 2572 214 2590 ¹
239 2566 342 2599 Exod.
359 2564 456 2608 xxxii,
478 2576 530 2600 ιο.
