1898 3178
342 229 480 258 sEnMo
513 231 608 267 Lxr,
645 232 698 257 DE
732 231 877 258 VERBIS
909 232 1073 259 Marivm.
1111 231 1186 257 vit.
1371 221 1454 257 229

79 310 231 339 aurum
251 329 262 349 ,
288 295 419 339 habes
442 304 669 352 argentum
692 316 703 352 3
729 305 770 339 et
804 296 1070 356 concupiscis
1104 310 1257 339 aurum
1286 304 1329 339 et
1350 311 1457 339 con-

75 365 259 423 cupiscis
279 372 524 423 argentum.
559 366 616 408 Et
647 364 781 408 habes
799 401 809 419 ,
839 375 881 410 et
909 366 1207 425 concupisci83
1231 373 1274 409 et
1302 364 1457 425 plenus

9 432 19 478 k
77 449 120 478 es
135 469 151 490 ,
175 443 218 478 et
239 434 342 478 sitis.
374 433 555 477 Morbus
577 442 663 488 est,
690 443 733 477 et
754 450 843 479 non
865 436 1102 494 opulentia.
1132 438 1242 481 Sunt
1260 435 1459 481 homines

77 504 122 548 in
139 504 292 548 morbo
308 538 319 559 ,
338 504 523 548 humore
540 502 659 562 pleni
680 514 782 548 sunt
797 539 807 559 ,
830 514 873 549 et
891 520 1058 565 semper
1077 507 1243 552 sitiunt·
1266 509 1459 551 Humore

0 578 21 615 i
75 573 193 634 pleni
213 581 342 629 sunt,
369 582 411 617 et
443 574 672 618 humorem
695 574 863 619 sitiunt.
891 576 1123 628 Quomodo
1146 591 1249 636 ergo
1273 575 1460 621 delectas

10 662 21 690 e:
76 645 344 705 opulentiam
362 680 372 700 ,
394 645 469 705 qui
498 645 632 689 habes
652 646 897 705 hydropem
917 648 1313 707 concupiscentiam
1331 649 1349 692 Ρ
1371 649 1461 692 Ha-

76 717 153 761 bes
172 732 274 775 ergo
296 731 474 771 aurum,
495 716 662 761 bonum
683 725 747 761 est
766 735 776 762 :
797 718 949 773 habes,
975 733 1064 762 non
1080 719 1198 763 unde
1221 718 1276 762 sis
1298 718 1458 774 bonus,

75 788 149 832 sed
171 787 288 831 unde
320 787 451 832 facias
480 787 661 832 bonum.
689 788 818 841 Quod
848 789 1037 844 bonum,
1063 790 1209 848 inquis
1229 825 1239 843 ‚
1265 787 1460 834 facturus

1 868 21 901 ἦ,
75 873 169 902 sum
192 859 246 902 de
268 859 402 903 auro?
424 861 521 903 Non
545 857 702 902 audisti
724 858 978 903 Psalmum‘?
1005 877 1026 901 «
1052 859 1274 918 Dispersit,
1300 859 1458 919 inquit,

77 947 98 971 »
133 927 254 972 dedit
279 928 545 988 pauperibus
562 949 573 986 3
593 927 760 987 justitia
783 929 874 988 ejus
901 937 1049 973 manet
1076 928 1121 972 in
1149 927 1355 972 saeculum
1378 943 1461 972 sae·

79 1019 97 1042 »
131 999 261 1043 culi².
291 1017 310 1040 »
342 1001 436 1044 Hoc
457 1008 520 1043 est
549 999 718 1044 bonum
736 1034 748 1054 ,
772 1000 857 1044 hoc
889 1008 954 1043 est
977 1000 1144 1045 bonum
1179 998 1295 1043 unde
1317 1000 1460 1044 bonus

0 1094 9 1121 ρ
73 1085 140 1125 es,
159 1070 340 1130 justitia.
370 1071 413 1115 Si
440 1071 575 1115 habes
596 1070 764 1115 bonum
786 1069 905 1116 unde
928 1070 981 1115 sis
1003 1070 1173 1129 bonus;
1195 1069 1262 1115 fac
1291 1070 1460 1115 bonum

73 1140 127 1184 de
144 1140 260 1185 bono
278 1140 395 1185 unde
412 1155 501 1185 non
524 1155 567 1184 es
590 1140 747 1186 bonus,
761 1141 903 1185 Habes
921 1141 1169 1200 pecuniam,
1190 1155 1335 1200 eroga.
1351 1142 1461 1186 Ero-

8 1242 18 1255 ,.
73 1211 215 1271 gando
236 1212 485 1268 pecuniam,
515 1226 644 1270 auges
660 1212 889 1272 justitiam.
916 1212 1125 1271 Dispersit
1147 1212 1262 1256 enim
1281 1246 1293 1267 ‚
1315 1212 1461 1256 distri-

14 1282 23 1325 ἰ
72 1282 169 1327 buit
186 1318 197 1337 ,
222 1282 341 1326 dedit
363 1283 659 1341 pauperibus,
684 1283 848 1342 justitia
885 1285 977 1343 ejus
1004 1292 1150 1327 manet
1181 1284 1226 1327 in
1248 1282 1457 1327 saeculum

71 1353 231 1398 saeculi.
259 1352 368 1397 Vide
386 1353 494 1413 quid
522 1353 746 1397 minuatur
761 1388 772 1407 ,
799 1363 841 1397 et
864 1353 972 1412 quid
995 1363 1219 1412 augeatur.
1245 1354 1458 1398 Minuitur

0 1448 12 1474 2.
72 1424 270 1483 pecunia,
290 1432 472 1481 augetur
484 1423 664 1482 justitia.
688 1422 805 1467 Illud
823 1423 1035 1467 minuitur
1058 1423 1180 1482 quod
1197 1439 1289 1468 eras
1311 1423 1461 1467 dimis-

71 1508 217 1545 surus,
242 1492 352 1537 illud
376 1493 586 1537 minuitur
609 1493 730 1553 quod
745 1508 838 1537 eras
859 1492 1089 1539 relicturus
1117 1513 1126 1539 ;
1151 1493 1262 1538 illud
1280 1504 1462 1552 augetur

72 1563 191 1623 quod
210 1564 255 1607 in
280 1572 493 1608 felernum
512 1579 555 1608 es
576 1578 860 1623 possessurus.

130 1637 206 1678 IV.
233 1634 472 1679 Consilium
487 1634 544 1678 do
558 1633 781 1679 lucrorum
794 1669 804 1688 ‚
821 1633 938 1678 disee
949 1634 1145 1678 mercari.
1163 1633 1333 1677 Laudas
1346 1634 1463 1678 enim

69 1713 380 1758 mercatorem,
415 1704 490 1763 qui
520 1703 670 1748 vendit
691 1703 953 1763 plumbum,
991 1713 1034 1748 et
1064 1703 1248 1763 acquirit
1276 1719 1459 1755 aurum;

68 1783 112 1818 et
132 1789 221 1819 non
241 1773 392 1817 laudas
416 1782 727 1828 mercatorem,
753 1773 829 1833 qui
856 1782 1006 1831 erogat
1036 1774 1289 1832 pecuniam,
1315 1783 1358 1817 et
1384 1790 1458 1818 ac-

68 1844 201 1904 quirit
217 1845 458 1904 justitiam?
492 1843 576 1888 Sed
606 1858 686 1901 ego
701 1877 712 1897 ,
748 1844 893 1902 inquis
910 1877 921 1897 ,
946 1857 1033 1886 non
1054 1857 1184 1901 erogo
1205 1844 1460 1902 pecuniam,

67 1916 168 1975 quia
191 1930 281 1959 non
310 1915 451 1959 habeo
474 1914 707 1974 justitiam.
741 1917 904 1972 Eroget
937 1914 1195 1973 pecuniam,
1227 1915 1301 1973 qui
1327 1914 1460 1958 habet

63 1985 294 2045 justitiam:
310 1999 389 2042 ego
402 1999 492 2029 non
508 1984 650 2028 habeo
660 1983 872 2043 justitiam
886 2018 897 2038 ,
913 1984 1099 2028 habeam
1116 1983 1186 2028 vel
1203 1985 1450 2044 pecuniam.

67 2057 182 2114 Ergo
209 2055 310 2115 quia
339 2069 428 2099 non
449 2054 583 2098 habes
599 2053 835 2113 justitiam,
867 2053 967 2098 ideo
992 2069 1082 2098 non
1099 2054 1162 2098 vis
1185 2069 1360 2112 erogare
1381 2069 1455 2114 pe·

67 2125 269 2170 cuniam?
299 2126 437 2184 Magis
464 2140 593 2183 eroga
620 2125 876 2185 pecuniam,
902 2133 951 2169 ut
977 2125 1138 2169 habeas
1159 2125 1385 2185 justitiam.
1415 2128 1454 2170 Α

26 2223 28 2225 >
67 2212 154 2256 quo
170 2196 285 2240 enim
300 2195 481 2239 habebis
492 2196 728 2255 justitiam,
747 2196 829 2240 nisi
846 2210 870 2239 a
884 2198 975 2240 Deo
990 2193 1112 2240 sonte
1119 2196 1323 2255 justitiae?
1337 2198 1454 2254 Ergo

68 2266 102 2310 si
119 2267 182 2311 vis
212 2266 376 2310 habere
393 2266 628 2325 justitiam,
657 2275 750 2310 esto
781 2265 1009 2311 mendicus
1032 2265 1132 2321 Dei,
1158 2266 1234 2325 qui
1256 2274 1300 2309 te
1324 2265 1457 2325 paulo

29 2375 31 2377 .
70 2346 167 2381 ante
183 2352 235 2381 ex
250 2336 489 2395 Evangelio
511 2345 561 2381 ut
579 2344 767 2396 peteres,
795 2351 1010 2398 quaereres
1025 2371 1036 2391 ,
1059 2335 1272 2396 pulsares,
1299 2350 1454 2382 mone-

68 2405 157 2451 bat.
196 2406 452 2452 Mendicum
484 2421 611 2450 suum
643 2405 830 2461 sciebat,
875 2416 919 2452 et
947 2420 1047 2450 ecce
1073 2397 1379 2464 paterfamilias
1408 2415 1452 2451 et

70 2490 247 2534 magnus
270 2476 387 2521 dives
402 2512 414 2531 ,
440 2476 687 2520 divitiarum
713 2476 873 2521 scilicet
894 2475 1180 2535 spiritualium
1203 2484 1245 2519 et
1265 2484 1450 2519 aeterua-

116 2565 124 2582 ¹
146 2559 223 2591 Pzal.
250 2571 311 2599 cxi,
329 2571 360 2601 9.
