1898 3178
436 239 518 276 258
867 244 901 272 S.
937 242 1168 273 AUGUSTlul
1201 245 1383 273 Erlscoi’l

433 312 588 373 pillum
610 309 777 372 perdo?
801 308 1032 362 Quomodo
1054 325 1144 354 non
1166 309 1350 354 attendit
1367 324 1542 354 carnem
1559 324 1723 364 meam,
1744 311 1814 354 eui

432 384 490 427 sic
509 392 613 427 nota
653 389 754 425 sunt
787 379 889 424 vilia
909 381 1037 424 mea?
1074 383 1220 440 Ipsum
1256 396 1413 440 corpus
1435 379 1556 441 quod
1581 381 1750 440 percuti
1771 389 1815 424 et

433 453 571 498 occidi
593 459 761 511 potest,
788 449 843 494 ad
865 459 1035 509 tempus
1056 450 1163 495 cinis
1184 450 1264 494 erit
1285 485 1295 505 ‚
1327 451 1374 495 in
1396 460 1609 495 aeternum
1637 451 1818 494 immor-

433 522 516 567 tale
550 523 644 566 erit.
684 519 769 566 Sed
798 519 870 565 cui
902 520 1018 565 hoc?
1054 521 1137 567 Cui
1169 519 1380 565 reddetur
1411 536 1569 580 corpus
1604 519 1658 565 ad
1680 521 1815 565 vitam

429 602 637 637 aeternam
661 593 791 637 etiam
822 592 1011 637 occisum
1032 628 1043 648 ,
1081 600 1358 653 peremptum
1377 627 1387 647 ,
1428 592 1717 652 dissipatum?
1745 592 1816 636 cui

429 662 667 708 reddetur?
688 664 742 708 Ei
762 663 840 723 qui
860 678 952 708 non
973 663 1120 708 timuit
1140 678 1303 723 ponere
1326 663 1513 707 animam
1539 677 1660 707 suam
1678 697 1689 718 ‚
1714 677 1814 707 cum

427 750 517 780 non
536 734 663 779 timet
678 749 734 778 ne
756 733 981 779 occidatur
1003 749 1102 778 caro
1119 749 1210 778 sua,

488 807 564 849 IV.
592 805 768 849 Etenim
786 840 798 860 ‚
828 804 983 849 fratres
1000 839 1011 858 ‚
1027 799 1177 848 ⁴anima
1197 803 1454 848 immortalis
1469 803 1726 863 perhibetur
1743 838 1754 859 ,
1774 812 1817 848 et

427 884 491 920 est
510 873 766 919 immortalis
802 873 1045 919 secundum
1071 873 1309 934 quemdam
1330 874 1510 918 modum
1530 889 1657 917 suum
1684 893 1692 918 :
1715 874 1816 934 quia

427 955 491 991 est
518 945 721 1006 quaedam
743 945 833 990 vita
850 980 860 1000 ‚
886 961 986 1005 quae
1008 954 1152 1005 potest
1168 946 1398 1004 praesentia
1420 961 1496 989 sua
1513 959 1688 990 carnem
1706 945 1817 989 vivi-

426 1017 569 1061 ficare.
592 1020 672 1061 Per
694 1016 884 1060 animam
914 1016 1077 1075 quippe
1099 1031 1199 1060 caro
1219 1016 1340 1061 vivit.
1366 1019 1470 1060 Haec
1487 1016 1576 1060 vita
1596 1016 1707 1060 mori
1725 1031 1816 1060 non

426 1096 569 1147 potest
589 1105 598 1131 ε
619 1095 662 1130 et
682 1085 782 1130 ideo
820 1086 963 1130 anima
985 1086 1241 1130 immortalis
1275 1096 1353 1130 est.
1378 1089 1523 1140 Quare
1556 1103 1660 1145 ergo
1694 1085 1812 1131 dixi:

429 1157 681 1204 Secundum
707 1171 836 1201 suum
864 1156 1078 1201 modum?
1114 1157 1276 1202 Audite
1310 1173 1460 1218 quare.
1501 1157 1718 1211 Quoniam
1754 1166 1818 1201 est

426 1229 628 1290 quaedam
663 1228 962 1273 immortalitas
985 1244 1106 1284 vera,
1130 1229 1433 1273 immortalitas
1463 1245 1562 1288 quae
1586 1238 1649 1273 est
1671 1228 1818 1272 omni-

426 1300 558 1345 moda
584 1298 1000 1344 incommutabilitas
1027 1318 1035 1343 :
1059 1298 1113 1342 de
1138 1315 1225 1360 qua
1252 1299 1358 1343 dicit
1380 1299 1613 1358 Apostolus
1634 1298 1818 1358 loquens

428 1370 484 1416 de
500 1374 591 1416 Deo
609 1389 619 1416 :
646 1389 666 1413 «
687 1370 769 1424 Qui
792 1369 908 1414 solus
938 1370 1071 1414 habet
1100 1369 1471 1415 immortalitatem
1489 1405 1500 1425 ‚
1521 1379 1564 1413 et
1580 1368 1722 1413 lucem
1741 1370 1818 1414 ha-

431 1460 452 1483 »
487 1440 984 1498 bitatinaccessibilem3
1009 1455 1142 1500 quam
1164 1456 1294 1485 nemo
1315 1441 1543 1484 hominum
1574 1439 1710 1494 vidit,
1741 1439 1818 1483 sed

431 1530 452 1553 »
488 1527 568 1556 nec
596 1511 743 1556 videre
778 1519 952 1571 potest:
980 1511 1050 1555 cui
1082 1520 1146 1555 est
1182 1512 1324 1556 honor
1361 1520 1402 1555 et
1428 1511 1564 1570 gloria
1585 1511 1630 1554 in
1659 1510 1818 1555 saecula

432 1600 453 1624 »
488 1582 764 1628 saeculorum.
785 1585 940 1626 Amen.
968 1600 988 1623 »
1022 1581 1064 1626 Si
1082 1596 1184 1639 ergo
1216 1585 1330 1626 Deus
1351 1580 1467 1626 solus
1488 1581 1621 1626 habet
1638 1582 1819 1626 immor-

429 1652 670 1709 talitatem,
696 1661 813 1698 certe
835 1653 978 1696 anima
1000 1651 1193 1697 mortalis
1224 1661 1303 1696 est.
1330 1655 1444 1696 Ecce
1465 1668 1602 1712 quare
1626 1652 1713 1696 dixi
1736 1652 1820 1696 im-

428 1724 656 1769 mortalem
688 1739 778 1768 esse
817 1724 1008 1767 animam
1041 1722 1285 1768 secundum
1316 1723 1499 1767 modum
1532 1739 1675 1767 suum.
1710 1726 1819 1768 Nam

427 1805 570 1855 potest
592 1805 635 1840 et
656 1796 781 1841 mori.
810 1794 1033 1854 Intelligat
1053 1796 1250 1840 Charitas
1270 1797 1438 1850 Vestra,
1463 1804 1507 1839 et
1529 1795 1649 1839 nulla
1673 1810 1819 1855 quaes-

428 1866 489 1910 tio
511 1867 767 1910 remanebit.
803 1866 958 1910 Audeo
986 1866 1130 1909 dicere
1147 1901 1158 1920 ‚
1184 1867 1326 1909 anima
1348 1875 1492 1924 potest
1513 1867 1650 1920 mori,
1677 1875 1821 1924 potest

429 1934 583 1982 occidi.
610 1936 738 1980 Certe
760 1932 1018 1978 immortalis
1039 1943 1117 1978 est.
1154 1937 1268 1979 Ecce
1294 1934 1435 1978 audeo
1463 1934 1629 1990 dicere,
1667 1944 1711 1980 et
1736 1936 1822 1980 im·

431 2006 625 2051 mortalis
646 2015 737 2061 est,
771 2014 814 2049 et
839 2014 982 2064 potest
1005 2004 1145 2049 occidi
1166 2024 1176 2049 :
1198 2014 1240 2048 et
1263 2005 1362 2049 ideo
1385 2006 1473 2049 dixi
1491 2041 1501 2061 ,
1527 2006 1735 2066 quoniam
1758 2015 1821 2051 est

431 2076 633 2138 quaedam
654 2074 974 2130 immortalitas,
989 2076 1073 2119 hoc
1091 2084 1155 2119 est
1176 2075 1428 2120 omnimoda
1443 2076 1819 2121 incommutabili·
1856 2118 1858 2125 ,
1896 2126 1898 2133 A

429 2157 521 2204 tas,
553 2162 684 2208 quam
707 2145 822 2191 solus
849 2149 966 2190 Deus
988 2146 1148 2202 habet,
1174 2144 1229 2190 de
1258 2162 1348 2206 quo
1376 2146 1544 2191 dictum
1566 2156 1630 2192 est
1651 2167 1659 2192 :
1689 2166 1709 2190 κ
1735 2147 1820 2200 Qui

432 2237 452 2260 n
488 2218 604 2263 solus
625 2218 760 2262 habet
781 2215 1199 2261 immortalitatem»)
1219 2219 1327 2261 Nam
1347 2217 1380 2261 si
1403 2217 1546 2262 anima
1564 2233 1654 2262 non
1676 2225 1853 2276 potest÷¹
1896 2271 1898 2275 Ι

433 2292 597 2347 occidi,
635 2289 859 2349 quomodo
881 2288 988 2333 dixit
1016 2288 1109 2348 ipse
1130 2289 1341 2333 Dominus
1372 2303 1474 2332 cum
1501 2297 1682 2332 terreret
1707 2303 1816 2332 nos:

435 2383 456 2405 «
489 2366 604 2407 Eum
619 2362 785 2417 timete,
805 2360 882 2421 qui
900 2368 1157 2419 potestatem
1174 2359 1307 2403 habet
1328 2368 1370 2403 et
1392 2373 1549 2418 corpus
1566 2366 1609 2401 et
1631 2358 1819 2403 animam

435 2453 452 2473 »
489 2433 688 2476 occidere
705 2432 752 2475 in
770 2431 1002 2490 gehenna?
1027 2447 1046 2470 »
1809 2479 1812 2481 Δ

496 2506 544 2546 V.
579 2503 736 2547 Adhuc
757 2501 1026 2555 confirmavi,
1044 2515 1131 2544 non
1153 2499 1260 2544 solvi
1282 2500 1580 2560 quaestionem.
1604 2498 1787 2544 Probavi
1803 2533 1814 2553 ,

429 2574 528 2633 quia
553 2583 694 2633 potest
718 2574 859 2617 anima
897 2571 1036 2616 occidi
1078 2571 1327 2615 Contradici
1353 2570 1591 2629 Evangelio
1623 2585 1712 2614 non
1736 2584 1814 2629 po-
1832 2579 1837 2595 ¹
1855 2585 1896 2630 '‘2-
