1898 3178
417 182 498 219 520
836 189 868 217 s.
907 189 1134 217 Aucus'rrm
1168 190 1347 217 Errseorl

415 257 507 300 bria
522 291 532 310 ,
552 265 751 300 mortem.
773 255 902 307 Quasi
921 263 1163 312 exasperata
1184 264 1247 298 est
1268 255 1335 298 via
1362 274 1370 298 ε
1395 256 1566 314 pigrum
1590 265 1632 299 te
1647 256 1750 301 facit
1776 276 1783 301 :

414 342 503 370 non
523 327 586 370 vis
608 326 745 384 sequi.
782 327 984 384 Sequere.
1013 328 1268 383 Asperatum
1296 334 1359 368 est
1391 326 1511 385 quod
1544 326 1625 369 sibi
1656 327 1788 370 homo

412 395 515 440 fecit
529 432 539 451 ,
564 396 637 440 sed
659 395 895 439 contritum
918 403 980 438 est
997 395 1117 454 quod
1131 396 1326 440 Christus
1347 396 1572 441 redeundo
1589 396 1784 442 calcavit.

414 469 521 511 Nam
543 465 638 524 quis
657 480 746 508 non
774 464 878 508 velit
899 465 961 508 ire
984 464 1039 508 ad
1061 465 1390 510 exaltationem?
1412 468 1573 510 Omnes
1602 466 1790 511 delectat

413 536 625 579 celsitudo
647 555 656 580 :
683 534 758 578 sed
787 535 1008 578 humilitas
1032 535 1188 593 gradus
1210 544 1287 580 est.
1325 536 1438 589 Quid
1465 536 1605 580 tendis
1633 536 1791 594 pedem

412 605 526 648 ultra
547 606 615 647 te?
637 604 801 649 Cadere
828 605 890 649 vis
905 640 915 659 ,
951 621 1038 649 non
1068 606 1312 649 ascendere.
1338 608 1375 649 A
1392 605 1529 663 gradu
1559 606 1724 665 incipe,
1749 615 1793 650 et

414 674 656 718 ascendisti.
684 678 820 719 Istum
843 675 1024 733 gradum
1050 674 1304 718 humilitatis
1332 674 1542 719 nolebant
1570 675 1793 719 attendere

415 744 503 788 duo
538 743 602 787 illi
636 744 867 804 Discipuli,
901 745 976 805 qui
1010 744 1248 789 dicebant:
1283 763 1303 786 «
1343 746 1547 799 Domine,
1592 745 1701 804 jube
1744 754 1794 789 ut

418 832 440 856 »
473 829 588 858 unus
604 824 800 859 nostrum
823 816 867 859 in
888 830 1020 874 regno
1053 825 1131 858 tuo
1153 814 1299 859 sedeat
1330 815 1386 859 ad
1407 814 1625 859 dexteram
1645 823 1765 858 tuam
1780 850 1791 870 ,

418 903 438 925 »
475 894 519 928 et
547 884 654 928 alius
686 885 741 929 ad
774 886 988 930 sinistram
1024 895 1145 929 tuam
1166 887 1196 929 1.
1225 904 1244 926 »
1271 885 1591 930 Sublimitatem
1622 901 1794 946 quaere-

416 955 549 1008 bant,
589 955 772 1013 gradum
803 971 892 1000 non
926 955 1149 1000 videbant.
1190 955 1400 999 Dominus
1436 964 1580 999 autem
1608 955 1797 1000 ostendit

417 1023 615 1081 gradum.
641 1026 755 1078 Quid
777 1027 892 1069 euim
930 1025 1182 1084 respondit?
1202 1045 1222 1067 «
1245 1026 1424 1069 Potestis
1446 1026 1596 1069 bibere
1621 1025 1797 1069 calicem

421 1110 588 1154 »quem
613 1110 693 1154 ego
718 1096 934 1140 bibiturus
960 1099 1121 1140 sum?»
1140 1097 1222 1149 Qui
1247 1096 1439 1155 quaeritis
1469 1097 1634 1154 apicem
1662 1095 1800 1139 subli-

421 1165 596 1219 mitatis,
621 1167 800 1224 potestis
823 1166 972 1209 bibere
994 1166 1171 1209 calicem
1192 1165 1478 1209 humilitatis?
1495 1165 1599 1210 Ideo
1625 1180 1715 1209 non
1735 1176 1801 1208 ut-

418 1249 607 1294 cumque
624 1236 682 1279 ait
706 1254 715 1279 ι
739 1255 758 1277 «
779 1236 977 1294 Abneget
998 1251 1041 1279 se
1060 1236 1201 1294 ipsum
1223 1271 1233 1290 ,
1261 1244 1303 1279 et
1324 1245 1531 1294 sequatur
1551 1250 1621 1278 me
1642 1255 1652 1279 ι
1679 1254 1699 1277 »
1725 1234 1800 1278 sed

420 1303 609 1358 addidit,
639 1324 657 1345 «
685 1305 824 1349 Tollat
846 1321 1017 1349 crucem
1037 1321 1156 1349 suam
1170 1340 1180 1359 ,
1206 1314 1249 1348 et
1270 1314 1476 1364 sequatur
1493 1320 1577 1348 me.
1600 1322 1621 1345 »

479 1377 554 1417 IV.
581 1375 696 1427 Quid
714 1384 775 1418 est
801 1395 809 1419 ε
839 1395 859 1417 «
882 1375 1018 1419 Tollat
1038 1390 1210 1419 crucem
1231 1378 1384 1419 suam?
1405 1378 1570 1419 »Ferat
1584 1374 1800 1435 quidquid

419 1443 648 1487 molestum
682 1453 744 1487 est
768 1461 778 1487 .·
804 1445 862 1488 sic
894 1460 962 1488 me
994 1454 1211 1504 sequatur.
1248 1447 1362 1489 Cum
1385 1445 1501 1488 enim
1530 1445 1711 1504 coeperit
1731 1460 1801 1488 me

421 1513 613 1556 moribus
635 1522 677 1556 et
699 1515 924 1572 praeceptis
945 1515 1050 1557 meis
1073 1515 1223 1573 sequi,
1242 1514 1402 1557 multos
1425 1514 1605 1558 habebit
1626 1523 1801 1559 contra-

424 1582 631 1637 dictores,
675 1583 835 1627 multos
862 1584 1042 1626 habebit
1080 1583 1395 1641 prohibitores,
1433 1583 1593 1628 multos
1623 1584 1802 1628 habebit

425 1651 682 1696 dissuasores
700 1688 710 1706 ,
749 1662 792 1696 et
832 1654 913 1696 hoc
947 1654 1001 1696 de
1046 1654 1146 1712 ipsis
1181 1654 1303 1712 quasi
1347 1654 1580 1699 comitibus
1625 1655 1797 1700 Christi.

424 1724 536 1766 Cum
548 1723 720 1766 Christo
733 1723 1034 1778 ambulabant,
1050 1724 1126 1783 qui
1139 1739 1274 1768 caecos
1289 1724 1473 1769 clamare
1489 1725 1796 1784 prohibebant.

425 1792 521 1837 Sive
543 1807 645 1850 ergo
662 1793 797 1836 minas
811 1828 821 1847 ,
838 1793 926 1836 sive
948 1792 1245 1837 blandimenta
1260 1829 1270 1848 ,
1297 1794 1385 1838 sive
1412 1794 1630 1854 quaslibet
1651 1796 1800 1854 prohi-

422 1862 626 1916 bitiones,
648 1862 681 1905 si
699 1864 819 1922 sequi
837 1863 897 1906 vis
913 1897 923 1916 ,
944 1863 988 1905 in
1011 1878 1182 1907 crucem
1200 1872 1341 1921 verte,
1365 1863 1516 1919 tolera,
1537 1873 1661 1923 porta
1675 1899 1686 1920 ,
1711 1865 1800 1909 noli

422 1933 720 1976 succumbere.
750 1933 963 1977 Videntur
991 1934 1055 1977 his
1076 1934 1218 1978 verbis
1247 1934 1419 1979 Domini
1442 1936 1664 1979 exhortata
1686 1951 1803 1979 mar-

425 2003 546 2059 tyria.
578 2004 621 2047 Si
642 2004 885 2062 persecutio
907 2012 986 2059 est,
1002 2019 1148 2048 nonne
1168 2020 1248 2063 pro
1265 2005 1438 2049 Christo
1461 2004 1624 2049 debent
1645 2015 1800 2050 cuncta

421 2072 672 2115 contemni?
690 2075 871 2117 Amatur
888 2072 1077 2117 mundus
1100 2093 1108 2117 ε
1129 2073 1204 2117 sed
1220 2083 1499 2133 praeponatur
1517 2091 1539 2118 a
1557 2090 1645 2134 quo
1662 2075 1801 2120 factus

422 2151 484 2185 est
506 2142 711 2186 mundus.
743 2146 926 2200 Magnus
955 2152 1019 2186 est
1039 2143 1228 2187 mundus
1260 2163 1268 2187 :
1304 2143 1379 2188 sed
1406 2146 1542 2204 major
1575 2154 1638 2188 est
1667 2161 1690 2188 a
1712 2161 1801 2205 quo

422 2213 562 2256 factus
579 2222 642 2257 est
675 2212 880 2257 mundus.
910 2213 1096 2258 Pulcher
1130 2223 1193 2258 est
1219 2215 1408 2260 mundus
1435 2235 1444 2259 ι
1469 2216 1544 2259 sed
1574 2216 1800 2275 pulchrior

421 2290 484 2325 est
501 2297 524 2325 a
545 2298 633 2341 quo
670 2274 892 2328 factus'est
930 2282 1133 2327 mundus.
1159 2283 1349 2328 Blandus
1384 2293 1448 2329 cst
1474 2285 1665 2329 mundus
1691 2305 1701 2330 :
1725 2287 1800 2330 sed

419 2354 589 2397 suavior
623 2362 686 2397 est
715 2370 738 2397 a
778 2369 866 2413 quo
899 2353 1038 2398 factus
1075 2363 1138 2398 est
1169 2354 1372 2399 mundus.
1406 2354 1546 2399 Malus
1573 2364 1637 2399 est
1664 2371 1799 2400 mun-

420 2422 501 2466 dus
526 2441 535 2465 2
561 2431 604 2466 et
635 2424 778 2468 bonus
804 2433 866 2469 est
892 2441 914 2468 a
936 2440 1025 2483 quo
1058 2425 1201 2468 factus*
1230 2435 1293 2469 est
1325 2424 1530 2470 mundus.
1565 2425 1797 2478 Quomodo

481 2512 489 2526 ¹
509 2507 605 2537 Marc.
628 2517 660 2546 x,
681 2507 732 2547 37.
