1898 3178
415 261 500 302 250
847 268 880 298 S.
916 266 1147 300 Avensa-rm
1177 270 1360 299 muscorr

416 357 438 381 »
473 340 564 384 sine
586 347 702 383 tecto
737 336 871 380 induc
897 336 944 380 in
964 335 1144 381 domum
1166 338 1334 380 tuam1.
1362 353 1383 376 »
1404 337 1461 379 Et
1492 343 1639 379 tamen
1671 336 1795 395 pueri

413 410 607 456 evadunt
629 409 684 453 ab
704 407 840 452 oculis
854 407 1099 468 paedagogi,
1116 417 1159 452 et
1180 407 1366 452 redeunt
1379 406 1433 451 ad
1453 406 1597 451 lutum
1618 405 1796 465 furtim3
1855 418 1869 446 t·

415 491 457 526 et
479 480 657 541 quando
685 479 994 535 inveniuntur,
1021 478 1296 525 abscondunt
1322 493 1500 534 manus,
1534 493 1589 522 ne
1615 476 1798 523 videan-
1854 474 1865 570 J

413 554 533 609 tur.)
555 550 666 604 Quia
687 564 789 608 ergo
805 549 943 594 voluit
962 552 1096 606 Deus,
1111 558 1269 609 putant
1285 564 1363 593 nos
1385 549 1654 608 ubicumque
1676 564 1800 609 quae-
1855 574 1863 623 [ἰ

414 637 506 666 rere
529 620 669 677 idola3
691 636 790 680 quae
811 635 912 665 cum
934 620 1249 675 invenerimus,
1268 620 1313 663 in
1336 619 1538 664 omnibus
1556 619 1660 664 locis
1677 617 1799 664 fran-
1854 626 1862 663 ὓ,

415 709 530 753 gere.
557 693 728 746 Quare?
749 694 847 737 Non
884 701 984 736 ante
1007 707 1085 736 nos
1115 702 1217 737 sunt
1240 691 1356 747 loca,
1389 692 1435 734 in
1471 691 1631 752 quibus
1665 693 1800 736 sunt?

413 768 504 810 Aut
523 779 624 809 vere
645 764 896 822 ignoramus
910 763 985 807 ubi
1003 764 1087 808 sint
1104 764 1214 806 ista?
1231 765 1288 807 Et
1308 772 1454 806 tamen
1473 778 1563 806 non
1585 761 1766 807 facimus
1788 782 1796 808 :
1860 781 1861 787 ¹

414 836 516 895 quia
540 849 629 879 non
651 833 773 878 dedit
794 834 839 877 in
862 842 1118 893 potestatem
1149 828 1277 877 Deus.
1300 832 1487 886 Quando
1510 834 1585 877 dat
1616 836 1730 877 Deus
1756 833 1802 876 in
1854 840 1860 876 t

414 907 704 965 potestatem?
722 905 909 958 Quando
932 904 1201 949 Christianus
1224 903 1303 947 erit
1330 905 1454 963 cujus
1477 919 1542 948 res
1564 912 1641 947 est.
1668 901 1801 948 Modo
1852 920 1860 941 v

414 975 579 1019 factum
609 974 748 1019 voluit
770 976 894 1034 cujus
917 990 982 1019 res
1005 983 1082 1018 est.
1123 975 1165 1018 Si
1186 973 1322 1018 nollet
1357 974 1498 1033 ipsum
1529 973 1676 1018 locum
1699 972 1801 1017 dare
1852 970 1869 1026 s:

414 1046 620 1090 Ecclesiae
633 1081 643 1101 ‚
669 1055 713 1090 et
734 1055 906 1090 tantum
918 1046 1094 1105 juberet
1110 1045 1155 1088 in
1171 1060 1216 1088 re
1235 1060 1310 1088 sua
1327 1060 1414 1088 non
1432 1060 1520 1088 esse
1537 1043 1676 1102 idola3
1695 1053 1801 1104 puto
1857 1048 1869 1102 ᾗ,

414 1117 517 1176 quia
539 1116 692 1160 debuit
727 1130 895 1160 summa
919 1115 1150 1160 devotione
1173 1116 1265 1159 fieri
1282 1151 1292 1171 ,
1319 1124 1369 1159 ut
1391 1131 1414 1159 a
1437 1115 1689 1160 Christianis
1721 1114 1801 1160 ad-
1851 1126 1859 1191 Ι

409 1188 636 1246 juvaretur
657 1187 810 1230 absens
837 1186 1069 1229 christiana
1092 1186 1254 1241 anima,
1280 1201 1380 1246 quae
1398 1186 1446 1230 in
1467 1195 1580 1230 terra
1599 1185 1695 1230 vult
1711 1189 1801 1231 Deo
1857 1211 1867 1230 st

417 1258 572 1317 gratias
594 1273 740 1315 agere,
782 1272 871 1302 non
893 1256 989 1301 vult
1018 1257 1080 1300 ibi
1102 1257 1268 1317 aliquid
1299 1273 1388 1301 esse
1416 1258 1461 1301 in
1493 1258 1801 1303 contumeliam
1856 1260 1867 1303 ι’,ι
1891 1251 1894 1255 ’

414 1330 507 1373 Dei.
535 1330 632 1372 Huc
649 1327 817 1372 accedit
833 1362 844 1382 ‚
871 1328 973 1387 quia
990 1328 1194 1372 Ecclesiae
1222 1327 1343 1372 dedit
1360 1328 1449 1388 ipsa
1471 1328 1581 1372 loca.
1611 1331 1668 1372 Et
1690 1329 1735 1372 in
1757 1343 1802 1372 re
1856 1316 1863 1384 {-

416 1398 621 1443 Ecclesiae
641 1398 757 1443 idola
790 1397 938 1442 futura
960 1400 1111 1443 erant?
1134 1401 1305 1443 Fratres
1321 1434 1331 1453 ,
1355 1413 1454 1442 ecce
1476 1397 1582 1458 quid
1605 1397 1803 1458 displicet
1856 1390 1868 1441 1ῖ

417 1470 615 1528 Paganis.
642 1473 799 1513 Parum
837 1478 899 1513 est
919 1469 1001 1513 illis
1035 1470 1138 1530 quia
1159 1469 1213 1513 de
1247 1468 1358 1513 villis
1385 1469 1576 1529 ipsorum
1605 1482 1695 1514 non
1729 1469 1802 1516 illa
1848 1405 1867 1516 ie

417 1539 633 1595 tollimus,
658 1555 747 1584 non
770 1540 841 1583 illa
863 1540 1102 1598 frangimus
1131 1559 1139 1585 ι
1161 1550 1203 1584 et
1224 1541 1269 1584 in
1285 1540 1442 1584 nostris
1467 1539 1622 1585 volunt
1644 1556 1693 1585 ea
1710 1556 1801 1585 ser-
1865 1569 1867 1574 ·

415 1611 520 1655 vari.
547 1613 710 1656 Contra
732 1610 848 1655 idola
863 1610 1164 1670 praedicamus,
1183 1611 1238 1655 de
1260 1611 1464 1656 cordibus
1482 1610 1554 1656 illa
1574 1610 1766 1656 tollimus
1788 1631 1798 1658 ;
1862 1652 1866 1654 ,
1886 1621 1892 1648 ί

417 1697 564 1725 sumus
589 1691 885 1740 persecutores
907 1682 1126 1727 idolorum
1148 1702 1157 1727 z
1179 1683 1451 1742 profitemur.
1472 1682 1697 1743 Numquid
1714 1696 1802 1726 ser-

415 1753 613 1796 vatores?
635 1754 733 1797 Non
755 1751 865 1796 facio
887 1753 963 1796 ubi
995 1769 1085 1798 non
1105 1769 1306 1813 possum3
1331 1769 1420 1798 non
1441 1752 1554 1798 facio
1582 1753 1661 1797 ubi
1693 1768 1799 1798 con·
1862 1780 1867 1786 -

415 1823 614 1882 queritur
645 1823 850 1868 dominus
887 1824 948 1867 rei
975 1842 983 1865 z
1010 1825 1087 1868 ubi
1120 1834 1266 1869 autem
1289 1825 1382 1870 vult
1413 1825 1532 1879 ficri⁷
1569 1834 1612 1868 et
1644 1825 1800 1882 gratias
1858 1854 1865 1859 «

417 1892 530 1951 agit3
551 1906 648 1936 reus
665 1907 761 1947 ero,
786 1893 820 1936 si
842 1908 933 1937 non
955 1893 1114 1938 fecero.

465 2007 472 2023 ¹
491 2001 563 2032 lsai.
582 2010 671 2041 tvm,
696 2011 726 2043 7.
