1898 3178
64 2654 67 2741 Ξ

65 2747 68 2839 ἱ

66 2841 70 2926 Ι

439 240 576 266 ssnMo
607 241 708 267 evin
729 258 740 277 ,
775 240 829 267 DE
863 239 1007 268 vi-:nssis
1041 242 1132 268 Luc.
1169 240 1243 267 x11.
1438 230 1515 269 601

146 322 167 345 »
202 318 256 348 ne
285 303 520 364 loquantur
551 304 717 348 dolum.
741 324 760 346 »
784 306 860 349 Dic
882 307 1038 350 modo:
1066 309 1174 365 Ego.
1197 309 1312 365 Ergo
1334 306 1423 350 dies
1441 307 1522 350 bo-

143 390 220 419 nos
243 385 286 418 et
303 375 437 419 vitam
455 375 534 429 vis,
554 376 758 420 cohibere
780 376 972 435 linguam
998 386 1117 421 tuam
1140 393 1163 421 a
1187 376 1301 421 malo
1318 392 1406 421 non
1428 378 1490 421 vis
1508 412 1518 432 ,

142 455 185 489 et
207 445 321 489 labia
349 456 423 490 tua
446 461 500 489 ne
521 445 758 505 loquantur
787 447 936 492 dolum
956 452 973 491 P
1001 447 1068 492 Ad
1092 448 1335 492 mercedem
1360 447 1518 502 alacer,

143 515 196 560 ad
215 531 324 574 opus
342 517 477 575 piger.
499 517 554 560 Et
580 517 651 560 cui
681 532 767 561 non
791 519 987 576 operanti
1006 517 1201 561 redditur
1218 524 1408 562 merces?
1427 519 1521 562 Uti—

143 601 242 629 nam
265 587 309 629 in
331 587 462 632 domo
486 596 557 631 tua
572 586 639 631 vel
656 588 851 646 operanti
867 588 1110 632 mercedem
1129 589 1416 633 reddas.Nam
1436 591 1522 633 scio

142 657 243 717 quia
264 673 353 702 non
375 659 572 717 operanti
588 674 677 703 non
700 657 857 703 reddis.
875 662 1045 713 Quare?
1064 660 1173 713 Quia
1195 659 1303 703 nihil
1326 661 1522 719 operanti

142 727 251 771 nihil
273 727 418 772 debes.
444 731 501 773 Et
524 732 636 773 Deus
658 730 883 788 proposuit
906 729 1163 774 mercedem.
1198 733 1338 784 Quam
1357 746 1521 775 mercea-

141 797 271 843 dem?
293 818 311 840 «
337 801 480 843 Vitam
498 810 540 844 et
558 800 647 844 dies
664 801 802 845 bonos
819 836 829 855 ,
850 819 869 842 »
891 816 1019 860 quam
1043 817 1192 846 omnes
1209 802 1516 857 desideramus,

142 878 185 913 et
202 869 255 913 ad
277 885 386 929 quos
407 869 496 914 dies
519 885 667 915 omnes
679 871 825 915 venire
847 886 1071 915 conamur.
1085 873 1337 916 Promissam
1364 888 1520 916 merce-

141 939 239 984 dem
255 941 434 985 daturus
446 951 520 985 est.
539 945 676 995 Quam
690 943 932 986 mercedem
947 944 995 986 ?«
1008 942 1149 986 Vitam
1166 952 1207 986 et
1222 943 1311 986 dies
1328 943 1478 987 bonos.
1497 961 1516 984 »

142 1013 198 1055 Et
220 1012 295 1071 qui
313 1021 414 1056 sunt
436 1012 526 1057 dies
543 1013 679 1058 boni?
697 1013 795 1058 Vita
812 1014 901 1058 sine
923 1014 1034 1068 fine,
1056 1014 1224 1074 requies
1242 1014 1331 1057 sine
1353 1013 1515 1058 labore.

200 1085 300 1127 Vn.
326 1087 528 1143 Magnam
547 1086 790 1129 mercedem
815 1085 1065 1145 proposuit:
1098 1086 1142 1128 in
1165 1094 1283 1129 tanta
1306 1086 1518 1144 proposita

139 1153 358 1208 mercede,
387 1154 608 1199 videamus
632 1155 740 1215 quid
757 1156 893 1216 jussit.
921 1158 1016 1199 Jam
1039 1157 1153 1199 enim
1172 1155 1370 1199 mercede
1388 1164 1518 1199 tantae

141 1224 462 1283 pollicitationis
478 1235 520 1270 et
535 1242 680 1270 amore
699 1227 905 1271 mercedis
927 1228 1110 1281 accensi,
1126 1242 1325 1286 paremus
1340 1227 1519 1286 jussioni

141 1296 231 1354 ejus
263 1296 374 1339 vires
410 1305 576 1341 nostras
592 1333 603 1351 ,
629 1297 784 1352 latera,
823 1297 1018 1342 lacertos.
1062 1299 1191 1350 Quasi
1224 1299 1421 1358 jussurus
1457 1306 1520 1340 est

139 1381 271 1410 onera
301 1368 478 1424 grandia
513 1384 590 1412 nos
620 1377 818 1428 portare,
856 1368 967 1413 sorte
1001 1368 1163 1429 aliquid
1196 1368 1370 1422 fodere,
1409 1367 1520 1412 forte

137 1436 326 1496 aliquam
350 1438 595 1482 machinam
621 1439 813 1497 erigere?
835 1441 932 1484 Non
959 1439 1034 1482 tibi
1061 1438 1187 1498 jussit
1209 1454 1298 1482 rein
1329 1438 1519 1482 laborio-

136 1522 225 1552 sam
243 1542 254 1560 ,
274 1507 346 1551 sed
374 1510 619 1553 membrum
643 1509 763 1569 quod
786 1511 899 1554 inter
921 1511 1064 1554 omnia
1089 1510 1281 1553 membra
1312 1510 1397 1553 cito
1422 1524 1517 1553 mo-

135 1593 208 1623 ves
225 1614 238 1633 ,
282 1579 424 1638 ipsum
462 1580 539 1623 tibi
577 1581 781 1639 praecepit
813 1580 1031 1624 cohibere.
1069 1599 1088 1621 «
1115 1580 1281 1624 Cohibe
1323 1579 1517 1638 linguam

139 1668 160 1692 »
188 1659 306 1694 tuam
326 1665 349 1694 a
372 1651 501 1695 malo.
527 1669 546 1691 »
566 1653 662 1696 Non
680 1660 743 1694 est
756 1650 881 1695 labor
897 1651 1058 1708 erigere
1076 1649 1306 1704 fabricam,
1332 1660 1374 1694 et
1394 1650 1519 1694 labor

136 1730 200 1764 est
224 1730 370 1765 tenere
401 1720 625 1778 linguam?
651 1740 669 1762 «
699 1720 866 1766 Cohibe
894 1721 1090 1779 linguam
1126 1729 1246 1764 tuam
1276 1735 1299 1764 a
1335 1719 1463 1764 malo.
1493 1739 1513 1761 n

134 1790 231 1837 Noli
253 1791 375 1851 loqui
396 1791 670 1836 mendacium
690 1826 701 1846 ,
726 1791 815 1836 noli
838 1791 960 1851 loqui
982 1791 1322 1845 criminationes,
1346 1789 1436 1834 noli
1457 1790 1517 1834 lo-

133 1862 208 1921 qui
242 1861 507 1915 calumnias,
549 1862 638 1905 noli
666 1863 788 1920 loqui
822 1861 926 1907 falsa
967 1862 1239 1915 testimonia,
1273 1861 1362 1906 noli
1394 1861 1515 1920 loqui

132 1930 435 1990 blasphemias.
463 1951 481 1972 ι(
508 1929 885 1988 Cohibelinguam
908 1939 1027 1974 tuam
1051 1948 1073 1972 a
1091 1931 1220 1973 malo.
1242 1931 1388 1972 »Vide
1411 1947 1518 1988 quo-

132 2000 263 2045 modo
284 2001 503 2054 irasceris,
542 2001 573 2044 si
605 2000 701 2059 quis
731 1998 786 2043 de
819 2008 860 2043 te
892 1998 1003 2043 male
1030 1998 1249 2058 loquatur.
1283 1999 1515 2051 Quomodo

131 2072 323 2116 irasceris
350 2071 494 2125 alteri,
520 2070 698 2132 quando
719 2070 773 2114 de
795 2080 838 2115 te
867 2069 977 2113 male
1001 2069 1195 2129 loquitur
1223 2089 1231 2113 2
1257 2070 1314 2113 sic
1336 2069 1515 2114 irascere

132 2142 210 2186 tibi
227 2177 238 2196 ,
266 2141 444 2202 quando
467 2141 521 2185 de
543 2141 678 2186 altero
703 2139 811 2185 male
839 2140 1041 2200 loqueris.
1068 2159 1087 2181 «
1116 2140 1246 2184 Labia
1270 2149 1343 2183 tua
1373 2155 1426 2183 ne
1447 2141 1513 2185 lo-

134 2231 155 2254 »
181 2222 375 2273 quantur
393 2212 559 2258 dolum.
591 2232 609 2254 »
631 2213 761 2266 Quod
783 2221 847 2256 est
864 2211 979 2255 intus
1001 2211 1044 2254 in
1068 2210 1198 2256 corde
1220 2220 1296 2255 tuo
1312 2246 1322 2265 ,
1349 2211 1431 2255 hoc
1446 2210 1513 2255 di-

129 2292 252 2328 catur
273 2283 390 2328 foris.
427 2286 523 2328 Non
546 2282 665 2327 aliud
687 2292 837 2342 pectus
860 2290 1002 2340 tegat,
1028 2290 1071 2324 et
1093 2280 1212 2324 aliud
1240 2280 1388 2339 lingua
1412 2297 1513 2340 pro-

128 2354 254 2398 ferat.
283 2373 303 2396 «
329 2354 504 2398 Declina
530 2370 552 2397 a
575 2353 715 2408 malo,
751 2362 794 2397 et
815 2351 882 2396 fac
910 2352 1088 2395 bonum.
1115 2370 1134 2392 υ
1160 2354 1266 2396 Nam
1290 2351 1511 2411 quomodo

128 2424 324 2468 dicturus
345 2439 441 2468 sum
462 2425 499 2468 ei
523 2440 532 2465 t
560 2424 677 2467 vesti
710 2422 876 2467 nudum
893 2457 902 2475 ,
934 2422 1008 2481 qui
1037 2421 1180 2466 adhuc
1213 2420 1307 2465 vult
1329 2422 1511 2481 spoliare

5 2525 12 2552 t
63 2545 65 2548 ‚
127 2495 356 2540 vestitum?
379 2497 488 2540 Nam
510 2494 584 2554 qui
608 2495 766 2553 premit
789 2494 923 2538 civem
951 2508 1102 2547 suum,
1129 2492 1350 2552 quomodo
1377 2493 1510 2536 habet

128 2565 341 2625 suscipere
363 2566 665 2624 peregrinum.3
687 2567 801 2623 Ergo
823 2579 898 2623 per
922 2563 1141 2618 ordinem,
1165 2564 1282 2622 prius
1301 2583 1319 2605 «
1336 2563 1508 2607 Declina
