1898 3178
398 203 481 242 384
823 214 855 242 5.
893 214 1123 243 ΑυουετιΜ
1154 216 1336 244 1111150011

396 281 487 323 fieri
507 282 534 323 ¹.
560 279 676 332 Quid
691 293 793 337 ergo
811 279 1001 322 mirum?
1020 279 1226 324 Homines
1243 282 1390 335 eratis,
1411 281 1446 324 si
1463 282 1589 325 eratis
1607 281 1684 326 filii
1703 283 1778 327 ho-

394 350 591 400 minum;
615 364 763 394 01111105
786 349 983 393 homines
1006 351 1155 406 eratis,
1190 350 1420 395 mendaces
1442 352 1568 395 eratis
1587 387 1604 407 ,
1638 352 1777 396 omnis

395 421 509 463 enim
534 422 665 464 1101110
683 419 880 464 mendax.
907 419 1088 465 Accedit
1103 421 1224 465 vobis
1241 422 1374 480 gratia
1397 422 1495 476 Dei,
1521 421 1643 466 dedit
1657 422 1778 467 vobis

395 499 651 550 potestatem
672 489 782 534 filios
806 490 881 534 Dei
902 491 1011 534 fieri.
1056 491 1217 536 Audite
1251 507 1404 536 vocem
1427 492 1563 536 Patris
1594 493 1678 536 mei
1707 491 1777 536 di-

392 562 548 605 centis:
567 563 684 619 uEgo
705 560 897 606 dixi:Dii
921 561 1034 617 estis,
1048 570 1091 605 et
1101 561 1176 605 filii
1194 561 1402 605 Altissimi
1415 578 1564 606 omnes
1579 564 1641 606 ².»
1656 565 1777 615 Quo-

392 632 508 675 niam
528 631 726 676 homines
743 631 821 675 filii
843 631 1097 688 hominum,
1122 632 1155 676 si
1178 647 1267 676 non
1288 631 1366 675 filii
1393 632 1600 676 Altissimi
1614 667 1625 687 ,
1650 648 1776 676 men-

391 702 544 760 daces,
569 702 671 762 quia
689 702 828 747 omnis
846 703 978 747 homo
990 701 1190 746 mendax.
1212 703 1255 747 Si
1272 701 1350 745 filii
1367 703 1460 757 Dei,
1481 703 1514 746 si
1535 703 1776 762 813113831-

390 773 548 817 vatoris
568 773 806 832 redempti,
831 773 864 817 si
886 773 1073 833 pretioso
1097 772 1306 830 sanguine
1328 774 1586 832 comparati,
1612 773 1644 817 si
1663 789 1775 833 aqua

391 855 433 888 et
458 845 621 905 Spiritu
636 845 788 899 renati,
801 843 898 889 siad
909 843 1208 888 haereditatem
1228 843 1441 888 coelorum
1459 843 1769 902 praedestinati,

391 916 545 976 utique
564 915 643 959 filii
666 916 758 960 Dei.
779 919 894 974 Ergo
901 917 990 975 jam
1006 914 1081 958 dii.
1103 914 1222 968 Quid
1236 913 1289 958 ad
1307 923 1350 958 te
1371 913 1466 959 vult
1479 915 1776 960 mendacium?

390 986 531 1030 Adam
554 986 670 1030 enim
692 1001 827 1046 purus
848 986 1003 1040 homo,
1045 984 1243 1029 Christus
1274 985 1407 1029 homo
1430 987 1544 1028 Deus
1560 1020 1571 1040 ‚
1609 994 1777 1030 creator

390 1057 530 1101 omnis
553 1066 764 1101 creaturae
786 1060 916 1101 Deus.
953 1056 1094 1100 Adam
1127 1056 1284 1111 homo,
1310 1056 1506 1101 Christus
1528 1056 1661 1101 homo
1683 1071 1775 1100 me—

389 1127 529 1171 diator
546 1128 645 1182 Dei,
662 1126 797 1170 Filius
814 1127 969 1171 unicus
985 1128 1121 1170 Patris
1132 1161 1142 1181 ,
1159 1129 1273 1171 Deus
1288 1127 1434 1172 homo.
1452 1130 1564 1171 Ecce
1579 1136 1629 1170 tu
1646 1127 1776 1185 longe

389 1215 412 1243 a
436 1202 524 1243 Deo
546 1200 702 1253 homo,
728 1207 771 1242 et
792 1201 906 1242 Deus
927 1213 1096 1242 sursum
1118 1197 1248 1257 longe
1272 1198 1326 1242 ab
1343 1199 1520 1243 homine
1540 1217 1550 1243 :
1574 1198 1620 1241 in
1634 1197 1778 1242 medio

386 1287 431 1315 se
454 1271 598 1330 posuit
620 1274 733 1315 Deus
754 1271 903 1315 homo.
925 1274 1123 1329 Agnosce
1144 1270 1383 1326 Christum,
1399 1278 1442 1315 et
1459 1285 1536 1329 per
1552 1270 1773 1314 hominem

388 1341 572 1386 ascende
594 1340 649 1385 ad
672 1344 826 1385 Deum.

447 1415 546 1455 VII.
582 1414 679 1456 Jam
701 1425 802 1469 ergo
826 1411 1031 1461 correcti,
1064 1420 1106 1453 et
1134 1411 1169 1454 si
1191 1409 1357 1468 aliquid
1389 1410 1584 1468 egimus,
1615 1410 1741 1454 mites
1761 1445 1771 1464 ,

389 1492 610 1526 teneamus
627 1479 982 1524 indeclinabilem
1004 1477 1336 1523 confessionem.
1374 1477 1612 1538 Diligamus
1633 1479 1775 1539 legem

387 1552 490 1605 Dei,
516 1561 567 1595 111
589 1551 821 1595 evadamus
842 1549 963 1609 quod
986 1548 1151 1593 dictum
1167 1558 1231 1592 est
1252 1568 1260 1593 :
1283 1551 1390 1592 «Vae
1404 1549 1570 1594 mundo
1585 1550 1639 1593 ab
1652 1566 1776 1594 scan-

390 1640 410 1662 »
437 1620 560 1664 dalis.
586 1639 605 1661 »
642 1623 896 1680 Loquamur
920 1619 1085 1678 aliquid
1105 1618 1159 1662 de
1181 1617 1415 1674 scandalis,
1446 1620 1607 1680 quibus
1642 1635 1774 1664 mun-

387 1690 468 1734 dus
491 1690 645 1750 plenus
670 1699 754 1746 est,
781 1699 824 1734 et
841 1690 1065 1750 quomodo
1082 1690 1358 1734 crebrescant
1381 1689 1605 1746 scandala,
1628 1691 1774 1735 abun-

386 1763 493 1807 dent
514 1778 742 1823 pressurae.
780 1765 982 1806 Vastatur
1005 1761 1220 1816 mundus,
1246 1761 1437 1806 calcatur
1452 1761 1657 1807 torcular.
1675 1763 1769 1818 Eia,

385 1834 629 1878 Christiane
646 1869 656 1886 ,
682 1832 861 1877 00010510
885 1847 1085 1884 germen,
1105 1832 1321 1885 peregrini
1340 1833 1385 1871 in
1407 1842 1545 1885 terra,
1569 1834 1646 1889 qui
1668 1832 1773 1875 civi-

387 1905 517 1939 tatem
535 1896 582 1939 in
598 1895 711 1940 coelo
733 1896 943 1955 quaeritiS,
965 1897 1041 1956 qui
1060 1897 1235 1956 Angelis
1256 1899 1411 1942 sanctis
1433 1900 1585 1944 sociari
1608 1900 1773 1946 deside-

386 1966 485 2010 ratis
501 2001 512 2021 ,
532 1964 760 2024 intelligite
779 1981 853 2010 vos
876 1967 935 2010 sic
955 1968 1121 2011 venisse
1142 1977 1191 2012 ut
1209 1968 1451 2013 discedatis.
1476 1972 1679 2016 'l'ransitis
1696 1988 1772 2031 per

384 2036 628 2092 mundum,
662 2046 868 2081 conantes
893 2038 950 2081 ad
971 2052 1069 2081 eum
1101 2038 1176 2098 qui
1206 2040 1365 2083 creavit
1402 2041 1634 2086 mundum.
1673 2045 1770 2088 Non

383 2123 457 2152 vos
480 2107 742 2167 perturbent
761 2116 972 2151 amatores
996 2108 1178 2168 mundi,
1219 2110 1294 2169 qui
1331 2109 1485 2155 volunt
1524 2112 1570 2156 in
1601 2114 1768 2158 mundo

384 2193 605 2223 remanere
622 2213 633 2233 ,
659 2187 702 2222 et
723 2177 859 2222 velint
880 2177 1049 2233 nolint,
1074 2189 1291 2236 coguntur
1312 2181 1498 2240 migrare
1525 2203 1533 2227 :
1569 2199 1657 2228 non
1692 2199 1767 2227 vos

383 2250 618 2309 decipiant,
639 2264 729 2293 non
744 2248 968 2293 seducant.
990 2252 1202 2294 Pressurae
1220 2250 1312 2295 istae
1329 2268 1417 2296 non
1431 2260 1532 2295 sunt
1546 2251 1762 2298 scandala.

383 2322 405 2363 J
411 2321 493 2363 usti
522 2328 658 2364 estote
673 2354 683 2374 ,
720 2328 763 2362 et
799 2319 1125 2363 exercitationes
1159 2329 1300 2363 erunt.
1340 2319 1579 2366 Tribulatio
1613 2323 1733 2367 venit
1753 2343 1761 2368 :

380 2390 499 2449 quod
516 2390 703 2435 volueris
722 2390 819 2444 erit,
836 2398 911 2433 aut
923 2390 1170 2434 exercitatio
1191 2425 1202 2445 ,
1227 2399 1301 2434 aut
1319 2391 1557 2436 damnatio.
1580 2394 1764 2446 Qualem

384 2470 422 2505 te
444 2461 678 2516 invenerit,
703 2460 800 2505 talis
821 2461 915 2504 erit.
945 2459 1184 2505 Tribulatio
1207 2461 1315 2520 ignis
1337 2471 1401 2507 est
1427 2481 1436 2507 z
1462 2478 1616 2508 aurum
1639 2473 1681 2508 10
1695 2465 1763 2510 in-

428 2555 438 2571 1
454 2549 548 2580 Joan.
571 2558 595 2587 1,
616 2555 666 2579 12.
687 2563 727 2570 —
749 2553 761 2570 2
780 2546 860 2579 Psal.
879 2557 985 2588 mxxxi,
1009 2546 1041 2579 6.
