1898 3178
261 281 399 309 §mimo
435 283 567 318 mur,
603 282 647 307 m
681 279 844 308 MATTH.
882 284 953 320 vr,
990 284 1042 309 DE
1075 280 1197 309 onA'r.
1233 284 1338 309 nom.
1406 273 1484 309 ‘201

113 355 154 389 et
176 347 244 390 vix
266 346 352 389 illic
381 345 599 389 invenitur
620 360 707 388 una
729 361 827 404 quae
846 356 969 390 sonet
996 346 1050 391 de
1072 361 1181 406 pane
1200 345 1455 406 quotidiano
1478 366 1487 392 ε

111 428 161 460 ut
183 417 325 461 omnia
347 431 446 474 quae
465 415 725 473 cogitamus,
754 426 928 475 propter
952 417 1082 460 vitam
1103 415 1297 461 futuram
1324 417 1490 474 cogite-

113 502 221 530 mus.
262 485 378 538 Quid
412 485 526 528 enim
559 485 758 529 timemus
796 501 850 529 ne
885 501 975 530 non
1013 487 1142 531 nobis·
1161 487 1360 531 exhibeat
1380 486 1443 530 illi
1468 522 1479 541 ,

111 557 185 616 qui
225 557 419 616 promisit
462 565 505 600 et
536 556 643 600 dixit
669 575 677 600 :
719 575 738 597 «
768 557 959 609 Quaerite
1002 558 1191 616 primum
1233 573 1414 617 regnum
1449 567 1492 601 et

113 644 133 670 »
163 627 374 686 justitiam
401 627 504 682 Dei,
536 635 579 670 et
601 627 694 671 haec
721 627 865 671 omnia
893 636 1167 686 apponentur
1195 628 1343 672 vobis?
1363 629 1493 673 Novit

112 715 134 739 »
168 699 282 742 enim
305 702 432 743 Pater
452 706 613 753 vester,
632 698 734 758 quia
747 698 828 742 ista
841 699 1075 742 necessaria
1092 707 1194 743 sunt
1210 700 1331 744 vobis
1343 734 1354 754 ,
1374 699 1493 758 prius

111 785 132 810 »
167 783 298 828 quam
324 769 479 827 petatis
501 769 556 812 ab
579 783 645 813 eo.
671 768 861 822 Quaerite
881 769 1072 827 primum
1094 783 1275 826 regnum
1304 778 1346 813 et
1362 769 1491 828 justi-

117 857 137 881 »
169 838 272 882 tiam
287 838 385 893 Dei,
403 847 447 882 et
463 839 556 883 haec
570 839 715 883 omnia
733 847 1010 900 apponentur
1023 838 1187 885 vobis1.
1205 856 1225 879 »
1242 841 1349 883 Nam
1367 838 1493 882 multi

108 909 234 953 etiam
259 909 372 953 fame
395 910 549 954 tentati
572 919 694 965 sunt,
720 919 763 954 et
785 925 941 954 aurum
963 909 1154 964 inventi,
1179 918 1222 954 et
1244 925 1267 954 a
1292 913 1382 954 Deo
1405 925 1494 953 non

107 978 279 1023 deserti.
302 979 497 1023 Perireut
515 979 629 1023 fame
645 1014 656 1034 ‚
681 979 715 1024 si
738 979 954 1023 desereret
971 994 1046 1023 cor
1062 994 1212 1023 eorum
1235 979 1357 1038 panis
1379 979 1494 1022 intc-

108 1048 195 1092 rior
220 1048 515 1108 quotidianus.
542 1052 690 1108 Ipsum
714 1050 899 1093 maxime
917 1049 1169 1093 esuriamus.
1201 1069 1219 1090 «
1237 1049 1355 1092 Beati
1378 1049 1492 1091 0111111

110 1136 131 1158 »
166 1119 241 1177 qui
263 1119 462 1162 esuriunt
492 1128 536 1162 et
558 1119 710 1163 sitiunt
720 1119 959 1178 justitiam,
992 1119 1200 1178 quoniam
1224 1119 1303 1176 ipsi
1331 1126 1497 1161 satura-

110 1206 129 1228 »
165 1188 333 1231 ‘buntur
349 1191 380 1230 2.
406 1206 425 1228 1)
456 1191 600 1232 Potest
622 1197 767 1231 autem
789 1189 1085 1232 infirmitatem
1114 1196 1304 1231 nostram
1326 1187 1493 1230 miseri-

107 1257 295 1301 corditer
306 1257 488 1312 intueri,
507 1267 549 1301 et
562 1258 709 1301 videre
724 1273 824 1312 nos,
845 1259 1067 1317 quomodo
1087 1257 1253 1301 dictum
1268 1266 1328 1301 est
1345 1277 1352 1301 :
1375 1260 1496 1302 «Me-

110 1346 130 1370 »
166 1337 314 1372 mento
333 1329 434 1387 quia
461 1328 600 1387 pulvis
616 1330 811 1372 sumusss.
836 1347 856 1369 »
881 1329 966 1381 Qui
988 1328 1042 1372 de
1068 1329 1247 1387 pulvere
1273 1329 1494 1373 hominem

107 1398 211 1442 fecit
231 1407 275 1442 et
302 1398 508 1442 animavit
524 1433 534 1452 ,
561 1413 639 1457 pro
661 1399 743 1442 isto
765 1399 975 1456 figmento
1001 1399 1187 1442 Unicum
1222 1398 1276 1442 ad
1310 1408 1494 1442 mortem

107 1468 243 1513 dedit.
261 1471 575 1521 Quantumnos
598 1477 736 1523 amet,
760 1468 857 1528 quis
874 1477 1017 1527 potest
1039 1468 1251 1528 explicare
1267 1504 1278 1524 ‚
1302 1472 1398 1527 quis
1420 1484 1495 1527 po-

108 1547 191 1582 test
210 1539 361 1583 saltem
381 1537 510 1597 digne
532 1539 751 1597 cogitare?

109 1706 248 1722 wmmvw
252 1706 461 1722 mmm
467 1705 1310 1723 mmmmmmmmmwnmmmmmmm
1314 1707 1452 1723 WVQWV!
1457 1707 1496 1723 'vv

574 1793 803 1838 SERMO
846 1793 1000 1838 LVIII
1014 1790 1044 1836 4.
1334 1801 1351 1806 ’

109 1909 235 1954 Item
257 1909 305 1954 in
327 1908 507 1954 Matllz.
526 1912 602 1953 VI.
630 1907 689 1954 de
715 1909 946 1953 Oratione
961 1908 1222 1954 Dominica
1236 1945 1245 1961 ‚
1266 1908 1337 1954 ad
1353 1910 1493 1954 Com-

680 1989 910 2038 petentes.

168 2118 203 2158 l.
220 2116 460 2159 SYMBOLUM
477 2112 738 2168 reddidistis,
751 2130 840 2174 quo
854 2114 1046 2159 breviter
1063 2115 1373 2174 comprehensa
1390 2130 1493 2160 cou-

111 2185 272 2228 tint-tur
290 2183 410 2226 fides.
437 2185 530 2226 Jam
554 2194 596 2227 et
620 2193 744 2228 autea
767 2183 851 2228 dixi
871 2185 993 2229 vobis
1008 2220 1018 2240 ,
1049 2185 1169 2244 quod
1194 2185 1253 2228 ait
1273 2185 1492 2244 apostolus

108 2253 294 2298 Paulus:
328 2272 347 2294 «
367 2253 598 2306 Quomodo
629 2255 924 2310 invocabunt,
960 2256 1004 2298 in
1027 2270 1157 2314 quem
1180 2271 1270 2299 non
1293 2255 1491 2300 credide-

111 2342 132 2365 »
167 2333 271 2368 runt
287 2326 330 2366 ⁵?
350 2342 369 2364 »
397 2323 507 2376 Quia
529 2339 631 2383 ergo
652 2325 876 2385 quomodo
899 2325 1102 2370 credatur
1118 2327 1162 2368 in
1177 2329 1340 2380 Deum,
1366 2335 1493 2370 etac-

107 2393 299 2451 cepistis,
323 2402 367 2436 et
393 2394 614 2448 tenuistis,
640 2404 683 2438 et
713 2395 958 2438 reddidistis
981 2415 989 2438 :
1017 2395 1196 2454 accipite
1225 2395 1357 2439 hodie
1379 2411 1492 2456 quo-

107 2462 240 2507 modo
267 2463 496 2508 invocetur
530 2467 660 2508 Deus.
696 2467 792 2524 Ipse
818 2466 952 2508 Filius
974 2499 984 2519 ,
1016 2465 1126 2508 sicut
1156 2464 1357 2521 audistiS‚
1389 2481 1489 2510 cum

156 2554 166 2570 ¹
182 2547 301 2579 Matth.
321 2559 368 2588 vr,
391 2548 446 2580 33.
463 2565 504 2571 —-
525 2556 537 2570 ²
556 2549 601 2580 Id.
624 2560 656 2589 v,
676 2548 708 2579 6.
727 2566 767 2572 -
789 2547 802 2572 3
821 2550 897 2581 Psal.
919 2560 968 2589 cn,
992 2549 1041 2589 14.
1064 2565 1102 2571 -
1120 2548 1136 2578 4
1154 2549 1236 2581 Alias
1253 2548 1295 2590 42
1313 2549 1397 2582 inter
1415 2552 1484 2581 Ho-

108 2600 206 2634 minas
232 2602 283 2634 50.
300 2620 342 2625 -—
364 2601 378 2625 5
399 2605 492 2634 Rom.
518 2614 551 2640 γ.
578 2603 628 2643 14.
