1898 3178
402 201 489 242 426
837 214 870 241 s.
907 209 1140 239 Aucusnm
1172 211 1354 240 Ex‘lscom

400 279 575 335 fratres,
594 279 697 340 quia
719 292 850 338 parva
873 285 917 321 et
937 276 1076 321 facilis
1098 277 1303 337 cogitatio
1324 286 1413 334 est,
1442 286 1595 338 putare
1617 287 1785 338 patrem
1852 307 1853 327 g
1877 269 1898 302 ²²

400 349 590 395 filiorum
608 349 767 393 habere
788 362 929 392 unum
950 346 1090 391 filium
1111 347 1319 407 amplius,
1345 357 1388 392 et
1410 363 1660 407 comparare
1683 348 1785 394 talia

399 420 562 480 praedia
581 434 680 479 quae
695 416 913 478 possideas
931 417 977 461 in
999 426 1210 462 aeternum
1222 452 1233 473 ‚
1249 426 1292 461 et
1312 417 1402 477 ipse
1417 428 1460 462 et
1477 418 1556 463 filii
1570 419 1648 463 tui.
1668 420 1786 472 Quid

399 490 515 536 dieat
537 490 729 545 avaritia,
755 505 846 534 non
867 489 1016 534 habet.
1034 489 1260 535 Clamastis
1282 488 1338 533 ad
1351 489 1482 534 verba
1503 490 1598 534 ista.
1618 490 1786 550 Loqui-

400 561 506 605 mini
524 568 676 605 contra
697 559 814 604 illam
830 595 840 615 ,
861 575 951 604 non
968 574 1044 604 vos
1066 559 1235 614 vineat,
1260 574 1350 604 non
1364 558 1462 619 plus
1477 559 1617 605 valeat
1629 560 1675 604 in
1689 575 1787 605 eor-

398 630 526 674 dibus
547 629 723 686 vestris,
760 644 893 689 quam
916 628 1184 688 Redemptor
1204 638 1359 673 vester.
1397 630 1495 674 Non
1517 629 1615 688 plus
1644 628 1787 674 valeat

397 700 444 743 in
473 700 604 744 corde
633 708 801 755 vestro,
834 714 966 760 quam
993 697 1066 742 ille
1095 698 1171 758 qui
1198 707 1349 743 monet
1376 706 1427 743 ut
1452 713 1624 743 sursum
1655 699 1788 744 corda

395 770 653 815 habeamus.
679 772 775 815 Jam
798 785 901 829 ergo
923 769 1049 814 istam
1066 768 1352 813 dimittamus.

475 844 572 886 XV.
605 842 794 887 Luxuria
821 840 930 902 quid
951 841 1088 886 dicit?
1104 839 1250 893 Quid?
1275 858 1296 882 «
1312 842 1398 884 Fac
1420 854 1522 884 cum
1544 840 1688 885 anima
1712 849 1785 885 tua

400 930 421 954 n
455 912 584 956 bene.
613 930 633 954 »
659 914 771 958 Ecce
794 912 900 958 dicit
927 921 970 956 et
992 911 1230 955 Dominus:
1260 929 1280 952 «
1302 913 1390 954 Fae
1417 925 1518 954 cum
1547 910 1691 955 anima
1712 919 1789 955 tua

400 1000 421 1024 »
456 983 584 1027 bene.
609 1001 629 1024 »
655 984 786 1037 Quod
807 983 887 1028 tibi
910 982 1083 1027 dicebat
1103 979 1274 1026 luxuria
1291 1016 1302 1037 ‚
1326 982 1410 1026 hoc
1433 980 1515 1025 tibi
1536 980 1639 1026 dicit
1656 982 1787 1041 justi—

397 1054 470 1098 tia.
500 1053 584 1099 Sed
606 1055 705 1099 vide
727 1064 769 1099 et
790 1055 861 1099 hic
889 1053 1112 1114 quomodo
1135 1053 1320 1099 dicatur.
1358 1054 1401 1099 Si
1423 1068 1523 1098 cum
1546 1053 1690 1098 anima
1712 1062 1787 1098 tua

396 1123 460 1167 vis
489 1121 629 1167 facere
658 1124 771 1167 bene
789 1159 799 1179 ,
832 1125 1009 1168 attende
1034 1123 1159 1168 illum
1193 1123 1396 1179 divitem,
1422 1123 1498 1183 qui
1527 1138 1578 1166 ex
1607 1122 1788 1168 consilio

395 1193 579 1237 luxuriae
608 1202 651 1237 et
673 1194 863 1237 avaritiae
886 1193 1062 1238 volebat
1084 1209 1186 1238 eum
1211 1194 1353 1238 anima
1386 1209 1463 1238 sua
1493 1194 1604 1237 bene
1625 1192 1784 1238 facere.

400 1264 612 1309 Successit
632 1264 671 1308 ei
693 1265 809 1322 regio
826 1299 838 1319 ‚
860 1273 903 1308 et
922 1280 1013 1309 non
1035 1264 1227 1308 habebat
1242 1264 1320 1307 ubi
1343 1262 1599 1308 reconderet
1620 1261 1788 1308 fructus

395 1350 521 1389 SUOS,
547 1344 590 1379 et
612 1335 671 1379 ait
693 1354 701 1380 z
731 1355 751 1378 «
783 1334 900 1389 Quid
932 1335 1122 1380 faciam?
1155 1350 1245 1379 non
1279 1335 1420 1379 habeo
1442 1350 1532 1393 quo
1564 1334 1783 1393 colligam.

400 1426 418 1449 »
455 1406 609 1449 Inveni
646 1404 757 1464 quid
788 1405 975 1449 faciam:
1002 1404 1225 1448 destruam
1256 1404 1488 1463 apothecas
1516 1413 1708 1458 veteres,
1745 1413 1788 1448 et

399 1494 419 1517 »
455 1491 588 1520 novas
611 1475 856 1530 aedificabo,
874 1484 916 1519 et
938 1474 1118 1533 replebo
1135 1489 1221 1528 eaS‚
1245 1483 1288 1518 et
1310 1473 1453 1518 dicam
1477 1474 1633 1517 animae
1649 1488 1757 1517 meae
1775 1492 1784 1518 ε

399 1565 418 1587 »
454 1546 598 1590 Habes
621 1546 757 1589 multa
780 1545 895 1590 bona
912 1579 923 1600 ‚
940 1543 1187 1606 jucundare
1202 1546 1233 1586 ¹.
1262 1561 1282 1584 »
1305 1542 1422 1588 Audi
1444 1542 1672 1588 consilium
1689 1559 1798 1609 con—>

395 1625 460 1660 tra
481 1615 650 1659 luxuria
673 1633 681 1660 z
711 1633 731 1657 «
755 1614 924 1670 Stulte,
956 1615 1099 1658 anima
1125 1623 1194 1657 tua
1216 1614 1298 1658 hac
1321 1623 1449 1658 nocte
1467 1613 1690 1658 auferetur
1712 1614 1786 1658 abs

397 1705 417 1728 η
444 1697 485 1731 te
505 1707 512 1731 :
535 1702 634 1746 quae
650 1686 917 1745 praeparasti,
930 1686 1051 1745 cujus
1064 1686 1222 1729 erunt?
1238 1706 1253 1726 »
1267 1687 1323 1728 Et
1336 1700 1424 1745 quo
1439 1685 1551 1729 itura
1565 1693 1627 1729 est
1641 1686 1784 1730 anima

393 1757 473 1802 ista
489 1792 501 1812 ‚
527 1773 626 1817 quae
648 1756 870 1800 auferetur
892 1756 948 1800 ab
970 1755 1045 1800 illo
1063 1757 1080 1797 ‘2
1100 1757 1190 1800 Hae
1212 1764 1340 1799 nocte
1362 1754 1600 1811 auferetur,
1626 1765 1669 1800 et
1685 1771 1785 1800 nes-

395 1827 453 1871 cit
473 1843 562 1887 quo
584 1828 697 1871 itura
717 1835 794 1870 est.

452 1897 695 1941 XVLVide
717 1895 851 1940 alium
871 1894 1051 1939 divitem
1072 1894 1363 1950 luxuriosum,
1384 1895 1639 1954 superbum.
1665 1897 1783 1956 Epu-

392 1968 566 2012 labatur
577 1967 772 2028 quotidie
797 1965 1039 2026 splendide,
1057 1975 1100 2011 et
1116 1965 1383 2009 induebatur
1396 1980 1592 2025 purpura
1615 1975 1658 2011 et
1679 1965 1784 2024 bys—

394 2053 472 2083 so:
504 2047 546 2082 et
573 2052 738 2097 pauper
765 2036 986 2081 ulcerosus
1018 2035 1193 2095 jacebat
1228 2034 1283 2079 ad
1311 2037 1489 2095 januam
1509 2071 1520 2091 ‚
1559 2036 1690 2081 micas
1728 2036 1783 2081 de
1848 2066 1851 2068 -

395 2123 542 2153 mensa
560 2107 704 2152 divitis
729 2106 887 2151 frustra
907 2106 1242 2165 concupiscebat
1264 2125 1272 2150 ι
1294 2121 1421 2151 canes
1444 2099 1664 2151 uleeribus
1681 2122 1782 2167 pas-

395 2179 536 2235 cebat,
556 2188 600 2224 et
621 2195 645 2223 a
667 2178 801 2224 divite
823 2193 912 2223 non
929 2177 1232 2238 pascebatur2.
1255 2180 1450 2238 Uterque
1470 2187 1669 2223 mortuus
1690 2188 1752 2223 est
1770 2198 1778 2224 :
1842 2223 1847 2227 .

395 2265 508 2294 unus
525 2264 677 2294 eorum
691 2247 886 2309 sepultus
902 2257 987 2306 est3
1008 2248 1062 2292 de
1085 2247 1219 2292 altero
1234 2247 1341 2308 quid
1360 2247 1528 2293 dietum
1549 2250 1642 2294 estiJ
1660 2267 1680 2291 «
1697 2249 1781 2293 Ab·

398 2337 418 2360 »
452 2319 563 2363 latus
594 2329 658 2364 est
685 2320 740 2363 ab
774 2317 948 2376 Angelis
985 2317 1030 2361 in
1059 2318 1202 2362 sinum
1224 2318 1427 2362 Abrahae.
1464 2336 1483 2359 »
1509 2318 1639 2362 Videt
1661 2317 1782 2364 dives

394 2404 626 2449 pauperem
642 2426 653 2446 ,
678 2390 765 2435 imo
781 2391 871 2450 jam
895 2404 1061 2448 pauper
1087 2388 1265 2433 divitem
1287 2408 1295 2433 :
1319 2388 1534 2433 desiderat
1565 2388 1620 2433 de
1643 2388 1780 2448 digito
1836 2420 1838 2424 ·
1860 2382 1861 2385 Ἴ

395 2458 551 2503 stillam
587 2475 710 2519 aquae
739 2460 783 2504 in
816 2459 1007 2517 linguam
1037 2474 1180 2514 suam,
1219 2459 1272 2503 ab
1308 2458 1383 2504 illo
1417 2459 1493 2518 qui
1521 2458 1778 2504 desideravit

444 2551 453 2565 ¹
481 2546 557 2576 Luc.
579 2556 637 2586 xu,
661 2553 770 2587 10-19.
789 2562 829 2568 —
846 2552 858 2568 ²
878 2544 959 2577 Ibid.
985 2556 1036 2587 ¹9·
