1898 3178
369 260 508 290 sunno
539 257 663 298 xxxi,
697 258 752 286 niz
784 254 930 286 vanius
960 253 1126 287 MA'r‘rH.
1161 257 1238 286 x11.
1400 245 1485 286 295

104 324 288 370 verbum
309 323 495 370 voluerit
517 321 702 382 intelligi
718 323 928 368 Dominus
943 343 955 382 3
968 322 1168 383 quamvis
1182 321 1228 367 id
1246 322 1488 382 exprimere

105 395 321 450 noluerit,
345 402 394 438 ut
414 392 623 453 petendo,
647 392 888 453 quaerendo
905 428 916 449 ,
940 392 1156 453 pulsando
1172 428 1185 449 ‚
1204 393 1240 438 si
1259 391 1367 455 quid
1383 392 1487 437 recti

106 464 349 510 intellectus
372 463 663 523 acceperimus
678 498 690 519 ,
713 479 804 508 non
823 462 967 508 viliter
983 462 1235 508 habeamus.

163 537 243 579 XI.
269 537 364 580 Hoc
385 544 436 579 ut
455 533 725 579 manifestius
755 534 958 587 videatiS‚
985 534 1096 579 illud
1124 534 1337 580 attendite
1368 534 1488 595 quod

107 605 167 649 ait
183 605 299 649 idem
317 605 408 664 ipse
424 605 478 649 de
497 607 520 649 J
526 604 673 649 udaeis.
698 623 718 647 «
740 605 783 650 Si
800 620 890 649 non
905 604 1121 650 venissem
1140 615 1184 650 et
1198 605 1369 650 locutus
1383 604 1490 650 fuis-

108 693 129 717 »
165 690 253 719 sem
291 676 348 719 eis
365 710 376 731 ‚
413 685 640 735 peccatum
662 690 752 720 non
771 674 1024 719 haberent1.
1051 692 1071 716 »
1101 677 1251 735 Neque
1288 676 1404 719 enim
1429 676 1493 720 ita

107 743 276 789 dictum
311 753 398 799 est,
428 754 478 789 ut
510 746 600 789 sine
622 744 714 789 ullo
734 753 914 804 peccato
941 745 1119 789 omnino
1153 744 1287 790 vellet
1307 744 1489 803 intelligi

106 813 278 858 futuros
303 813 436 859 fuisse
461 815 658 869 Judaeos,
683 815 717 859 si
737 829 826 859 non
846 814 1033 859 venisset
1049 823 1093 858 et
1110 814 1282 859 locutus
1304 815 1363 859 eis
1384 814 1493 859 fuis-

108 893 185 928 set.
212 883 369 928 Plenos
400 885 564 944 quippe
586 886 776 938 invenit,
804 893 1092 944 oneratosque
1128 885 1329 944 peccatis.
1355 887 1493 944 Prop-

109 963 173 998 ter
185 952 305 1014 quod
322 953 427 999 dicit
446 974 454 999 :
470 955 652 999 «Venite
665 954 720 999 ad
738 970 808 999 me
826 970 973 999 omnes
987 954 1063 1015 qui
1077 954 1283 999 laboratis
1294 989 1305 1009 ‚
1325 964 1369 999 et
1385 969 1494 999 one-

115 1042 133 1066 »
169 1025 249 1068 rati
272 1025 414 1068 estis2.
443 1042 464 1066 »
492 1025 617 1069 Unde
638 1060 648 1079 ,
674 1025 755 1068 nisi
780 1024 955 1069 sarcinis
985 1033 1262 1083 peccatorum
1291 1033 1334 1068 et
1354 1033 1498 1068 trans-

109 1095 398 1153 gressionibus
422 1096 578 1153 Legis?
601 1096 816 1155 Quoniam
837 1114 857 1137 «
876 1098 964 1138 Lex
983 1095 1256 1150 subintravit,
1280 1103 1331 1139 ut
1352 1095 1497 1140 abun-

112 1182 131 1205 »
162 1162 285 1207 daret
322 1163 529 1207 delictum
548 1166 580 1206 3.
609 1182 629 1204 »
655 1166 768 1208 Cum
801 1179 903 1222 ergo
924 1164 979 1207 de
1001 1178 1044 1208 se
1059 1164 1190 1208 etiam
1219 1163 1321 1208 alibi
1342 1164 1458 1209 dicat
1484 1184 1494 1209 ε

112 1251 132 1274 «
156 1234 263 1280 Non
284 1232 384 1275 veni
401 1247 554 1276 vocare
566 1233 704 1291 justos
719 1267 730 1287 ‚
756 1231 832 1276 sed
866 1242 1111 1291 peccatores
1126 1234 1172 1292 43
1200 1251 1221 1275 »
1246 1235 1469 1294 quomodo
1487 1269 1499 1290 ‚

109 1302 143 1346 si
162 1316 252 1346 non
272 1301 458 1346 venisset
480 1336 490 1356 ‚
516 1309 746 1360 peccatum
778 1317 867 1345 non
898 1302 1113 1346 haberent
1129 1337 1139 1357 ‚
1175 1302 1257 1347 nisi
1278 1304 1379 1363 quia
1400 1319 1499 1348 sen-

109 1372 245 1415 tentia
265 1371 344 1415 ista
367 1386 448 1415 nec
470 1371 774 1415 universaliter
801 1385 884 1415 nec
907 1370 1248 1430 particulariter,
1279 1373 1355 1416 sed
1374 1373 1500 1418 inde-

110 1442 230 1485 finite
247 1442 526 1501 pronuntiata
545 1457 635 1485 non
655 1456 786 1485 omne
803 1450 1032 1500 peccatum
1053 1441 1169 1500 cogit
1189 1442 1398 1501 intelligi?
1413 1444 1498 1489 Sed

111 1511 238 1571 plane
255 1511 337 1556 nisi
356 1511 535 1572 aliquod
553 1521 782 1571 peccatum
803 1511 1164 1571 intellexerimus3
1184 1512 1304 1573 quod
1321 1529 1411 1558 non
1426 1515 1501 1559 ha-

111 1583 265 1626 berent
282 1617 293 1638 ‚
318 1582 400 1627 nisi
431 1583 628 1628 Christus
649 1582 836 1627 venisset
858 1592 901 1627 et
923 1582 1098 1627 locutus
1120 1583 1180 1627 eis
1209 1581 1361 1628 fuisset
1376 1618 1388 1639 ‚
1413 1583 1498 1628 fal-

111 1665 223 1706 sam,
249 1652 370 1711 quod
402 1652 535 1706 absit,
570 1652 829 1696 sententiam
862 1666 952 1696 esse
987 1652 1242 1695 diceremus.
1268 1655 1368 1698 Non
1395 1668 1500 1713 ergo

114 1722 172 1766 ait
199 1740 208 1766 z
236 1722 278 1766 Si
300 1737 391 1765 non
404 1721 615 1765 venissem
640 1731 683 1765 et
702 1720 876 1765 locutus
898 1719 1072 1765 fuissem
1094 1721 1153 1765 eis
1170 1756 1181 1776 ‚
1207 1721 1381 1766 nullum
1397 1738 1502 1782 pec-

114 1802 256 1836 catum
281 1791 493 1834 haberent
516 1810 524 1835 :
550 1805 606 1834 ne
627 1791 796 1834 Veritas
818 1790 1092 1835 mentiretur.
1112 1793 1202 1836 Nec
1219 1807 1366 1836 rursus
1389 1792 1500 1837 defi-

114 1861 204 1905 nite
226 1859 333 1904 dixit
353 1879 362 1905 2
384 1860 426 1906 Si
447 1866 538 1905 non
557 1860 772 1904 venissem
790 1868 833 1904 et
852 1860 1026 1905 locutus
1048 1859 1224 1905 fuissem
1247 1862 1306 1905 eis
1320 1896 1331 1916 ‚
1356 1863 1503 1922 quod-

115 1930 214 1975 dam
235 1939 462 1990 peccatum
495 1946 585 1975 non
617 1931 830 1974 haberent
855 1949 864 1974 :
890 1946 945 1974 ne
966 1931 1090 1990 pium
1120 1930 1314 1975 studium
1341 1947 1498 1991 parum

116 2010 401 2045 exerceretur.
436 2004 489 2044 In
511 2000 631 2044 omni
652 2001 814 2060 quippe
837 2001 961 2059 copia
991 2000 1311 2059 Scripturarum
1333 2012 1504 2048 sancta-

116 2085 214 2114 rum
235 2070 452 2129 pascimur
485 2070 640 2129 apertis
658 2104 668 2124 ,
706 2084 957 2114 exercemur
994 2070 1188 2114 obscuris
1213 2090 1222 2115 :
1248 2069 1336 2115 illic
1367 2071 1504 2117 fames

117 2139 293 2200 pellitur
309 2175 321 2195 ,
344 2140 415 2184 hic
443 2138 679 2184 fastidium.
708 2139 820 2193 Quia
839 2156 942 2200 ergo
964 2156 1054 2185 non
1071 2150 1134 2185 est
1162 2140 1328 2185 dictum
1354 2161 1364 2188 ι
1395 2145 1502 2187 Pec-

117 2220 261 2255 catum
292 2210 464 2255 nullum
491 2211 704 2255 haberent
729 2232 740 2269 3
764 2227 854 2256 non
871 2212 1202 2271 perturbemur,
1227 2227 1328 2256 cum
1350 2227 1506 2272 pecca-

119 2290 232 2325 tores
254 2280 445 2336 Judaeos,
466 2281 630 2325 etiamsi
646 2282 856 2326 Dominus
878 2297 968 2327 non
984 2282 1188 2337 venisset,
1213 2284 1502 2340 agnoscimus.

84 2393 93 2403 ,
122 2351 206 2396 Sed
226 2361 373 2395 tamen
391 2352 490 2412 quia
506 2351 672 2395 dictum
695 2361 759 2396 est
776 2371 784 2396 :
805 2371 826 2395 «
853 2353 895 2397 Si
917 2368 1007 2397 non
1028 2353 1254 2408 venissem,
1271 2363 1505 2413 peccatum

123 2439 144 2462 n
169 2431 259 2465 non
275 2421 486 2464 haberent
508 2439 517 2465 :
541 2420 678 2464 »inde
695 2436 866 2466 necesse
886 2430 948 2466 est
967 2422 1133 2466 etiamsi
1149 2437 1239 2466 non
1257 2437 1406 2479 omne,
1423 2423 1505 2468 ali-

121 2489 241 2549 quod
257 2499 402 2534 tamen
419 2506 490 2535 eos
508 2505 557 2533 ex
580 2491 770 2536 adventu
797 2492 986 2547 Domini,
1009 2492 1129 2552 quod
1152 2507 1241 2537 non
1263 2492 1499 2550 habebant,

168 2578 174 2592 ¹
198 2578 288 2607 Joan.
307 2587 359 2612 xv,
380 2583 433 2606 22.
452 2592 494 2598 —
510 2582 521 2597 ²
541 2575 652 2605 Matri».
675 2587 718 2612 xi,
738 2576 792 2606 28.
816 2574 884 2597 -3
906 2578 991 2606 Rom⁴
1011 2586 1044 2615 v,
1064 2584 1118 2607 20.
1142 2593 1181 2598 —
1202 2577 1216 2603 =i
1236 2578 1347 2609 Matth.
1370 2589 1416 2617 ix,
1442 2579 1489 2610 13,
