1898 3178
91 282 193 384 S.
262 280 591 382 AUR.
649 276 1455 384 AUGUSTINI

413 490 811 529 HIPPONENSIS
856 492 1132 530 EPISCOPI

446 652 1114 740 SERMONES

301 862 472 939 AD
559 864 1258 946 POPULUM.

585 1189 935 1246 CLASSIS
976 1191 1021 1243 Ι.

276 1364 661 1411 SERMONES
711 1365 798 1409 DE
852 1364 1300 1412 SCRIPTURIS.

101 1553 589 1571 mmmmm

558 1693 787 1739 SERMO
830 1694 1022 1741 XL‘V11.

103 1852 165 1894 De
188 1849 434 1895 Pastoribus
450 1884 461 1905 ‚
488 1850 534 1893 in
555 1850 772 1895 Ezechiel.
802 1866 896 1910 cap.
923 1866 1082 1905 xxxw,
1112 1851 1168 1895 ab
1201 1832 1284 1896 iuis
1305 1852 1447 1897 verbis
1469 1871 1478 1897 ε

163 1918 232 1964 Et
251 1918 452 1979 factum
486 1929 582 1975 est,
604 1929 717 1975 eta,
751 1935 914 1981 usque,
941 1919 1013 1967 Et
1028 1936 1235 1980 pascam
1258 1937 1342 1968 eas
1373 1937 1482 1968 cum

156 1987 353 2050 judicio.
378 1991 542 2035 Contra
564 1990 823 2035 Donatistas.

163 2148 197 2190 Ι.
226 2148 325 2191 szs
348 2154 438 2190 tota
459 2155 605 2190 nostra
637 2144 741 2203 quia
761 2144 807 2187 in
830 2143 1002 2189 Christo
1024 2152 1114 2198 est,
1139 2153 1182 2188 et
1212 2148 1314 2205 quia
1345 2148 1486 2192 omnis

105 2229 207 2259 vera
229 2224 272 2259 et
294 2215 476 2259 salubris
503 2213 635 2272 gloria
657 2223 803 2257 nostra
824 2213 914 2272 ipse
937 2222 1022 2268 est,
1045 2229 1135 2257 non
1155 2229 1274 2259 nunc
1296 2217 1486 2274 primum

106 2285 258 2329 didicit
288 2286 485 2330 Charitas
509 2287 676 2328 Vestra.
698 2284 808 2327 Estis
827 2285 940 2327 enim
962 2284 1007 2328 in
1036 2285 1125 2344 ejus
1148 2299 1300 2343 grege,
1322 2288 1398 2346 qui
1420 2288 1488 2332 in—

108 2354 249 2399 tendit
269 2364 312 2398 et
340 2355 475 2414 pascit
498 2352 628 2398 Israffl
643 2357 675 2396 ².
704 2352 787 2397 Sed
809 2354 1015 2413 quoniam
1041 2363 1143 2398 sunt
1169 2364 1355 2413 pastores
1375 2392 1385 2411 ‚
1411 2360 1488 2417 qui

108 2434 330 2483 pastorum
355 2424 533 2468 nomine
564 2421 753 2481 gaudere
782 2422 938 2466 volunt
957 2457 968 2476 ‚
1009 2423 1188 2481 pastoris
1224 2434 1369 2469 autem
1391 2428 1491 2471 offi-

159 2539 169 2555 ¹
190 2533 273 2565 Alias
294 2533 334 2565 de
354 2534 510 2573 Tempore
532 2529 608 2570 165,
628 2528 734 2562 velin
750 2533 828 2562 tom.
848 2539 896 2570 ιι,
911 2529 1024 2562 editus.
1041 2545 1079 2552 —
1102 2536 1114 2551 ²
1132 2530 1209 2562 Psal.
1229 2541 1340 2574 unx,
1358 2543 1411 2566 22.

1241 2587 1277 2623 1.
