1898 3178
372 239 453 278 572
795 247 827 276 s.
864 247 1093 276 Avensa-1111
1127 247 1307 276 Emscom

366 320 401 359 A
425 324 466 359 tc
488 324 632 359 autem
653 312 774 373 quod
796 313 992 372 elegisti,
1017 314 1201 373 (utique
1231 313 1314 357 hoc
1348 313 1557 372 sequitur,
1594 314 1744 373 utique

365 386 447 429 hoc
480 384 870 443 subintelligitur,)
904 400 926 428 a
960 392 1002 427 te
1036 383 1156 444 quod
1189 383 1350 441 elegisti
1389 382 1622 428 auferetur.
1661 383 1745 429 Sed

365 457 480 500 bono
503 465 578 500 tuo
597 454 834 509 auferetur,
860 463 910 498 ut
930 455 1048 514 quod
1071 454 1223 498 melius
1243 463 1306 498 est
1332 452 1475 498 detur.
1509 453 1746 498 Auferetur

364 528 479 570 enim
501 535 582 570 ate
603 524 742 580 labor,
762 534 811 569 ut
832 525 1000 585 requies
1022 526 1166 569 detur.
1193 528 1257 568 Tu
1280 525 1471 584 navigas,
1497 523 1569 568 illa
1588 526 1679 584 jam
1696 525 1742 568 in

362 606 493 656 portu
514 605 591 641 est.

422 668 496 710 IV.
518 665 683 710 Videtis
700 681 803 724 ergo
819 700 829 720 ,
857 666 1117 721 charissimi,
1139 675 1181 710 et
1204 674 1419 724 quantum
1438 665 1639 719 arbitror,
1655 665 1745 724 jam

364 736 598 795 intelligitis
615 771 626 791 ,
646 737 690 779 in
709 737 774 780 his
792 737 963 781 duabus
991 736 1245 780 mulieribus
1258 770 1268 789 ,
1293 751 1393 795 quae
1411 734 1550 778 ambae
1573 732 1746 778 fuerant

363 807 548 851 Domino
569 815 726 865 gratae,
748 807 888 850 ambae
911 806 1132 860 amabiles,
1159 805 1298 848 ambae
1321 803 1570 864 discipulae:
1591 802 1746 849 videtis

363 890 486 934 ergo,
513 885 555 920 et
577 891 784 934 magnum
806 875 973 936 aliquid
995 875 1234 934 intelligitis
1250 909 1261 930 ,
1291 874 1557 934 quicumque
1585 873 1748 917 intelli-

363 946 460 1005 gitis
475 981 485 1000 ,
511 946 631 1006 quod
654 945 805 991 audire
822 955 865 991 et
887 947 993 990 scire
1009 945 1200 1000 debetis,
1226 946 1354 989 etiam
1376 945 1452 1004 qui
1473 959 1562 988 non
1584 943 1746 988 intelli-

363 1017 481 1075 gitis,
502 1018 547 1060 in
568 1017 634 1061 his
656 1016 826 1061 duabus
847 1017 1103 1061 mulieribus
1121 1051 1131 1071 ,
1157 1015 1264 1060 duas
1285 1016 1392 1060 vitas
1409 1030 1498 1059 esse
1524 1015 1744 1072 figuratas,

362 1096 619 1145 praesentem
635 1096 677 1131 et
694 1085 887 1131 futuram
905 1122 915 1142 ,
941 1087 1201 1131 laboriosam
1220 1095 1262 1130 et
1279 1086 1471 1146 quietam
1485 1119 1497 1140 ‚
1523 1100 1746 1129 aerumno-

362 1173 451 1201 sam
470 1167 512 1202 ct
532 1157 720 1212 beatam,
739 1157 1021 1217 temporalem
1045 1167 1087 1202 et
1107 1167 1329 1202 aeternam.
1350 1159 1457 1200 Duae
1478 1165 1580 1200 sunt
1596 1156 1744 1200 vitae¹:

361 1228 415 1272 de
433 1227 515 1272 illis
537 1244 612 1273 vos
634 1229 849 1288 copiosius
868 1230 1069 1287 cogitate.
1097 1227 1211 1282 Quid
1227 1228 1386 1272 habeat
1405 1228 1500 1271 haec
1521 1227 1609 1271 vita
1625 1261 1636 1282 ,
1658 1241 1747 1271 non

360 1298 458 1342 dico
479 1297 612 1353 mala,
638 1314 727 1343 non
750 1299 926 1359 iniqua,
950 1314 1040 1343 non
1058 1299 1244 1354 nefaria,
1270 1313 1360 1343 non
1389 1298 1632 1352 luxuriosa,
1658 1311 1747 1341 non

359 1369 514 1427 impia,
538 1368 612 1412 sed
634 1368 846 1414 laboriosa
878 1378 921 1413 et
954 1369 1158 1413 aerumnis
1184 1369 1311 1428 plena
1328 1403 1339 1423 ,
1365 1367 1596 1412 timoribus
1618 1368 1746 1411 casti-

360 1448 456 1497 gata
472 1474 483 1493 ‚
503 1440 819 1484 tentationibus
836 1440 1019 1485 sollicita
1042 1460 1049 1484 :
1086 1442 1198 1484 hanc
1221 1441 1357 1498 ipsam
1380 1441 1657 1483 innocentem
1679 1439 1746 1483 vi-

359 1518 446 1553 tam
469 1508 564 1554 dico
574 1545 588 1565 ,
613 1510 787 1570 qualem
810 1511 993 1554 decebat
1013 1511 1174 1554 habere
1195 1511 1413 1555 Martham
1437 1528 1446 1553 ι
1472 1510 1584 1552 hanc
1607 1524 1709 1568 ergo
1726 1544 1736 1563 ,

358 1589 572 1639 quantum
595 1581 771 1638 potestis
787 1614 797 1634 ,
822 1581 1047 1638 inspicite,
1073 1589 1114 1622 et
1137 1580 1191 1623 de
1211 1580 1314 1634 hac,
1341 1588 1389 1623 ut
1404 1579 1506 1634 dixi,
1527 1580 1740 1639 copiosius

357 1665 489 1710 quam
523 1651 744 1710 loquimur
775 1651 974 1708 cogitate.
996 1652 1094 1695 Vita
1116 1666 1218 1695 vcro
1237 1651 1385 1710 iniqua
1418 1651 1568 1695 aberat
1590 1650 1646 1695 ab
1668 1649 1742 1695 illa

357 1720 514 1774 domo,
539 1735 619 1764 nec
646 1736 745 1764 cum
768 1721 939 1764 Martha
959 1730 1078 1776 erat,
1113 1736 1193 1765 nec
1216 1736 1315 1765 cum
1345 1721 1480 1765 Maria
1503 1740 1511 1765 ε
1537 1730 1579 1765 et
1606 1721 1641 1765 si
1663 1721 1741 1765 ali—

357 1791 533 1850 quando
562 1790 674 1845 fuit,
714 1791 898 1835 Domino
930 1792 1119 1835 intrante
1141 1791 1269 1850 fugit.
1297 1794 1615 1835 Remanserunt
1642 1806 1743 1849 ergo

358 1862 400 1904 in
423 1860 496 1904 illa
518 1861 648 1905 domo
663 1896 673 1915 ,
704 1877 803 1920 quae
824 1870 1068 1920 susceperat
1095 1862 1328 1905 Dominum
1345 1896 1355 1914 ,
1380 1861 1425 1904 in
1457 1861 1629 1905 duabus
1659 1862 1743 1905 foe-

358 1931 484 1974 minis
501 1930 600 1974 duae
622 1931 740 1986 vitae,
759 1931 900 1974 ambae
916 1931 1184 1983 innocentes,
1206 1929 1345 1973 ambae
1368 1929 1631 1974 laudabiles:
1654 1947 1739 1975 una

357 1999 586 2055 laboriosa,
607 1999 739 2045 altera
761 2001 894 2045 otiosa
909 2021 919 2057 3
934 1999 1055 2044 nulla
1078 1999 1338 2054 facinorosa,
1364 1999 1482 2043 nulla
1506 1999 1731 2045 desidiosa.

357 2070 508 2113 Ambae
530 2070 782 2115 innocentes
799 2105 810 2125 ,
839 2071 979 2114 ambae
995 2105 1006 2124 ,
1032 2070 1211 2130 inquam
1227 2104 1238 2124 ,
1263 2068 1502 2114 laudabiles
1520 2089 1528 2115 2
1555 2070 1631 2114 sed
1648 2086 1735 2115 una

357 2140 591 2194 laboriosa,
625 2140 758 2184 altera
790 2141 925 2185 otiosa
952 2159 961 2185 ι
986 2139 1107 2184 nulla
1129 2139 1366 2184 facinorosa
1382 2175 1393 2195 ,
1425 2155 1558 2200 quam
1579 2155 1730 2185 cavere

356 2209 488 2254 debet
522 2209 735 2254 laboriosa
754 2231 765 2268 3
801 2209 922 2254 nulla
962 2209 1171 2253 desidiosa
1188 2244 1199 2265 ,
1239 2225 1370 2270 quam
1411 2224 1561 2254 cavere
1600 2210 1732 2255 debet

357 2280 506 2323 otiosa.
532 2282 669 2324 Erant
691 2295 792 2338 ergo
824 2281 869 2324 in
902 2279 975 2323 illa
1010 2280 1140 2323 domo
1175 2279 1267 2323 istae
1300 2279 1399 2324 duae
1419 2281 1544 2334 vitae,
1581 2281 1733 2339 etipse

358 2348 452 2392 fons
473 2350 591 2394 vitae.
628 2353 678 2393 In
706 2350 876 2395 Martha
906 2358 996 2393 erat
1027 2349 1168 2408 imago
1200 2350 1503 2409 praesentium,
1534 2350 1580 2393 in
1600 2352 1734 2396 Maria

358 2418 620 2464 futurorum.
643 2421 771 2474 Quod
789 2421 943 2479 agebat
957 2420 1142 2474 Martha,
1163 2421 1225 2464 ibi
1247 2436 1395 2464 sumus
1414 2440 1422 2465 ;
1443 2421 1563 2481 quod
1581 2422 1736 2480 agebat

423 2522 430 2536 ¹
454 2517 532 2548 Cod.
551 2519 635 2549 Cass.
660 2528 710 2557 iii,
730 2517 772 2548 sol
811 2526 868 2550 ιν)
886 2530 892 2547 ;
919 2519 991 2549 Duae
1009 2520 1080 2548 sunt
1102 2517 1196 2553 vitae3
1223 2528 1298 2560 quas
1317 2517 1472 2559 descripsi
1503 2517 1645 2550 breviter
1662 2542 1669 2557 ‚
1700 2523 1733 2549 ut

358 2571 523 2612 potuijani
542 2584 612 2613 vos,
632 2577 696 2605 etc.
