1898 3178
299 216 438 245 SERMO
471 217 600 255 Lxxx,
635 218 689 243 DE
723 217 869 245 VERBIS
900 219 1064 246 ΜΑΤΤΗ.
1100 218 1205 246 xvii.
1360 210 1443 248 369

56 298 87 322 v»
121 280 229 340 quid
246 282 366 326 vohis
384 282 670 326 necessarium
685 282 754 337 sit,
775 283 892 340 prius
909 297 1043 343 quam
1066 283 1219 342 petatis
1245 284 1299 326 ab
1318 299 1368 328 eo
1383 288 1442 327 1.»

59 349 195 395 Aliud
209 352 301 411 jam
332 351 436 396 dicit
458 352 683 396 Dominus.
710 352 826 404 Quid
859 355 958 398 est?
997 351 1157 399 Nolens
1185 362 1234 397 ut
1255 354 1445 398 multum

18 468 22 471 ,
58 420 293 481 loquamur
315 423 360 465 in
382 423 593 477 oratione,
609 422 718 466 dixit
736 423 861 467 nobis
881 443 888 467 :
912 423 1089 468 «Nolite
1112 424 1301 468 multum
1323 425 1446 484 loqui

62 510 83 532 »
117 492 295 552 quando
313 494 466 551 oratis,
489 493 569 538 scit
590 494 705 537 enim
729 497 855 538 Pater
877 505 1012 539 vester
1028 495 1135 554 quid
1151 496 1275 540 vobis
1294 512 1445 540 neces-

25 587 32 593 ·
61 579 82 614 >p
116 563 275 607 sarium
310 564 391 618 sit,
428 564 546 623 prius
578 578 709 623 quam
741 565 898 623 petatis
921 565 975 609 ab
998 580 1064 610 00.
1095 584 1114 607 (ι
1144 566 1186 610 Si
1213 566 1293 610 scit
1320 570 1447 611 Pater

50 642 204 685 ,noster
225 634 332 694 quid
368 634 494 678 nobis
526 634 815 678 necessarium
835 635 890 679 sit
907 670 917 689 ‚
952 635 1072 693 prius
1094 651 1226 694 quam
1248 646 1447 695 petamus

57 703 112 747 ab
129 719 202 759 eo,
227 720 362 764 quare
385 705 610 765 loquimur
632 704 700 749 vel
722 707 906 764 parum?
931 708 1040 758 Quae
1062 721 1189 750 causa
1220 716 1284 751 est
1316 708 1448 767 ipsius

57 775 284 831 orationis,
310 777 344 820 si
362 778 451 836 jam
474 776 598 821 novit
636 779 762 820 Pater
784 786 929 822 noster
948 776 1056 837 quid
1095 777 1222 822 nobis
1251 794 1448 824 necessa-

23 906 27 910 ·
57 845 169 889 rium
188 846 275 889 sit?
295 845 405 890 Dicit
428 845 555 890 alicui
576 865 584 891 :
610 845 708 891 Noli
725 862 794 890 me
810 847 887 890 diu
901 857 1048 906 petere
1063 868 1074 905 ς
1090 849 1191 892 novi
1209 849 1324 892 enim
1342 850 1448 909 quid

29 926 35 934 “
55 915 136 959 tibi
158 917 447 960 necessarium
464 916 532 960 sit.
565 916 607 960 Si
631 917 772 971 nosti,
798 916 980 961 Domine
999 953 1009 973 ,
1031 933 1166 978 quare
1184 918 1251 962 vel
1274 922 1449 977 petam?

47 988 123 1043 ‚Tu
145 1002 235 1031 non
256 987 319 1031 vis
349 1002 419 1031 me
441 987 602 1031 habere
624 987 876 1032 diuturnam
913 989 1191 1048 petitionem,
1216 989 1305 1034 imo
1321 989 1450 1049 jubes

31 1065 107 1110 „ut
139 1057 326 1101 habeam
348 1073 458 1116 pene
481 1057 662 1102 nullam.
689 1058 845 1102 Et.ubi
868 1068 933 1103 est
961 1058 1072 1103 illud
1105 1059 1191 1103 alio
1211 1058 1342 1104 loco?
1364 1062 1451 1113 Qui

57 1125 162 1171 dicit
187 1146 195 1172 ε
225 1146 245 1169 «
268 1127 411 1173 Nolite
429 1126 618 1171 multum
636 1126 759 1188 loqui
781 1129 827 1171 in
855 1129 1050 1173 oratione
1076 1148 1085 1173 z
1115 1147 1135 1170 »
1163 1129 1246 1173 alio
1260 1129 1358 1174 1000
1381 1130 1449 1173 di-

26 1254 31 1261 ,
55 1197 114 1241 cit
140 1216 148 1242 ε
177 1216 197 1239 «
224 1198 363 1243 Petite
380 1233 391 1253 ,
418 1206 461 1241 et
483 1197 660 1243 dabitur
679 1199 800 1243 vobis
818 1200 864 1241 ¹2?
885 1218 904 1241 »
926 1203 984 1244 Et
999 1216 1054 1245 ne
1072 1209 1346 1244 transeunter
1369 1202 1449 1244 tibi

29 1311 34 1330 ἲ
55 1276 228 1326 putares
249 1282 339 1311 esse
376 1268 637 1326 praedictum
660 1278 708 1312 ut
720 1266 896 1328 peteres
913 1304 924 1324 ,
950 1269 1120 1315 addidit
1141 1289 1150 1315 ε
1175 1289 1196 1313 «
1230 1271 1444 1325 Quaerite,

0 1358 1 1400 ᾗ
28 1354 79 1401 ἒ»
113 1346 157 1381 et
195 1337 459 1382 invenietis„
479 1356 499 1378 »
532 1340 588 1381 Et
628 1354 682 1382 ne
720 1340 804 1383 hoc
836 1341 1132 1384 transitorium
1161 1341 1446 1398 existimares,

28 1408 153 1469 „vide
187 1409 296 1468 quid
327 1409 594 1469 adjunxerit,
619 1409 718 1453 vide
753 1410 832 1454 ubi
854 1411 1098 1456 conclusit:
1129 1430 1148 1453 «
1178 1412 1377 1467 Pulsate,
1409 1421 1452 1456 et

39 1496 80 1534 y)
115 1479 334 1538 aperietur
368 1478 520 1523 vobis:
550 1497 569 1520 »
591 1478 691 1523 vide
727 1479 835 1539 quid
867 1479 1128 1539 adjunxerit.
1156 1480 1307 1525 Voluit
1336 1492 1379 1526 to
1404 1492 1452 1525 ut

31 1549 236 1608 „accipias
252 1558 399 1608 petere
415 1584 426 1604 ,
450 1559 501 1592 ut
532 1549 726 1593 invenias
761 1565 980 1609 quaerere,
1007 1561 1056 1595 ut
1083 1553 1216 1596 intres
1255 1551 1442 1610 pulsare.

24 1667 26 1671 ,
54 1618 286 1672 Quomodo
307 1633 408 1677 ergo
431 1619 531 1678 quia
544 1619 635 1678 jam
659 1622 784 1662 Pater
807 1629 952 1663 noster
978 1621 1058 1664 scit
1079 1621 1188 1681 quid
1218 1622 1345 1666 nobis
1366 1638 1446 1666 ne-

35 1690 282 1744 „cessarium
309 1690 388 1744 sit,
423 1684 560 1749 quare
580 1689 800 1748 petimus?
840 1705 975 1749 quare
1004 1691 1272 1750 quaerimusP
1312 1708 1445 1751 quare

34 1748 276 1820 }pulsamus
291 1762 308 1804 P
325 1775 460 1820 quare
473 1760 520 1803 in
536 1759 728 1818 petendo
751 1769 794 1803 et
816 1761 1054 1818 quaerendo
1076 1771 1120 1805 et
1132 1761 1349 1821 pulsando
1370 1779 1449 1808 nos

0 1867 1 1870 η
40 1830 308 1890 fatigamus,
347 1838 396 1872 ut
423 1831 641 1887 *scientem
679 1829 969 1872 instruamus?
1008 1831 1106 1872 Alio
1137 1831 1235 1872 loco
1274 1835 1448 1874 Domini

37 1902 185 1955 2verba
207 1910 310 1945 sunt
330 1920 338 1945 :
368 1920 388 1942 «
411 1900 594 1958 Oportet
616 1913 785 1957 semper
807 1914 959 1953 orare,
983 1908 1025 1942 et
1047 1914 1137 1943 non
1159 1898 1344 1944 deficere
1422 1919 1442 1942 »

0 1975 2 1982 '
42 1975 100 2027 ,Si
117 1981 289 2033 oportet
311 1986 479 2030 semper
500 1985 638 2024 orare,
658 1970 881 2029 quomodo
899 1968 1032 2014 dicit:
1054 1988 1074 2010 «
1090 1969 1233 2015 Nolite
1245 1970 1442 2016 multilo-

0 2061 3 2084 ι
36 2030 78 2096 ᾗ»
102 2044 179 2104 qui
192 2044 312 2087 esse?
337 2039 599 2094 »Quomodo
614 2055 690 2085 oro
711 2055 896 2099 semper,
916 2040 991 2100 qui
1008 2040 1094 2084 cito
1109 2039 1244 2084 finio?
1262 2043 1353 2085 Η30
1375 2058 1444 2087 me

0 2110 1 2116 ¹
33 2115 176 2176 ,jubes
197 2115 283 2159 cito
304 2114 444 2167 finire,
461 2113 542 2157 hac
554 2113 683 2172 jubes
704 2127 873 2171 semper
890 2126 1027 2167 orare,
1051 2121 1094 2155 et
1110 2126 1202 2155 non
1223 2110 1408 2158 deficere
1431 2135 1439 2160 :

39 2186 162 2245 ‚quid
193 2193 256 2228 est
277 2185 389 2228 hoc?
411 2186 468 2227 Et
490 2192 540 2226 ut
574 2184 656 2226 hoc
680 2181 896 2240 intelligas
932 2191 1054 2240 pete,
1094 2196 1266 2241 quaere,
1299 2183 1437 2242 pulsa.

36 2255 159 2313 ,Ideo
180 2255 295 2299 enim
328 2253 523 2297 clausum
546 2262 609 2296 est
626 2288 636 2307 ‚
662 2268 751 2297 non
774 2262 822 2297 ut
843 2262 886 2296 te
919 2261 1121 2312 spernat,
1144 2251 1219 2296 sed
1244 2262 1294 2297 ut
1316 2270 1440 2299 exer-

39 2314 165 2377 Jceat.
192 2329 310 2384 Ergo
328 2360 339 2381 ,
364 2324 517 2369 fratres
534 2359 544 2379 ‚
569 2324 786 2368 cohortari
803 2324 1015 2368 debemus
1039 2322 1094 2367 ad
1115 2323 1379 2382 orationem,
1397 2338 1440 2372 et

38 2413 161 2454 ,nos,
196 2405 239 2440 et
261 2411 351 2440 vos.
376 2395 472 2440 Alia
499 2394 615 2437 enim
651 2409 746 2454 spes
764 2395 810 2437 in
841 2394 967 2439 nobis
998 2409 1088 2438 non
1120 2402 1184 2438 est
1219 2394 1266 2438 in
1290 2397 1440 2443 multis

38 2468 178 2530 ,malis
200 2466 423 2527 praesentis
440 2464 583 2509 saeeuli
603 2500 614 2520 ,
632 2465 712 2508 nisi
736 2465 902 2524 pulsare
921 2464 964 2508 in
983 2464 1072 2524 ipsa
1102 2465 1318 2523 oratione,
1342 2484 1438 2514 cre-

103 2559 113 2576 1
134 2552 246 2586 Matth.
264 2563 306 2593 vi,
326 2562 359 2593 7,
378 2556 408 2583 8,
432 2568 472 2573 -
494 2531 650 2591 21‹1.'v11,
669 2560 698 2591 7.
718 2567 758 2573 —
780 2547 793 2573 3
816 2551 891 2583 Luc.
912 2560 1003 2591 xvtu,
1027 2560 1058 2584 1.

215 2615 351 2647 cxxv.
1192 2606 1244 2646 24
