1898 3178
438 267 575 294 senno
605 267 702 304 cvr,
737 268 790 293 ne
824 265 968 294 VERBIS
1002 269 1093 294 mre.
1128 268 1190 294 Χῖ.
1417 256 1499 295 585

123 333 177 376 sit
203 333 343 377 cordis
374 346 462 376 esse
491 332 731 377 mundatio.
756 335 950 393 Denique
981 333 1129 394 quales
1161 342 1326 387 essent,
1359 343 1501 378 osten-

121 401 199 445 dit.
237 401 315 445 Ille
342 402 515 446 dicebat
549 402 624 460 qui
652 401 853 459 videbat,
893 419 981 447 non
1013 403 1127 446 enim
1162 412 1333 447 tantum
1372 403 1500 447 facies

121 487 302 526 eorum,
338 471 412 515 sed
453 472 582 515 etiam
618 472 819 516 interiora
855 473 1072 517 cernebat.
1111 473 1307 533 Denique
1337 483 1386 517 ut
1418 475 1501 518 hoc

121 542 285 597 sciatis,
317 541 389 585 ille
417 541 674 596 Pharisaeus,
706 543 775 585 cui
811 543 1031 602 respondit
1059 544 1275 599 Christus,
1308 544 1425 604 apud
1458 559 1502 588 se

120 613 262 672 ipsum
297 613 526 671 cogitavit,
557 628 663 656 voce
692 628 781 656 non
818 614 990 668 sonuit,
1027 623 1068 658 et
1097 614 1169 658 ille
1201 624 1346 659 tamen
1375 615 1500 659 audi-

120 684 197 728 vit.
223 683 353 743 Apud
372 698 416 727 se
433 683 549 727 enim
572 684 851 743 reprehendit
872 685 1108 730 Dominum
1129 685 1374 742 Christum,
1400 687 1500 746 quia

122 756 180 799 sic
197 755 316 799 venit
338 755 393 799 ad
409 755 654 799 convivium
679 756 769 815 ejus
791 771 880 799 non
902 755 1030 800 lotus.
1059 755 1137 800 Ille
1171 757 1410 816 cogitabat,
1430 757 1500 800 hic

124 825 350 880 audiebat,
370 825 468 870 ideo
486 825 790 885 respondebat.
811 825 924 879 Quid
942 841 1044 884 ergo
1066 826 1319 886 respondit?
1337 846 1356 869 «
1376 830 1501 872 Nunc

127 914 146 937 »
180 911 271 951 vos,
311 896 538 951 Pharisaei,
564 896 684 956 quod
712 894 814 941 foris
836 905 899 940 est
918 897 1155 956 paropsidis
1175 896 1324 941 lavatis
1352 917 1360 942 :
1386 898 1501 941 intus

121 985 142 1009 »
178 977 322 1012 autem
346 966 461 1027 pleni
483 968 581 1012 estis
603 967 705 1012 dolo
726 977 770 1012 et
792 968 985 1027 rapina1.
1012 987 1030 1010 »
1055 970 1092 1012 Ο
1114 968 1260 1013 venire
1283 968 1334 1012 ad
1369 985 1502 1028 pran-

119 1039 238 1081 dium
259 1039 266 1081 1
288 1037 512 1098 quomodo
542 1054 630 1082 non
661 1039 856 1098 pepercit
876 1039 1042 1083 homini
1063 1054 1086 1083 a
1108 1055 1196 1098 quo
1223 1038 1364 1083 fuerat
1386 1039 1500 1082 invi-

118 1110 261 1152 tatus?
281 1108 416 1165 Magis
439 1108 713 1167 objurgando
734 1109 928 1168 pepercit
943 1143 953 1162 ,
982 1117 1030 1151 ut
1052 1117 1246 1153 correcto
1273 1109 1317 1152 in
1334 1107 1501 1168 judicio

118 1187 328 1238 parceret.
351 1179 516 1222 Deinde
538 1179 645 1238 quid
659 1178 846 1223 ostendit
864 1179 1018 1223 nobis?
1033 1180 1143 1232 Quia
1161 1188 1203 1223 et
1218 1180 1498 1238 baptismum,

119 1249 239 1309 quod
260 1248 391 1292 semel
414 1249 670 1302 adhibetur,
705 1265 780 1309 per
803 1249 933 1293 fidem
962 1249 1160 1295 mundat.
1201 1250 1327 1294 Fides
1356 1259 1499 1294 autem

117 1321 235 1364 intus
270 1329 352 1374 est,
387 1335 475 1364 non
499 1320 614 1364 foris.
647 1320 772 1364 Unde
803 1320 963 1365 dicitur
993 1330 1036 1365 et
1055 1321 1212 1379 legitur
1242 1322 1286 1365 in
1320 1322 1502 1366 Actibus

121 1389 427 1450 Apostolorum
458 1409 465 1434 :
493 1409 512 1432 «
538 1391 644 1434 Fide
656 1390 870 1434 mundans
883 1390 1012 1436 corda
1033 1395 1224 1436 eorum&
1253 1410 1273 1433 »
1299 1395 1356 1436 Et
1380 1407 1502 1451 apos-

120 1461 235 1507 tolus
270 1465 423 1505 Petrus
462 1461 508 1504 in
542 1461 735 1520 Epistola
772 1478 848 1506 sua
882 1463 942 1506 ita
970 1462 1164 1522 loquitur
1202 1481 1210 1507 :
1255 1482 1274 1503 ι(
1307 1463 1402 1517 Sic,
1434 1464 1502 1506 in-

124 1552 144 1575 »
179 1533 299 1593 quit,
325 1541 368 1576 et
388 1532 512 1576 vobis
544 1531 664 1576 dedit
685 1531 1012 1576 similitudinem
1035 1534 1090 1577 de
1120 1548 1217 1578 arca
1244 1535 1336 1578 Noe'
1352 1568 1362 1587 ‚
1387 1549 1500 1594 quo-

125 1621 146 1645 »
180 1603 314 1647 modo
337 1611 437 1647 octo
459 1603 613 1647 animae
639 1602 766 1647 salvae
789 1602 915 1647 factae
948 1612 1050 1647 sunt
1077 1618 1155 1662 per
1188 1619 1359 1663 aquam.
1399 1622 1420 1645 »
1446 1607 1502 1648 Et

123 1673 318 1733 adjunxit
343 1692 351 1717 ;
383 1692 403 1715 «
430 1673 497 1718 Sic
512 1681 555 1717 et
576 1688 651 1717 vos
663 1672 791 1717 simili
810 1672 946 1718 forma
965 1673 1177 1732 baptisma
1195 1673 1333 1718 salvos
1353 1674 1497 1729 faciet,

120 1762 143 1786 »
178 1761 267 1790 non
309 1745 447 1789 carnis
479 1745 691 1805 depositio
717 1744 934 1799 sordium,
966 1745 1040 1789 sed
1067 1744 1342 1790 conscientiae
1373 1745 1501 1790 bonae

123 1834 143 1857 η
173 1815 502 1874 interrogatioss.
533 1834 553 1857 »
586 1818 708 1860 Hanc
740 1815 1014 1860 conscientiae
1046 1816 1173 1859 bonae
1202 1816 1502 1872 interrogatio-

119 1901 219 1929 nem
237 1886 439 1930 Pharisaei
461 1887 824 1940 contemnebant,
844 1896 888 1929 et
903 1886 1022 1946 quod
1039 1895 1129 1930 erat
1145 1886 1249 1930 foris
1269 1885 1472 1931 lavabant
1489 1905 1498 1931 ε

120 1956 235 1999 intus
256 1956 592 2016 inquinatissimi
610 1955 937 2013 permanebant.

178 2027 236 2068 ΙΙ.
257 2027 314 2069 Et
331 2024 436 2085 quid
460 2026 518 2068 eis
533 2025 591 2068 ait
609 2026 785 2083 postea?
811 2044 829 2066 «
856 2027 1167 2068 Verumtamen
1188 2023 1287 2068 date
1310 2024 1499 2069 eleemo-

123 2113 143 2137 »
179 2109 331 2152 synam
350 2129 361 2150 ,
396 2104 439 2139 et
459 2110 557 2139 ecce
586 2096 729 2139 omnia
759 2094 923 2138 munda
946 2103 1047 2139 sunt
1077 2094 1242 2139 vobis⁴.
1267 2112 1286 2135 »
1308 2095 1499 2139 Laudata

120 2175 185 2209 est
213 2165 511 2223 eleemosyna,
542 2165 669 2210 facite
705 2175 748 2209 et
775 2165 970 2225 probate.
1002 2164 1086 2210 Sed
1113 2165 1327 2224 paulisper
1355 2175 1498 2209 atten-

121 2236 245 2281 dite:
272 2236 496 2280 Pharisaeis
528 2236 692 2280 dictum
727 2245 804 2280 est.
842 2236 1044 2279 Pharisaei
1075 2236 1144 2279 isti
1179 2236 1319 2280 Judaei
1350 2246 1493 2292 erant,

121 2307 242 2367 quasi
269 2308 426 2366 egregii
458 2306 729 2351 Judaeorum.
755 2306 994 2351 Nobiliores
1024 2307 1138 2350 enim
1176 2316 1306 2366 atque
1328 2307 1498 2352 doctio-

121 2393 187 2422 res
231 2387 334 2422 tunc
357 2379 561 2422 Pharisaei
594 2379 879 2423 vocabantur.
917 2378 1135 2436 Baptismo
1169 2378 1329 2422 Christi
1360 2379 1510 2422 abluti-

120 2463 210 2492 non
239 2456 362 2492 erant
393 2467 401 2492 z
434 2449 480 2492 in
517 2449 738 2494 Christum
768 2448 928 2491 Filium
968 2447 1045 2490 Dei
1085 2447 1378 2505 unigenitum,
1423 2450 1499 2508 qui

7 2568 9 2570 ,
53 2559 55 2578 7
119 2518 232 2561 inter
265 2517 361 2562 illos
384 2518 661 2573 ambulabat,
682 2526 725 2562 et
738 2517 791 2562 ab
811 2518 869 2562 eis
909 2532 999 2561 non
1029 2517 1363 2575 agnoscebatur,
1389 2533 1499 2563 non-

169 2604 180 2620 ¹
222 2613 274 2635 uc.
292 2603 405 2645 x1,3‹).
424 2620 465 2626 -—
486 2610 498 2625 2
518 2606 587 2635 Act.
610 2614 662 2644 xv,
686 2614 718 2643 9.
740 2620 780 2625 —-
797 2601 810 2624 3
829 2614 840 2634 1
860 2605 943 2634 Petr.
960 2613 994 2642 v,
1016 2611 1071 2643 2¹,
1086 2612 1140 2636 22.
1161 2619 1202 2627 ·—-
1220 2602 1235 2633 4
1255 2605 1333 2635 Luc.
1359 2615 1405 2645 ιιι,
1426 2604 1479 2645 4¹.
