1898 3178
417 222 498 259 172
849 229 882 258 s.
919 227 1149 258 Auens-rna
1181 231 1363 261 nmscon

418 316 437 339 «
479 296 560 349 Qui
602 296 758 340 dixerit
800 295 923 339 fratri
969 310 1049 340 3110
1077 314 1086 340 z
1127 299 1290 353 Fatue,
1331 312 1428 342 reus
1463 298 1545 343 erit
1586 299 1797 357 gehennae

419 387 438 409 »
473 368 637 425 ignis1?
659 368 867 425 Linguam
891 375 1036 410 autem
1070 366 1218 412 nullus
1246 369 1473 413 hominum
1508 368 1686 414 domare
1717 385 1798 429 po-

417 457 438 480 »
477 439 598 482 test2.
632 456 653 477 n·
679 440 734 480 Et
755 437 888 481 homo
911 436 1061 482 domat
1082 436 1216 482 feram
1235 474 1246 494 ,
1283 454 1372 484 non
1395 440 1544 484 domat
1565 439 1760 499 linguam
1786 458 1795 484 :

415 507 564 552 domat
585 508 780 561 leonem,
815 515 858 551 et
882 523 972 551 non
994 508 1184 552 refrenat
1205 524 1448 553 sermonem
1475 528 1484 554 ε
1510 510 1660 554 domat
1683 511 1796 569 ipse,

415 589 458 623 et
480 593 568 622 non
590 577 740 622 domat
771 593 815 622 se
847 578 991 637 ipsum
1013 598 1021 624 :
1047 578 1197 623 domat
1218 579 1338 639 quod
1366 580 1576 637 timebat,
1606 590 1649 625 et
1676 591 1726 625 ut
1756 595 1800 625 se

414 648 578 702 domet,
600 663 690 691 non
705 649 827 693 timet
839 648 961 709 quod
976 649 1128 694 timere
1146 650 1351 694 debebat.
1373 649 1457 694 Sed
1473 650 1582 710 quid
1596 650 1674 694 fit?
1694 653 1801 696 Sen-

417 720 550 763 tentia
568 735 684 775 vera,
701 728 744 764 et
755 720 833 764 ista
848 722 1055 780 processit
1069 720 1124 765 de
1143 721 1318 765 oraculo
1328 721 1544 766 veritatis:
1560 722 1801 780 «Linguam

420 809 439 832 »
476 800 622 835 autem
644 790 792 835 nullus
809 792 1038 836 hominum
1061 792 1239 836 domare
1260 800 1417 851 potest.
1442 810 1461 833 »

475 865 532 905 ΙΙ.
569 861 684 915 Quid
702 877 804 921 ergo
825 862 1050 917 faciemus,
1073 861 1226 907 fratres
1238 862 1353 907 mei?
1376 862 1514 907 Video
1529 877 1599 906 me
1621 862 1802 923 quidem
1868 866 1871 921 j

414 931 467 975 ad
490 931 815 977 multitudinem
838 933 960 993 loqui
984 952 993 977 ι
1019 932 1094 976 sed
1111 934 1212 993 quia
1236 948 1376 976 unum
1398 947 1548 977 sumus
1575 947 1726 977 omnes
1757 933 1803 976 in
1867 927 1870 953 ³

413 1006 585 1050 Christo
601 1041 612 1061 ,
637 1016 848 1066 tanquam
870 1006 916 1049 in
944 1014 1108 1050 secreto
1129 1005 1358 1049 consilium
1383 1004 1618 1064 capiamus.
1646 1003 1802 1050 Nullus
1866 1009 1870 1024 ’

414 1091 491 1119 nos
512 1076 633 1120 audit
655 1086 882 1121 extraneus
898 1111 909 1131 ,
934 1092 1074 1121 unum
1094 1091 1243 1120 sumus
1258 1110 1269 1131 ,
1287 1076 1389 1136 quia
1409 1076 1456 1119 in
1477 1090 1617 1119 unum
1634 1089 1798 1119 sumus.
1864 1070 1868 1146 Ξ

414 1146 529 1199 Quid
547 1146 753 1190 faciemus
771 1149 788 1188 i?
816 1166 836 1189 «
858 1147 943 1200 Qui
972 1147 1127 1191 dixerit
1148 1146 1271 1190 fratri
1293 1162 1372 1192 suo
1390 1149 1554 1191 :Fatue
1568 1181 1579 1200 ,
1607 1160 1705 1189 reus
1721 1145 1804 1190 erit
1864 1151 1868 1216 Ξ

417 1235 435 1257 n
473 1217 682 1273 gehennae
716 1217 827 1275 ignis
876 1236 884 1261 :
930 1218 1142 1273 Linguam
1186 1225 1331 1260 autem
1375 1215 1525 1260 nullus
1574 1215 1803 1259 hominum

417 1305 436 1327 »
473 1286 650 1330 domare
693 1295 849 1346 potest.
893 1304 913 1327 »
951 1286 1085 1330 Ibunt
1132 1300 1234 1343 ergo
1281 1300 1431 1330 omnes
1470 1286 1515 1328 in
1559 1285 1801 1344 gehennam

413 1357 553 1415 ignis?
575 1358 715 1401 Absit.
747 1376 763 1396 «
792 1357 975 1401 Domine
993 1391 1004 1411 ,
1029 1355 1250 1416 refugium
1272 1357 1414 1401 factus
1436 1371 1479 1400 es
1494 1356 1619 1401 nobis
1638 1391 1649 1411 ,
1681 1371 1705 1400 a
1727 1370 1804 1415 ge-

418 1446 437 1469 »
474 1428 696 1472 ncratione
718 1428 763 1471 in
787 1427 1152 1486 generationem.
1178 1446 1197 1468 »
1221 1429 1286 1471 Ira
1312 1436 1386 1471 tua
1402 1428 1519 1487 justa
1537 1436 1601 1472 est
1627 1446 1636 1471 ε
1662 1427 1804 1471 nemi-
1860 1429 1864 1469 Ι

415 1512 513 1541 110111
536 1498 581 1540 in
604 1499 847 1556 gehennam
869 1497 1004 1541 mittis
1026 1498 1199 1558 injuste.
1231 1516 1251 1539 «
1270 1500 1367 1550 Quo
1382 1497 1455 1542 ibo
1477 1514 1500 1542 a
1517 1497 1674 1557 spiritu
1695 1506 1774 1541 tuo
1789 1532 1801 1553 ,
1858 1473 1863 1612 Ξ

417 1586 436 1609 »
472 1577 515 1612 et
536 1584 559 1612 a
589 1578 632 1612 te
654 1584 742 1628 quo
766 1567 953 1627 fugiam,
978 1568 1057 1612 nisi
1084 1567 1140 1612 ad
1161 1569 1265 1613 te4P
1286 1587 1305 1610 »
1342 1571 1457 1627 Ergo
1486 1567 1800 1626 intelligamus,

413 1638 672 1693 charissimi,
699 1639 801 1698 quia
823 1638 856 1681 si
874 1638 1068 1696 linguam
1087 1637 1234 1682 nullus
1262 1639 1494 1682 hominum
1521 1638 1699 1682 domare
1722 1653 1804 1697 po-
1854 1613 1862 1923 Ξ

1866 1845 1867 1861 1

1853 1928 1857 2026 i

414 1717 520 1762 test,
554 1708 609 1752 ad
641 1712 780 1752 Deum
814 1707 1163 1764 confugiendum
1201 1718 1289 1763 est,
1323 1709 1400 1767 qui
1428 1707 1578 1752 domet
1606 1708 1804 1766 linguam
1867 1745 1869 1762 :

413 1786 619 1821 nostram.
652 1777 693 1820 Si
729 1777 844 1820 enim
886 1785 934 1820 tu
973 1791 1068 1819 eam
1101 1776 1277 1820 domare
1298 1777 1485 1821 volueris
1504 1811 1515 1832 ,
1543 1792 1632 1821 non
1654 1786 1800 1836 potes,

413 1848 514 1907 quia
528 1849 658 1891 homo
674 1847 743 1891 es?
755 1866 774 1888 «
789 1848 1002 1905 Linguam
1017 1846 1163 1891 nullus
1177 1847 1407 1891 hominum
1422 1846 1600 1891 domare
1611 1856 1800 1906 potest.»

415 1919 637 1963 Attendite
669 1918 999 1962 similitudinem
1029 1918 1083 1961 31)
1116 1918 1217 1977 ipsis
1241 1919 1388 1962 bestiis
1415 1934 1523 1978 quas
1554 1918 1798 1963 domamus.

413 1992 563 2050 Equus
586 2005 675 2034 non
692 2004 736 2033 se
757 1988 929 2047 domat,
954 1988 1144 2033 camelus
1170 2004 1259 2032 non
1277 2003 1321 2032 se
1342 1988 1518 2045 domat3
1545 1988 1802 2048 elephantus

413 2076 501 2104 11011
523 2075 567 2104 30
598 2059 774 2117 domat,
798 2059 909 2119 aspis
932 2074 1022 2103 non
1057 2074 1100 2102 se
1123 2057 1298 2116 domat,
1330 2058 1398 2103 leo
1425 2074 1515 2103 non
1546 2074 1592 2103 se
1623 2059 1798 2118 domat,
1852 2090 1855 2118 Ξ

414 2132 471 2175 sic
493 2139 535 2174 et
559 2131 690 2174 homo
717 2145 807 2174 non
829 2145 873 2173 se
904 2127 1070 2173 domat.
1107 2127 1193 2173 Sed
1214 2137 1264 2172 ut
1286 2127 1489 2172 dometur
1512 2144 1672 2188 equus,
1692 2130 1797 2186 bos,
1850 2119 1854 2224 Ξ

413 2200 624 2255 camelus,
662 2200 940 2259 elephantus,
967 2198 1062 2252 leo,
1100 2198 1232 2257 aspis,
1265 2200 1476 2258 quaeritur
1498 2199 1647 2244 homo.
1683 2202 1800 2259 Ergo
1849 2231 1853 2260 Ξ

414 2276 526 2316 Ι)0113
550 2281 792 2332 quaeratur,
819 2281 868 2315 ut
891 2272 1093 2315 dometur
1112 2271 1259 2314 homo.
1848 2279 1852 2359 Ξ

474 2347 552 2387 ΠΙ.
570 2347 701 2402 Ergo,
718 2363 734 2383 «
749 2343 948 2397 Domine,
963 2342 1181 2400 refugium
1199 2341 1338 2386 factus
1352 2356 1395 2385 es
1407 2342 1545 2386 nobis.
1564 2359 1584 2382 »
1596 2340 1797 2386 Conferi-
1848 2371 1850 2392 z
1894 2358 1898 2401 Ξ

414 2428 509 2456 mus
533 2430 608 2458 nos
626 2414 680 2458 ad
703 2424 743 2458 te
758 2450 769 2468 ,
803 2423 845 2457 et
875 2414 986 2457 hene
1007 2413 1129 2457 nohis
1156 2413 1236 2456 erit
1261 2412 1314 2457 de
1331 2421 1390 2457 te.
1416 2412 1582 2457 Malum
1599 2421 1661 2456 est
1680 2412 1796 2456 enim
1848 2425 1862 2456 1
1892 2445 1898 2471 Ξ

488 2509 630 2540 ’3131111ι
667 2521 698 2549 v,
735 2519 786 2542 2¹2.
810 2527 850 2532 -=
883 2517 895 2532 ²
926 2509 1038 2541 Jacob.
1074 2519 1122 2550 111,
1154 2511 1186 2540 8.
1216 2527 1253 2531 —
1279 2508 1290 2529 3
1312 2508 1393 2542 Psal.
1428 2519 1559 2550 mxxiv,
1581 2519 1608 2540 1.
1640 2525 1678 2530 --
1708 2506 1787 2540 Md.
1845 2491 1848 2549 Ξ
1893 2510 1898 2543 1

416 2574 567 2603 cxxxviii,
591 2576 619 2604 7.
1846 2572 1847 2576 ¹

1843 2626 1846 2652 ἰ

1842 2654 1846 2682 1

1842 2691 1845 2722 1

1841 2787 1843 2836 Ξ
