1898 3178
319 211 402 250 590
715 219 748 248 s.
784 218 1013 247 AUGUSTINI
1048 220 1225 248 EPISCOPI

316 286 412 346 plus
433 285 608 331 volebat
630 286 794 329 facere?
818 284 919 328 Dico
940 284 1063 328 vobis
1087 303 1094 328 :
1125 303 1145 326 «
1163 287 1254 343 Ego
1270 285 1358 329 dixi
1380 305 1388 330 :
1416 287 1481 331 Dii
1503 288 1626 344 estis,
1651 298 1695 333 et

317 375 337 397 »
374 357 450 400 filii
464 356 668 401 Altissimi
687 370 835 399 omnes
850 357 879 398 1.
906 372 926 395 »
950 356 1062 398 Ecce
1084 354 1203 413 quod
1223 370 1321 399 eum
1339 355 1515 401 volebat
1531 357 1689 414 facere,

312 427 425 472 inter
452 427 554 472 deos
577 441 804 470 numerare
831 425 908 485 qui
936 425 1155 469 avaritiam
1179 441 1268 470 non
1300 426 1446 471 habet.
1472 446 1492 469 «
1519 431 1661 474 Homo
1678 464 1689 485 ,

315 517 335 539 »
370 497 466 558 quis
488 513 557 541 me
588 496 813 540 eonstituit
844 494 1076 539 divisorem
1113 495 1226 540 inter
1248 499 1385 540 vos‘2?
1410 516 1430 538 »
1455 501 1512 542 Et
1535 498 1693 544 Paulus

311 569 529 628 apostolus
550 583 696 612 servus
718 567 849 627 ipsius
864 601 874 621 ,
897 566 1075 626 quando
1097 566 1269 611 dicebat
1290 586 1299 612 :
1324 586 1344 609 «
1369 569 1561 614 Obsecro
1585 586 1660 615 vos
1678 605 1689 625 ‚

313 659 331 680 »
368 640 543 693 fratres,
570 647 620 683 ut
636 638 824 698 idipsum
847 638 999 682 dicatis
1017 653 1166 682 omnes
1183 673 1194 693 ,
1221 648 1263 682 et
1281 653 1369 682 non
1391 639 1473 686 sint
1500 640 1545 684 in
1568 641 1692 686 vobis

313 728 332 751 »
367 710 647 763 schismatass,
670 728 689 750 »
712 708 892 753 nolebat
912 723 1001 752 esse
1019 708 1193 752 divisor.
1218 709 1415 768 Denique
1433 711 1603 755 monuit
1620 727 1691 756 eos

309 781 384 841 qui
406 779 461 825 ad
478 780 608 840 ipsius
631 794 791 824 nomen
807 779 1041 823 currebant
1057 813 1067 832 ‚
1094 788 1137 822 et
1158 778 1376 823 Christum
1402 779 1658 826 dividebant
1678 801 1688 827 ι

309 852 615 911 Unusquisque
630 849 973 895 vestrumdicit:
992 868 1012 890 (ι
1030 851 1122 906 Ego
1143 864 1238 892 sum
1253 849 1392 905 Pauli,
1409 866 1490 910 ego
1511 851 1686 911 Apollo,

310 941 329 963 »
365 937 444 980 ego
465 923 643 981 Cephae‚
660 937 740 980 ego
763 920 937 965 Christi.
957 919 1126 963 Divisus
1144 929 1207 964 est
1228 921 1455 965 Christus?
1472 923 1690 982 numquid

309 1012 328 1034 »
365 992 523 1037 Paulus
545 1007 624 1051 pro
645 991 767 1036 vobis
794 990 1026 1035 crucifixus
1058 991 1151 1034 est?
1184 999 1260 1035 aut
1290 991 1336 1034 in
1363 991 1540 1036 nomine
1566 993 1690 1037 Pauli

309 1082 328 1104 »
364 1061 568 1122 baptizati
590 1063 689 1106 estis
703 1063 751 1105 4?
778 1080 797 1102 »
819 1060 975 1104 Videte
996 1076 1119 1120 ergo,
1153 1076 1285 1120 quam
1308 1062 1409 1106 mali
1437 1062 1523 1107 sint
1545 1063 1689 1108 homi-

305 1150 405 1189 nes,
443 1134 519 1194 qui
557 1133 711 1178 volunt
746 1147 836 1176 esse
863 1131 1074 1183 divisum,
1107 1133 1183 1192 qui
1217 1132 1360 1176 noluit
1390 1149 1480 1177 esse
1508 1133 1683 1179 divisor.

309 1227 328 1249 «
364 1207 469 1260 Quis
485 1220 554 1249 me
571 1240 582 1260 ‚
604 1205 746 1264 inquit
764 1239 774 1258 ,
799 1202 1020 1248 constituit
1037 1202 1267 1247 divisorem
1291 1204 1403 1247 inter
1417 1206 1522 1249 vos?
1547 1223 1566 1245 »

379 1280 454 1321 IV.
494 1277 639 1321 Petisti
669 1275 931 1319 beneficium
969 1292 978 1318 :
1012 1274 1111 1318 audi
1147 1273 1392 1318 eonsilium.
1428 1294 1447 1317 «
1473 1278 1566 1334 Ego
1589 1275 1687 1320 dieo

306 1368 326 1390 »
363 1349 483 1392 vobis
502 1383 512 1403 ‚
539 1356 687 1392 cavete
709 1347 764 1389 ab
786 1345 906 1390 omni
929 1345 1182 1404 cupiditate.
1211 1362 1230 1384 »
1259 1348 1389 1389 Forte
1406 1380 1416 1400 ,
1443 1346 1585 1405 inquit
1601 1380 1612 1401 ‚
1639 1355 1686 1390 tu

304 1434 481 1464 avarum
502 1427 546 1462 et
577 1416 785 1476 cupidum
810 1415 995 1469 diceres,
1023 1415 1056 1458 si
1079 1425 1293 1474 quaereret
1311 1415 1449 1460 aliena
1472 1435 1480 1460 z
1512 1431 1592 1475 ego
1609 1432 1686 1461 au-

305 1500 390 1534 tem
413 1489 512 1533 dieo
531 1523 541 1543 ,
574 1486 732 1546 cupide
751 1494 794 1529 et
816 1500 942 1528 avare
964 1500 1051 1528 non
1069 1493 1245 1543 appetas
1261 1500 1340 1529 nee
1362 1494 1452 1529 tua.
1478 1488 1571 1530 Hoc
1590 1497 1681 1541 est,

307 1584 326 1605 «
361 1563 429 1606 Ab
452 1559 571 1605 omni
594 1566 762 1611 cavete,
787 1556 931 1615 inquit
947 1591 957 1609 ,
993 1555 1048 1598 ab
1071 1556 1189 1599 omni
1211 1557 1400 1600 avaritia.
1431 1574 1450 1597 >›
1476 1560 1684 1616 Magnum

301 1631 487 1693 pondus,
504 1631 546 1674 Si
558 1628 669 1673 forte
686 1628 770 1671 hoc
789 1625 959 1685 pondus
973 1626 1154 1669 infirmis
1168 1626 1428 1685 imponitur;
1449 1638 1623 1686 rogetur
1636 1639 1684 1674 ut

301 1703 376 1764 qui
393 1700 594 1761 imponit,
609 1698 720 1742 vires
742 1695 845 1740 dare
868 1695 1086 1754 dignetur.
1103 1698 1200 1740 Non
1217 1697 1330 1741 enim
1349 1697 1502 1741 leviter
1519 1699 1684 1744 haben-

301 1776 406 1818 dum
426 1781 504 1825 est,
521 1770 672 1813 fratres
696 1768 794 1822 mei,
813 1765 991 1827 quando
1015 1767 1224 1810 Dominus
1244 1768 1683 1829 noster,Redemptor

301 1853 462 1897 noster,
482 1840 848 1892 Salvatornoster,
863 1837 938 1896 qui
952 1846 1149 1881 mortuus
1171 1847 1233 1881 est
1248 1853 1325 1895 pro
1339 1839 1480 1892 nobis,
1499 1840 1574 1898 qui
1589 1855 1681 1883 san-

300 1916 470 1974 gninem
488 1926 612 1956 suum
627 1910 815 1969 pretium
829 1908 965 1961 dedit,
977 1916 1026 1950 ut
1040 1906 1271 1951 redimeret
1283 1923 1376 1962 nos,
1391 1907 1624 1954 advocatus
1637 1920 1680 1955 et

292 1986 426 2047 judex
446 1991 591 2028 noster
611 2001 621 2037 3
643 1994 732 2023 non
754 1985 816 2021 est
830 1976 925 2021 leve
939 2011 949 2031 ,
975 1976 1151 2036 quando
1174 1978 1279 2021 dicit
1299 1997 1308 2022 z
1330 1996 1348 2020 «
1364 1980 1537 2023 Cavete.
1557 1999 1576 2021 »
1588 1984 1678 2027 No-

296 2058 359 2102 vit
390 2055 460 2099 ille
483 2060 697 2112 quantum
719 2047 821 2091 mali
844 2047 897 2090 sit
918 2066 926 2090 ε
953 2062 1030 2091 nos
1058 2063 1147 2091 non
1182 2049 1381 2092 novimus
1401 2085 1411 2104 ,
1443 2050 1505 2094 illi
1528 2052 1679 2096 creda-

297 2143 407 2172 mus.
428 2145 443 2165 «
462 2126 667 2175 Cavere‚»
686 2119 842 2178 inquit.
868 2117 1018 2170 Quid?
1036 2117 1205 2162 unde?«
1223 2119 1290 2163 Ab
1313 2122 1431 2164 omni
1452 2122 1672 2168 avaritia.»

297 2203 444 2245 Meum
462 2209 600 2248 servo,
621 2208 710 2236 non
743 2189 935 2234 alienum
954 2188 1075 2234 tollo.
1103 2208 1122 2231 «
1143 2191 1302 2234 Cavete
1325 2192 1379 2234 ab
1398 2193 1514 2236 omni
1539 2195 1677 2238 avari-

299 2290 318 2311 „
354 2271 426 2313 tia,
457 2285 476 2306 υ
504 2268 602 2310 Non
624 2263 765 2308 solum
788 2276 938 2305 avarus
961 2269 1050 2315 est,
1075 2261 1149 2319 qui
1190 2262 1301 2320 rapit
1323 2261 1460 2307 aliena
1486 2282 1495 2307 ε
1527 2263 1600 2308 sed
1632 2274 1676 2309 et

295 2340 367 2384 ille
391 2352 541 2383 avarus
559 2344 649 2390 est,
670 2333 746 2394 qui
764 2331 921 2391 cupide
946 2339 1085 2375 servat
1112 2346 1203 2375 sua.
1233 2331 1316 2376 Sed
1337 2333 1370 2375 si
1394 2333 1453 2376 sic
1473 2333 1674 2393 culpatur

295 2410 370 2471 qui
387 2406 544 2468 cupide
559 2413 700 2450 servat
722 2418 797 2448 sua
817 2423 826 2460 3
848 2401 1068 2463 quomodo
1091 2400 1324 2446 damnatur
1344 2403 1420 2463 qui
1442 2404 1553 2463 rapit
1570 2404 1674 2449 alie-

294 2482 378 2525 na?
404 2498 425 2521 «
449 2480 631 2532 Cavete,
655 2475 820 2534 inquit,
843 2473 898 2517 ab
934 2472 1053 2517 omni
1082 2471 1321 2532 cupiditate
1342 2491 1351 2518 :
1379 2474 1482 2534 quia
1503 2490 1593 2519 non
1627 2476 1674 2520 in

338 2567 351 2586 ἵ
368 2564 450 2598 Psal.
468 2575 531 2605 xm,
545 2563 578 2596 6.
599 2578 641 2586 —
666 2568 678 2585 ²
698 2562 778 2594 Luc.
802 2570 856 2601 xu,
880 2557 990 2600 14.-
1010 2555 1024 2582 ³
1041 2569 1054 2590 1
1080 2560 1152 2592 Cor.
1171 2569 1194 2600 1,
1212 2568 1262 2592 10.
1284 2574 1324 2582 —
1342 2556 1457 2592 41bid.
1479 2570 1533 2603 12,
1553 2560 1602 2593 13.

1880 1585 1898 1627 (μ
