1898 3178
408 271 460 307 88
835 274 867 303 s.
904 275 1135 303 *naussum
1166 276 1348 305 Emscom

406 354 522 388 terse
538 343 718 398 inimici,
728 340 837 401 quid
848 339 978 385 faeiat
992 341 1160 385 medius
1171 341 1248 401 qui
1260 332 1493 386 remansit?
1504 342 1627 397 Vult,
1638 343 1785 402 exigit,

407 415 575 473 flagitat
597 429 620 457 a
643 422 684 457 te
703 421 754 456 ut
772 411 912 456 oderis
930 425 1029 455 cum
1047 410 1123 456 illo
1140 426 1273 471 quem
1285 410 1426 456 odisse
1439 412 1575 471 eoepit
1589 447 1600 467 ,
1626 421 1670 457 et
1690 412 1786 458 haec

403 486 537 529 verba
559 484 640 528 tibi
657 482 761 526 dicit
779 501 788 527 ε
809 484 906 527 Non
928 498 971 526 es
994 482 1156 527 amicus
1174 498 1296 527 meus
1311 517 1322 538 ,
1342 484 1444 542 quia
1457 498 1501 527 es
1524 483 1687 527 amicus
1702 483 1789 527 ini-

402 555 505 599 mici
523 554 622 597 mei.
645 555 753 605 Quae
769 568 853 596 vox
880 552 1007 611 hujus
1030 561 1093 596 est
1109 551 1163 596 ad
1186 561 1251 607 te,
1276 553 1365 611 ipsa
1384 562 1447 596 est
1463 562 1507 597 et
1522 552 1637 596 illius
1659 553 1714 597 ad
1727 562 1786 598 te.

404 628 505 670 Tres
523 624 640 667 enim
657 623 798 666 eratis.
814 625 916 666 Tres
928 623 1054 666 eratis
1070 657 1081 677 ,
1096 623 1186 666 duo
1204 632 1438 681 coeperunt
1452 637 1542 666 esse
1552 622 1788 679 discordes,

401 694 644 739 remansisti
673 703 736 737 tu.
780 694 823 738 Si
851 693 952 737 huic
980 703 1020 737 te
1047 694 1241 752 junxeris
1257 727 1269 748 ,
1294 692 1419 736 illum
1439 693 1621 737 habebis
1643 694 1791 737 inimi-

400 780 502 811 cum
536 783 547 809 ε
573 764 607 808 si
637 763 728 819 illi,
758 764 888 807 istum
918 782 927 807 ε
957 764 991 807 si
1013 764 1249 818 ambobus,
1275 763 1407 807 ambo
1428 763 1789 808 murmurabunt.

399 839 514 881 Ecce
538 835 722 880 tentatio
751 853 761 879 :
783 849 882 879 ecce
907 834 1044 894 spinae
1067 834 1114 878 in
1135 834 1262 878 vinea
1283 849 1373 894 quo
1395 834 1604 878 conducti
1624 849 1791 879 sumus.

400 910 613 967 Expectas
632 905 748 951 forte
769 921 794 950 a
815 920 886 949 me
907 905 1058 949 audire
1079 903 1189 964 quid
1220 902 1369 949 facias.
1395 907 1611 948 Permane
1631 904 1795 949 amicus

402 978 648 1023 amborum.
682 976 766 1030 Qui
796 975 1047 1021 discordant
1079 976 1193 1020 inter
1221 990 1288 1031 se,
1319 975 1591 1020 concordent
1620 990 1699 1035 per
1729 984 1790 1020 te.

399 1047 514 1092 Mala
528 1049 563 1091 si
584 1061 683 1106 quae
700 1045 822 1090 audis
839 1046 896 1090 ab
913 1045 1049 1090 altero
1065 1043 1121 1089 de
1136 1045 1272 1090 altero
1283 1079 1295 1100 ,
1315 1043 1407 1089 noli
1428 1043 1612 1104 prodere
1634 1044 1759 1089 alteri
1781 1062 1791 1089 ε

402 1133 458 1162 ne
480 1116 592 1161 forte
614 1116 701 1160 sint
716 1125 866 1174 postea
895 1115 1023 1159 amici
1042 1115 1120 1174 qui
1142 1114 1274 1159 modo
1296 1123 1398 1158 sunt
1418 1114 1603 1169 inimici,
1628 1123 1670 1158 et
1690 1129 1795 1173 pro-

401 1188 562 1233 ditores
584 1201 682 1247 suos
706 1186 894 1245 prodant
917 1185 1013 1229 sibi.
1049 1183 1132 1230 Sed
1155 1186 1238 1230 hoc
1262 1194 1440 1244 propter
1461 1185 1659 1228 homines
1680 1184 1792 1241 dixi,

400 1274 489 1303 non
512 1266 692 1317 propter
714 1255 864 1300 oculos
886 1256 976 1314 ejus
998 1255 1074 1314 qui
1097 1269 1175 1299 nos
1203 1254 1429 1299 conduxit.
1460 1256 1572 1298 Ecce
1595 1269 1724 1299 nemo
1751 1263 1795 1299 te

398 1327 545 1387 prodit
575 1347 584 1371 :
620 1329 731 1370 Deus
755 1326 831 1385 qui
856 1323 976 1368 videt
1000 1324 1090 1382 ipse
1120 1333 1163 1368 te
1181 1323 1365 1384 judicat.
1401 1323 1574 1368 Audisti
1599 1324 1654 1367 ab
1684 1324 1794 1368 irato

400 1398 601 1449 verbum,
620 1412 644 1439 a
666 1394 858 1448 dolente,
885 1410 909 1437 a
930 1402 1211 1437 succensente
1237 1409 1246 1434 τ
1273 1393 1483 1437 moriatur
1497 1393 1542 1436 in
1565 1402 1622 1437 te.
1650 1395 1794 1446 Quare

397 1466 593 1527 proditur
607 1500 618 1521 ,
635 1480 771 1525 quare
780 1462 1025 1523 profertur?
1040 1467 1137 1509 Non
1150 1464 1264 1507 enim
1280 1464 1371 1507 siin
1388 1463 1594 1517 tefuerit,
1611 1463 1793 1508 disrum-

395 1548 470 1598 pet
483 1547 540 1582 te.
554 1536 630 1580 Dic
643 1551 745 1579 sane
761 1534 900 1578 amico
915 1543 1008 1589 tuo,
1023 1534 1100 1593 qui
1113 1533 1206 1577 vult
1221 1543 1262 1577 te
1275 1533 1417 1577 facere
1430 1533 1654 1578 inimic-um
1664 1534 1793 1579 amici

400 1609 464 1654 tui
482 1627 491 1652 ε
508 1606 729 1665 alloquere
743 1638 754 1659 ,
771 1613 815 1647 et
831 1612 1039 1663 tanquam
1056 1612 1338 1660 aegrotantem
1352 1604 1545 1647 animum
1563 1602 1793 1647 medicinae

398 1677 576 1722 lenitate
595 1683 826 1735 pertracta.
846 1674 922 1717 Dic
935 1672 1018 1717 illi:
1039 1676 1183 1726 Quare
1201 1674 1262 1717 vis
1276 1682 1326 1717 ut
1340 1674 1419 1717 sim
1434 1674 1632 1718 inimicus
1650 1673 1792 1718 illius?

403 1746 653 1806 Respondet
668 1779 679 1800 ,
704 1744 816 1797 Quia
843 1743 1044 1786 inimicus
1072 1758 1194 1786 meus
1226 1752 1304 1787 est.
1323 1743 1397 1787 Vis
1419 1759 1522 1802 ergo
1542 1754 1591 1788 ut
1612 1744 1692 1788 sim
1713 1744 1794 1788 ini-

401 1819 538 1862 micus
559 1814 723 1859 inimici
735 1813 823 1858 tui?
838 1812 1043 1857 Inimicus
1061 1827 1151 1857 esse
1172 1811 1312 1857 debeo
1330 1814 1421 1857 vitii
1434 1815 1514 1857 tui.
1537 1817 1622 1857 Iste
1638 1815 1708 1858 cui
1722 1829 1791 1858 me

400 1888 463 1932 vis
488 1886 629 1931 facere
650 1885 898 1937 inimicum,
921 1883 1054 1927 homo
1076 1892 1140 1926 est
1166 1902 1175 1926 z
1207 1892 1271 1927 est
1292 1882 1400 1926 alius
1433 1883 1634 1927 inimicus
1659 1893 1760 1929 tuus
1775 1919 1786 1940 ,

401 1958 472 2003 cui
494 1957 634 2001 debeo
664 1969 753 1998 esse
785 1953 986 1997 inimicus
1003 1986 1014 2007 ,
1041 1953 1076 1995 si
1097 1952 1259 1996 amicus
1281 1961 1383 1996 tuus
1398 1968 1509 1997 sum.
1536 1954 1791 2013 Responde-

405 2029 488 2072 bit:
515 2027 620 2080 Quis
643 2035 707 2069 est
729 2024 836 2067 alius
858 2022 1058 2066 inimicus
1076 2024 1223 2066 meus?
1239 2023 1403 2066 Vitium
1422 2032 1565 2067 tuum.
1590 2027 1790 2084 Respon-

403 2098 525 2143 debit
560 2117 570 2142 ε
603 2094 732 2149 Quod
756 2094 912 2138 vitium
938 2094 1116 2136 meum?
1138 2092 1300 2137 Odium
1331 2110 1419 2153 quo
1452 2095 1579 2139 odisti
1602 2096 1789 2140 amicum

405 2178 545 2213 tuum.
570 2168 676 2210 Esto
694 2179 796 2221 ergo
818 2162 966 2207 similis
983 2161 1168 2206 medico.
1185 2163 1380 2207 Medicus
1402 2180 1493 2207 non
1514 2173 1629 2208 amat
1650 2180 1787 2223 aegro-

399 2248 582 2293 tantem,
594 2237 730 2280 sinon
746 2235 839 2279 odit
852 2233 1172 2293 aegritudinem.
1195 2236 1251 2277 Ut
1270 2233 1427 2278 liberet
1446 2244 1676 2292 aegrotum,
1694 2251 1788 2294 per-

403 2309 597 2367 sequitur
630 2305 810 2350 febrem.
828 2303 970 2349 Nolite
989 2318 1131 2347 amare
1150 2303 1253 2347 vitia
1269 2305 1507 2349 amicorum
1525 2314 1783 2360 vestrorum,

403 2392 436 2421 si
459 2377 608 2420 amatis
628 2376 785 2419 amicos
808 2383 986 2418 vestros.

460 2448 560 2489 VII.
590 2446 673 2489 Sed
695 2446 770 2505 qui
792 2444 904 2499 dico,
924 2453 1125 2503 putas-ne
1146 2442 1258 2487 facio
1280 2445 1369 2503 ipse
1392 2442 1512 2504 quod
1534 2443 1658 2488 dico?
1680 2447 1786 2488 Fra-

407 2526 490 2559 tres
511 2515 616 2568 mei,
643 2513 778 2570 facio,
802 2515 835 2559 si
859 2515 904 2558 in
924 2529 993 2557 me
1016 2513 1134 2573 prius
1152 2512 1282 2572 facio.
1311 2516 1363 2557 In
1385 2529 1453 2557 me
1475 2522 1620 2558 autem
1643 2513 1782 2570 facio,

402 2585 432 2626 fxi
457 2601 476 2627 a
502 2584 684 2627 nomino
705 2585 886 2642 accipio.
917 2582 1038 2629 facio.
1066 2581 1147 2626 Odi
1170 2583 1271 2628 vitia
1294 2598 1387 2627 mea
1405 2618 1415 2638 ,
1441 2599 1515 2627 cor
1537 2582 1778 2628 sanandum
