1898 3178
424 169 508 206 255
857 180 890 207 5.
927 179 1158 208 Auensrim
1190 181 1371 210 museum

426 371 455 386 ῑὶ
462 371 529 387 ΛΑᾹΑ
533 371 601 386 &MS
604 370 742 387 ῑΎνὶηννὶῆ
746 370 883 387 mm*
886 371 956 387 m
959 371 1024 387 m
1027 370 1380 388 mmmmm
1383 371 1522 388 mmm!
1526 371 1594 387 MM
1597 371 1664 387 ΝἏΊ
1668 371 1735 387 WB!
1741 372 1804 388 νυνὶ
1865 391 1867 397 ¹

879 502 1109 549 SERMO
1154 501 1307 549 LXIV
1333 502 1363 547 ¹.

425 665 484 705 De
507 661 650 706 verbis
675 661 902 722 Evangelii
938 664 1096 708 Matth.
1135 681 1194 708 x:
1224 660 1394 709 Nolite
1431 663 1595 707 timere
1618 676 1697 707 eos
1730 661 1814 719 qai

836 750 1009 793 eorpus
1031 732 1281 789 occidunt,
1306 743 1395 779 etc.

730 895 904 936 Habitus
924 894 963 934 in
983 894 1236 935 solemnitate
1252 894 1487 947 Martyrum.

498 1047 532 1087 Ι.
558 1046 808 1089 Annonem-,r
835 1060 915 1089 nos
936 1043 1124 1105 Eloquia
1152 1044 1324 1100 divina,
1349 1061 1448 1106 quae
1476 1044 1589 1090 lecta
1610 1053 1739 1100 sunt,
1764 1044 1812 1089 ti-

426 1115 586 1158 mendo
609 1130 698 1159 non
721 1116 897 1171 timere,
925 1125 969 1160 et
991 1131 1078 1159 non
1109 1116 1304 1161 timendo
1327 1116 1494 1160 timere.
1526 1116 1782 1169 Advertistis
1799 1151 1810 1170 ‚

422 1200 523 1228 cum
558 1194 758 1230 sanctum
796 1185 1085 1245 Evangelium
1122 1185 1368 1246 legeretur,
1401 1185 1637 1231 Dominum
1673 1189 1814 1231 Deum

423 1264 621 1300 nostrum
655 1265 889 1317 antequam
912 1272 991 1316 pro
1016 1257 1139 1302 nobis
1160 1266 1404 1302 moreretur
1419 1292 1430 1313 ,
1456 1258 1603 1301 firmos
1626 1272 1703 1301 nos
1725 1271 1815 1301 esse

422 1326 610 1371 voluisse
635 1346 643 1371 ε
677 1326 754 1371 sed
791 1326 1069 1372 admonendo
1091 1343 1146 1371 ne
1179 1328 1448 1381 timeremus,
1475 1336 1520 1371 et
1536 1326 1815 1372 admonendo

422 1406 473 1442 ut
493 1398 758 1443 timeremus.
786 1399 859 1443 Ait
890 1399 1006 1442 enim
1030 1418 1039 1444 :
1067 1418 1086 1441 «
1108 1397 1252 1443 Nolite
1284 1399 1436 1442 timere
1458 1413 1530 1442 eos
1558 1398 1635 1458 qui
1657 1413 1815 1457 corpus

428 1489 445 1509 »
483 1468 711 1526 occidunt,
728 1469 917 1514 animam
943 1478 1088 1514 autem
1112 1485 1201 1514 non
1224 1477 1406 1529 possunt
1427 1467 1639 1513 occidere.
1659 1487 1679 1510 »
1700 1471 1814 1513 Ecce

422 1540 499 1584 ubi
521 1541 692 1585 monuit
720 1556 776 1585 ne
806 1542 1070 1587 timeremus.
1098 1541 1254 1585 Videte
1275 1541 1351 1585 ubi
1374 1540 1594 1585 monuerit
1615 1549 1665 1584 ut
1688 1540 1813 1584 time-

423 1625 582 1655 remus.
613 1631 632 1653 «
658 1610 741 1656 Sed
764 1627 863 1656 eum
882 1647 892 1667 ‚
912 1611 1082 1672 inquit,
1106 1612 1279 1667 timete,
1301 1611 1377 1672 qui
1399 1619 1656 1671 potestatem
1679 1611 1813 1654 habet

425 1699 445 1721 »
465 1691 508 1726 et
526 1697 682 1741 corpus
702 1691 745 1726 et
761 1683 950 1727 animam
967 1682 1166 1728 occidere
1184 1682 1230 1725 in
1247 1682 1445 1740 gehenna
1457 1684 1521 1724 ².»
1533 1684 1649 1740 Ergo
1666 1681 1812 1725 timea-

422 1767 517 1796 mus
536 1787 545 1807 ,
573 1762 621 1797 ut
638 1769 728 1798 non
746 1755 989 1798 timeamus.
1016 1754 1163 1798 Timor
1187 1752 1360 1797 videtur
1377 1751 1433 1796 ad
1449 1752 1665 1811 ignaviam
1681 1752 1814 1812 perti-

421 1837 523 1865 nere
546 1842 553 1866 :
582 1824 711 1867 timor
732 1825 1009 1870 infirmorum
1031 1824 1207 1868 videtur
1239 1839 1350 1878 esse,
1386 1839 1478 1868 non
1505 1822 1701 1878 fortium.
1731 1822 1815 1867 Sed

420 1892 566 1936 videte
588 1893 696 1953 quid
724 1894 783 1937 ait
810 1894 1030 1954 Scriptura
1055 1912 1063 1937 :
1096 1912 1116 1935 «
1145 1894 1290 1937 Timor
1313 1893 1484 1937 Domini
1520 1908 1615 1952 spes
1636 1892 1815 1937 fortitu-

424 1981 444 2004 »
480 1962 639 2006 dinis3.
670 1982 688 2004 υ
717 1964 979 2018 Timeamus,
1002 1978 1058 2006 ne
1080 1962 1310 2006 timeamus
1331 1981 1340 2006 ε
1366 1963 1450 2006 hoc
1468 1971 1552 2017 est,
1575 1961 1814 2022 prudenter

425 2032 666 2089 timeamus,
681 2049 737 2077 ne
752 2033 940 2078 inaniter
958 2034 1203 2077 timeamus.
1228 2036 1442 2090 Martyres
1460 2034 1612 2089 sancti,
1637 2043 1815 2093 propter

422 2119 611 2163 quorum
646 2103 966 2149 solemnitatem
998 2105 1082 2148 hoc
1115 2120 1165 2148 ex
1194 2103 1430 2162 Evangelio
1465 2104 1693 2149 recitatum
1723 2114 1811 2160 est,

422 2175 619 2220 timendo
639 2190 729 2219 non
759 2175 1034 2219 timuerunt:
1069 2174 1172 2235 quia
1198 2177 1338 2218 Deum
1370 2175 1588 2230 timendo,
1619 2176 1816 2220 homines

423 2255 792 2306 contempserunt.

485 2321 543 2361 II.
575 2317 689 2371 Quid
711 2318 829 2362 enim
858 2318 913 2361 ab
937 2316 1190 2361 hominibus
1212 2317 1381 2360 homini
1402 2315 1686 2361 metuendum
1721 2319 1815 2360 est‘?

1850 2318 1854 2338 Ι

1850 2348 1854 2371 ί
1894 2371 1898 2373 .

425 2390 482 2432 Et
501 2388 607 2448 quid
629 2399 694 2433 est
716 2389 837 2433 unde
863 2388 1047 2433 alterum
1073 2396 1252 2443 terreat,
1278 2389 1411 2433 homo
1428 2388 1686 2432 hominem?
1709 2390 1815 2431 Ter·
1849 2379 1854 2453 J
1895 2432 1898 2444 ζ

1847 2602 1851 2657 ἓ
1890 2583 1893 2585 ,

490 2492 496 2506 ¹
516 2485 598 2518 Alias
620 2487 656 2519 13
675 2487 759 2520 inter
778 2486 902 2520 additos
922 2497 939 2518 a
956 2485 1196 2519 parisiensibus.
1227 2503 1267 2509 -
1301 2493 1313 2508 ²
1340 2485 1462 2518 Matth.
1485 2497 1515 2526 x,
1542 2485 1596 2517 28.
1623 2502 1662 2508 —-
1685 2484 1698 2508 3
1722 2487 1814 2517 Prov.

426 2552 492 2582 juv,
512 2541 564 2573 26.
