1898 3178
324 241 462 270 5ΕῇΜο
493 243 608 281 an,
643 244 697 270 DE
729 245 874 273 vEnms
905 245 1070 272 MATTH.
1108 246 1203 271 v111.
1379 234 1462 272 239

90 307 299 352 Dominus
318 309 498 367 corpofe
517 323 607 352 non
624 308 821 365 intravit,
846 319 890 354 et
907 312 996 370 ejus
1012 319 1159 354 tamen
1185 309 1318 353 fidem
1334 318 1465 370 atque

90 376 225 435 ipsam
255 376 436 421 domum
458 377 612 420 absens
648 393 829 437 corpore
843 414 859 434 ,
888 394 1076 438 praesens
1097 380 1318 439 maiestate
1339 394 1466 423 sana-

90 445 152 490 vit
175 462 186 488 :
208 447 270 491 sic
290 455 334 490 et
354 444 471 491 idem
490 447 702 492 Dominus
724 448 769 493 in
789 448 882 493 solo
914 452 940 493 J
944 450 1070 495 udaeo
1101 449 1265 509 populo
1285 465 1467 509 corpore

91 513 195 574 fuit3
214 515 332 575 apud
353 515 455 561 alias
476 525 625 575 gentes
647 532 728 563 nec
750 518 804 562 de
826 519 1001 577 Virgine
1018 528 1146 566 natus
1166 529 1246 576 est,
1265 535 1347 565 nec
1367 535 1467 580 pas-

89 600 160 630 sus
182 594 270 642 est,
306 602 387 631 nec
416 586 602 646 pedibus
634 588 874 633 ambulavit
892 624 904 644 ,
932 604 1013 634 nec
1044 591 1235 635 humana
1257 589 1465 650 pertulit,

88 671 170 701 nec
199 655 344 702 divina
364 657 578 702 mirabilia
598 657 716 703 fecit.
741 657 860 704 Nihil
875 659 1032 704 horum
1062 660 1108 704 in
1135 661 1300 705 caeteris
1321 661 1468 720 genti—

88 727 171 771 hus
195 746 205 772 :
230 736 276 772 et
290 736 437 772 tamen
460 727 514 772 de
535 727 611 773 illo
632 728 862 789 impletum
882 739 946 774 est
961 765 973 786 ‚
997 730 1120 790 quod
1140 731 1308 776 dictum
1340 741 1432 776 erat
1454 750 1464 776 :

93 814 114 837 «
147 796 339 856 Populus
386 813 517 858 quem
551 814 641 843 non
676 800 885 859 cognovi,
930 800 1106 845 servivit
1138 801 1260 845 mihi.
1296 820 1317 843 >›
1348 804 1469 854 Quo-

87 866 236 922 modo,
253 867 287 911 si
308 882 398 913 non
415 869 650 928 cognovit?
664 888 685 912 «
700 872 751 914 In
771 869 923 915 auditu
936 871 1050 915 auris
1062 869 1257 916 obedivit
1275 871 1382 915 mihi
1396 874 1426 916 1.
1445 889 1466 912 »

87 938 113 980 J
117 935 240 982 udaea
262 951 364 995 gens
384 939 618 997 cognovit,
640 948 684 984 et
703 940 919 985 crucifixit
939 959 949 986 ε
975 941 1088 986 orbis
1105 949 1319 985 terrarum
1341 940 1470 985 audi-

87 1007 150 1052 vit
163 1042 175 1063 ,
198 1017 243 1052 et
258 1008 458 1053 credidit.

145 1080 198 1122 V.
218 1081 342 1124 Hanc
362 1081 555 1141 quodam
576 1077 709 1125 modo
731 1082 969 1126 absentiam
990 1081 1182 1141 corporis
1199 1081 1266 1125 sui
1292 1090 1336 1125 et
1357 1096 1472 1140 prae-

84 1149 266 1194 sentiam
288 1150 460 1196 virtutis
492 1151 649 1207 suae-in
671 1152 874 1196 omnibus
895 1152 1099 1210 gentibus
1115 1186 1126 1206 ‚
1155 1152 1258 1195 etin
1279 1151 1352 1196 illa
1371 1167 1469 1196 mu-

85 1218 189 1264 liere
205 1221 488 1280 significavit,
512 1238 611 1281 quae
632 1223 849 1267 fimbriam
871 1222 1118 1267 vestimenti
1138 1223 1229 1282 ejus
1251 1223 1467 1281 tetigerat,

83 1304 184 1334 cum
202 1291 382 1351 requirit
405 1291 552 1337 dicens
570 1311 610 1337 z«
621 1293 726 1345 Quis
741 1307 810 1336 me
828 1293 970 1351 tetigit
986 1294 1035 1336 P»
1057 1295 1283 1352 Tanquam
1296 1293 1468 1347 absens,

85 1360 267 1420 requirit
291 1379 300 1405 ε
325 1370 536 1422 tanquam
557 1377 745 1421 praesens
759 1397 771 1416 ,
793 1370 930 1406 sanat.
950 1380 970 1404 «
989 1362 1146 1406 Turbae
1164 1371 1208 1405 te
1224 1397 1235 1417 ‚
1261 1362 1472 1422 inquiunt

86 1448 107 1472 »
130 1431 354 1491 Discipuli,
369 1433 681 1492 comprimunt,
694 1442 737 1477 et
749 1433 877 1477 dicis:
894 1433 1000 1487 Quis
1015 1448 1085 1476 me
1103 1432 1272 1491 tetigit²
1287 1433 1471 1486 ?»Quasi

85 1502 202 1546 enim
221 1503 280 1547 sic
314 1503 588 1559 ambularet,
620 1513 671 1548 ut
695 1520 720 1549 a
742 1503 866 1548 nullo
898 1519 1074 1563 prorsus
1106 1518 1287 1562 corpore
1315 1512 1471 1562 tange-

85 1581 220 1628 retur,
243 1573 302 1618 ita
321 1573 429 1618 dixit
448 1593 459 1619 ε
480 1593 502 1616 «
519 1574 622 1628 Quis
638 1590 709 1618 me
730 1573 901 1632 tetigit?
922 1577 978 1618 Et
999 1573 1083 1628 illi,
1106 1573 1264 1620 Turbae
1286 1582 1330 1617 te
1350 1588 1471 1618 com-

87 1661 109 1685 »
142 1643 353 1702 primunt.
375 1662 394 1685 »
422 1646 481 1688 Et
508 1653 718 1703 tanquam
747 1643 910 1688 diceret
931 1643 1141 1688 Dominus
1163 1661 1173 1687 t
1200 1645 1470 1701 Tangentem

83 1729 234 1773 quaero
251 1749 262 1769 ‚
286 1730 377 1758 non
397 1712 683 1773 prementem.
711 1714 779 1759 Sic
799 1715 928 1758 etiam
947 1729 1067 1757 nunc
1094 1721 1157 1756 est
1173 1727 1331 1772 corpus
1348 1714 1439 1772 ejus
1455 1747 1466 1768 ,

82 1783 127 1828 id
149 1794 232 1841 est,
257 1784 448 1829 Ecclesia
473 1786 578 1844 ejus.
607 1784 763 1843 Tangit
785 1799 880 1828 eam
901 1784 1008 1828 fides
1029 1798 1285 1843 paucorum,
1310 1784 1471 1842 premit

82 1856 212 1899 turba
233 1855 489 1899 multorum.
501 1856 668 1912 Corpus
687 1854 802 1899 enim
821 1854 980 1898 Christi
997 1868 1088 1897 esse
1105 1848 1357 1909 Ecclesiam,
1369 1863 1471 1898 tan-

81 1940 216 1985 quam
235 1924 315 1969 filii
335 1925 426 1984 ejus
442 1959 455 1979 ,
487 1923 664 1968 audistis
690 1943 700 1968 ι
722 1932 765 1967 et
785 1925 819 1967 si
838 1922 970 1967 vultis
988 1957 999 1978 ‚
1023 1923 1105 1982 ipsi
1135 1922 1251 1967 estis.
1279 1926 1470 1983 Aposto-

81 1994 150 2040 lus
180 1995 329 2040 multis
358 1995 464 2039 locis
491 1995 574 2039 hoc
601 1995 706 2039 dicit
732 2013 740 2039 z
766 2013 787 2037 ι(
812 1998 896 2038 Pro
931 2009 1114 2053 corpore
1132 2029 1142 2049 ,
1180 1994 1325 2053 inquit
1342 2029 1353 2049 ,
1379 1996 1470 2054 ejus

85 2085 105 2108 n
141 2082 240 2126 quae
258 2075 321 2110 est
342 2065 577 2110 Ecclesiass.
603 2083 623 2107 »
645 2067 700 2109 Et
722 2065 882 2109 iterum
903 2083 912 2109 :
937 2082 958 2106 «
978 2066 1066 2108 Vos
1089 2072 1235 2108 autem
1257 2065 1356 2109 estis
1379 2080 1470 2110 cor-

83 2155 106 2180 »
139 2153 222 2197 pus
242 2137 402 2183 Christi
423 2146 466 2182 et
486 2137 729 2181 membra&
750 2154 770 2178 »
802 2136 844 2181 Si
866 2150 967 2194 ergo
990 2150 1147 2195 corpus
1172 2136 1266 2195 ejus
1288 2152 1437 2181 sumus
1455 2172 1467 2191 ,

83 2208 204 2268 quod
224 2218 331 2253 tunc
351 2223 508 2267 corpus
531 2208 662 2266 ipsius
682 2208 729 2251 in
750 2207 879 2251 turba
896 2206 1149 2266 patiebatur
1165 2241 1176 2261 ,
1202 2208 1285 2251 hoc
1307 2208 1471 2266 patitur

82 2277 273 2324 Ecclesia
292 2279 441 2339 ipsius.
460 2281 497 2322 A
513 2279 653 2323 turbis
669 2278 884 2338 premitur
904 2297 913 2322 ε
929 2294 952 2322 a
971 2278 1119 2337 paucis
1136 2278 1344 2336 tangitur.
1357 2280 1470 2324 Caro

83 2363 178 2394 eam
215 2349 398 2409 premit,
421 2348 530 2392 fides
551 2339 706 2408 tangit.
731 2349 897 2408 Erigite
933 2348 1067 2407 igitur
1088 2347 1237 2392 oculos
1252 2383 1263 2403 ,
1288 2348 1470 2394 obsecro

82 2435 174 2475 vos,
200 2421 276 2481 qui
293 2420 463 2465 habetis
486 2419 605 2464 unde
622 2419 816 2465 videatis.
843 2419 1023 2464 Habetis
1044 2421 1159 2463 enim
1177 2419 1297 2479 quod
1318 2420 1468 2466 videa-

143 2525 152 2541 Ι
185 2518 266 2550 Psal.
294 2529 368 2560 xvu,
387 2516 442 2559 45.
473 2533 513 2540 -
534 2523 547 2540 ²
573 2519 650 2550 Luc.
685 2516 826 2559 vu1,45.
855 2533 895 2540 -
916 2514 930 2539 3
960 2515 1077 2548 Coloss.
1109 2526 1132 2557 1,
1163 2514 1216 2558 24.
1238 2532 1277 2540 ⁷2-
1302 2514 1320 2546 4
1354 2528 1367 2549 1
1389 2518 1463 2550 Cor.

85 2584 139 2615 ιιι,
158 2581 213 2615 27.
