1898 3178
356 204 438 243 316
787 214 821 242 s.
859 213 1087 243 AUGUSTIM
1121 217 1300 245 EPISCOPI

411 283 556 325 XXXI
568 284 735 335 ILQuse
745 296 845 326 eum
855 283 911 325 ita
921 282 1021 336 sint,
1034 283 1220 327 remissio
1229 292 1733 344 peccatorum,quomam

350 368 438 396 nou
461 352 591 396 datur
613 353 693 396 nisi
718 354 760 395 in
785 352 944 411 Spiritu
970 363 1141 409 sancto,
1166 355 1211 398 in
1234 353 1305 398 illa
1330 353 1519 399 Ecclesia
1542 364 1736 399 tantum-

351 423 480 467 modo
495 422 586 467 dari
602 432 757 481 potest,
773 438 872 482 quae
894 423 1029 468 habet
1053 424 1260 483 Spiritum
1281 435 1492 470 sanctum.
1508 427 1601 470 Hoc
1618 426 1735 470 enim

351 495 399 538 fit
422 494 667 538 remissione
688 503 994 553 peccatorum,
1028 510 1083 539 ne
1114 496 1314 555 princeps
1337 496 1528 555 peccati,
1560 496 1735 555 spiritus

350 566 426 624 qui
447 565 492 608 in
510 579 554 609 se
570 565 713 624 ipsum
730 565 892 611 divisus
910 575 994 622 est,
1018 576 1169 626 regnet
1190 567 1236 610 in
1253 567 1402 622 nobis,
1422 577 1473 611 ut
1494 567 1604 612 eruti
1623 583 1646 612 a
1661 583 1734 627 po-

352 645 504 680 testate
521 637 695 696 spiritus
728 637 970 693 immundi,
1015 637 1222 697 templum
1259 638 1463 698 deinceps
1492 637 1735 682 efficiamur

351 708 532 766 Spiritus
556 709 690 753 sancti
707 729 718 765 3
736 718 813 753 eta
831 725 918 769 quo
941 709 1206 753 mundamur
1228 708 1479 768 accipiendo
1500 708 1734 769 indulgen-

353 778 452 822 tiam
469 813 479 832 ‚
513 779 654 838 ipsum
688 780 946 839 accipiamus
969 780 1263 824 habitatorem
1285 778 1339 823 ad
1361 779 1628 835 faciendam,
1653 797 1734 825 au-

351 849 553 907 gendam,
585 850 982 912 perficiendamque
999 852 1226 911 justitiam.
1250 854 1358 896 Nam
1373 861 1415 896 et
1427 851 1472 894 in
1485 852 1626 911 primo
1643 853 1733 912 ejus

351 921 556 977 adventu,
578 937 678 966 cum
692 923 737 967 hi
749 924 825 983 qui
843 939 942 967 eum
958 932 1214 982 acceperant
1235 923 1394 982 linguis
1418 923 1613 967 omnium
1633 938 1733 982 gen-

352 992 456 1035 tium
479 991 779 1052 loquerentur,
803 1003 845 1038 et
858 1003 1079 1053 stupentes
1102 1009 1173 1038 eos
1192 994 1267 1054 qui
1291 994 1471 1038 aderant
1491 993 1735 1054 alloquere-

352 1072 421 1106 tur
438 1064 654 1122 apostolus
677 1069 852 1121 Petrus3
877 1066 1131 1124 compuncti
1152 1075 1254 1109 sunt
1281 1065 1434 1120 corde,
1466 1075 1508 1110 et
1531 1065 1733 1110 dixerunt

349 1133 401 1177 ad
425 1138 597 1178 Petrum
612 1144 654 1179 et
676 1135 730 1179 ad
753 1135 980 1194 Apostolos
998 1155 1007 1181 z
1033 1136 1179 1189 «Quid
1201 1151 1302 1194 ergo
1319 1136 1544 1190 faciemus,
1563 1135 1734 1180 fratres?

350 1222 370 1244 n
406 1214 642 1249 monstrate
662 1206 802 1250 nobis.
824 1209 881 1250 Et
898 1205 1004 1250 dixit
1019 1210 1170 1250 Petrus
1188 1206 1241 1250 ad
1257 1221 1328 1250 eos
1351 1207 1502 1264 :Agite
1519 1206 1735 1265 poeniten-

350 1294 369 1317 »
409 1276 531 1330 tiam,
569 1286 611 1321 et
645 1278 891 1336 baptizetur
917 1278 1220 1337 unusquisque
1254 1287 1446 1321 vestrum
1478 1278 1523 1321 in
1554 1278 1732 1321 nomine

350 1364 369 1387 »
405 1349 426 1389 J
434 1362 507 1390 esu
528 1348 707 1401 Christi,
733 1348 776 1390 in
804 1348 1097 1392 remissionem
1117 1356 1394 1406 peccatorum
1409 1383 1419 1402 ,
1452 1357 1494 1392 et
1515 1348 1731 1406 accipietis

351 1437 367 1458 »
404 1417 569 1460 donum
593 1419 776 1477 Spiritus
798 1418 1005 1463 sa11cti1.»
1031 1419 1188 1478 Utique
1209 1419 1254 1462 in
1270 1417 1462 1462 Ecclesia
1494 1428 1731 1479 utrumque

346 1487 508 1531 factum
529 1497 614 1542 est,
640 1487 685 1531 id
707 1497 797 1544 est,
823 1498 865 1532 et
882 1498 1156 1548 peccatorum
1181 1489 1393 1543 remissio,
1418 1498 1460 1532 et
1482 1489 1587 1533 doni
1602 1490 1732 1549 hujus

345 1559 560 1616 acceptio,
585 1558 628 1602 in
649 1575 735 1618 qua
752 1568 844 1603 erat
862 1559 1045 1618 Spiritus
1063 1568 1252 1603 sanctus.
1278 1558 1384 1603 Ideo
1407 1568 1552 1603 autem
1576 1561 1620 1603 in
1647 1576 1730 1604 no-

344 1630 460 1673 mine
479 1633 580 1673 Jesu
605 1631 792 1685 Christi,
817 1631 919 1689 quia
943 1646 1043 1675 cum
1066 1631 1270 1674 eumdem
1294 1631 1505 1690 Spiritum
1530 1640 1728 1675 sanctum

343 1700 636 1758 promitteret:
654 1703 817 1753 «Quem
828 1701 986 1755 mittet,
1002 1701 1161 1760 inquit,
1176 1704 1301 1744 Pater
1313 1701 1356 1744 in
1368 1702 1544 1745 nomine
1562 1705 1693 1745 meo‘2.
1704 1719 1724 1742 »

342 1773 492 1830 Neque
507 1772 621 1814 enim
640 1772 806 1815 habitat
822 1773 866 1815 in
883 1787 1104 1831 quoquam
1123 1772 1306 1831 Spiritus
1320 1781 1494 1816 sanctus
1503 1773 1594 1816 sine
1603 1776 1729 1816 Patre

343 1851 385 1885 et
409 1841 511 1885 Filio
533 1862 541 1886 ;
563 1842 673 1886 sicut
689 1858 768 1886 nec
786 1842 916 1886 Filius
934 1843 1024 1886 sine
1047 1846 1172 1886 Patre
1194 1852 1236 1886 et
1259 1843 1421 1902 Spiritu
1447 1853 1596 1887 sancto
1611 1878 1621 1898 ,
1648 1859 1728 1887 nec

343 1913 433 1955 sine
461 1912 543 1956 illis
576 1916 715 1956 Pater.
743 1912 1047 1971 Inseparabilis
1081 1913 1244 1972 quippe
1267 1922 1330 1956 est
1357 1913 1593 1967 habitatio,
1616 1930 1728 1973 quo-

343 1997 437 2026 rum
458 1991 520 2026 est
541 1982 837 2042 inseparabilis
859 1983 1050 2042 operatio
1072 2002 1080 2027 :
1099 1983 1173 2026 sed
1193 1983 1444 2041 singillatim
1466 1984 1727 2044 plerumque

342 2069 417 2113 per
439 2062 649 2098 creaturas
684 2053 1039 2112 significationes,
1072 2068 1161 2096 non
1193 2069 1270 2112 per
1292 2070 1412 2098 suam
1435 2054 1725 2098 substantiam

343 2126 721 2181 demonstrantur3
745 2125 856 2168 sicut
876 2140 951 2168 sua
975 2133 1223 2183 temporum
1246 2126 1380 2185 spatia
1401 2125 1579 2183 syllabis
1599 2141 1727 2170 occu-

343 2196 546 2254 pantibus
574 2196 802 2256 separatim
823 2210 930 2240 voce
946 2196 1287 2254 pronuntiantur
1314 2216 1322 2241 :
1344 2211 1424 2240 nec
1454 2205 1599 2240 tamen
1626 2213 1648 2241 a
1681 2212 1726 2240 se

343 2266 441 2324 ipsis
465 2266 562 2311 ullis
582 2266 817 2311 intervallis
840 2266 1157 2326 momentisque
1180 2276 1426 2325 temporum
1450 2276 1720 2326 separantur.

342 2339 439 2381 Non
461 2340 575 2382 enim
600 2353 793 2398 unquam
812 2337 898 2381 dici
920 2346 1101 2395 possunt
1125 2337 1274 2392 simul,
1300 2353 1400 2393 cum
1419 2353 1508 2381 esse
1521 2353 1609 2381 non
1625 2353 1726 2397 pos-

343 2406 428 2450 sint
449 2408 527 2451 nisi
543 2424 712 2467 semper
733 2407 876 2451 simul.
899 2407 983 2451 Sed
996 2409 1144 2468 utjam
1164 2424 1253 2452 non
1267 2408 1399 2452 semel
1412 2408 1724 2463 diximus‚ideo

343 2477 531 2520 remissio
559 2487 858 2536 peccatorum,
893 2493 979 2538 qua
1001 2478 1045 2520 in
1076 2493 1120 2521 se
1154 2478 1277 2523 divisi
1309 2479 1481 2538 spiritus
1512 2479 1725 2523 evertitur

391 2567 399 2581 ¹
421 2563 493 2592 Act.
509 2571 543 2600 ιι,
561 2561 614 2601 37,
633 2561 683 2593 38.
708 2579 747 2584 —
765 2569 776 2584 ²
791 2564 888 2594 ‘Joan.
909 2572 974 2600 inv,
994 2560 1048 2592 96.
