1898 3178
384 247 523 274 suano
553 246 704 285 van,
738 246 793 273 nn
825 244 971 275 VERBIS
999 243 1166 275 Mum.
1201 247 1264 274 xx.
1437 236 1523 276 267

145 432 956 451 WWWWWWWWWWWWWWVURMUWBN
1171 434 1522 451 ᾺΙΙΛΛΝἋΙᾺΜἊΝΝἉΛΝ

596 572 826 619 SERMO
860 573 1036 619 LXVII
1052 572 1080 618 ¹.

143 768 206 810 De
226 765 367 810 verbis
388 765 612 825 Evangelii
631 766 789 811 Matth.
817 783 864 809 x1
891 784 899 811 ε
931 764 1174 820 Confiteor·
1201 764 1310 822 cibi,
1343 766 1524 823 Pater,

201 835 411 881 Domine
439 834 551 881 coelz‘
567 846 612 881 et
634 845 796 892 terras,
817 837 932 895 quia
954 834 1254 881 abscondisti
1279 836 1381 883 lzoec
1403 854 1435 882 α
1452 854 1527 883 sa-

198 905 440 968 pientibus
450 943 464 964 ,
491 917 578 953 etc.

203 1069 238 1110 I.
261 1068 466 1112 SANCTUM
484 1067 767 1124 Evangelium
781 1081 881 1111 cum
897 1066 1130 1127 legeretur,
1147 1066 1392 1112 audivimus
1407 1068 1530 1112 exul-

146 1145 255 1181 tasse
281 1137 510 1183 Dominum
533 1140 681 1181 Jesum
702 1138 749 1182 in
767 1138 928 1197 Spiritu
944 1173 955 1193 ,
980 1147 1023 1182 et
1045 1137 1199 1182 dixisse
1226 1157 1235 1183 :
1265 1157 1284 1179 «
1309 1139 1530 1183 Confiteor

147 1226 167 1249 »
202 1208 309 1264 tibi,
337 1212 490 1264 Pater,
525 1210 709 1253 Domine
748 1209 849 1253 coeli
880 1218 923 1253 et
954 1217 1103 1265 terrae,
1131 1209 1233 1270 quia
1266 1209 1529 1255 abscondisti

147 1296 167 1321 υ
189 1280 295 1324 rhaec
317 1295 341 1323 a
363 1279 630 1339 sapientibus
655 1288 698 1323 et
719 1278 1034 1339 prudentibus,
1059 1290 1104 1324 et
1123 1280 1323 1325 revelasti
1354 1296 1403 1325 ea
1427 1296 1530 1340 par-

146 1367 166 1390 »
200 1349 312 1394 vulis
328 1352 360 1394 ².
388 1368 408 1392 n
432 1353 529 1395 Huc
550 1365 688 1410 usque
708 1351 882 1394 interim
915 1351 1048 1395 verba
1072 1352 1244 1395 Domini
1265 1386 1276 1407 ‚
1303 1352 1337 1396 si
1370 1352 1500 1410 digne
1515 1387 1526 1407 ,

141 1420 176 1464 si
197 1419 430 1479 diligenter
446 1456 458 1475 ,
482 1420 654 1481 siquod
676 1421 866 1480 primum
889 1430 975 1476 est,
1001 1422 1071 1480 pie
1090 1421 1435 1478 consideremus,
1461 1423 1530 1466 in-

141 1491 338 1536 venimus
352 1492 568 1551 primitus,
589 1507 677 1536 non
699 1506 868 1551 semper
890 1507 989 1537 cum
1009 1492 1053 1536 in
1078 1493 1308 1552 Scripturis
1324 1491 1524 1552 legimus,

141 1561 458 1607 confessionem
477 1598 488 1618 ,
534 1564 695 1607 debere
732 1579 810 1608 nos
832 1563 1072 1622 intelligere
1093 1580 1245 1609 vocem
1273 1566 1524 1624 peccatoris.

138 1633 326 1678 Maxime
359 1643 505 1677 autem
540 1634 625 1678 hoc
661 1633 896 1678 dicendum
924 1633 1030 1689 fuit,
1060 1644 1103 1678 et
1124 1635 1227 1678 hinc
1250 1634 1526 1679 admonenda

140 1704 335 1750 Charitas
357 1707 508 1749 Vestra
540 1724 549 1749 ;
574 1705 674 1765 Quia
698 1720 799 1749 mox
821 1714 871 1748 ut
892 1706 975 1749 hoc
1002 1705 1186 1749 verbum
1219 1706 1365 1750 sonuit
1387 1706 1433 1749 in
1454 1722 1528 1750 ore

141 1775 332 1819 Lectoris
348 1810 358 1830 ‚
385 1784 557 1819 secutus
578 1784 641 1819 est
663 1775 793 1819 etiam
814 1791 946 1820 sonus
966 1776 1179 1820 tunsionis
1212 1776 1398 1836 pectoris
1431 1792 1528 1821 ves-

138 1845 218 1900 tri,
248 1846 398 1890 audito
426 1845 588 1890 scilicet
609 1845 730 1904 quod
753 1847 965 1891 Dominus
989 1848 1049 1892 ait
1071 1867 1080 1892 :
1111 1866 1131 1890 «
1157 1848 1380 1892 Confiteor
1416 1848 1522 1902 tibi,

141 1932 163 1957 »
198 1918 340 1960 Pater.
361 1933 382 1957 »
403 1907 456 1959 In
476 1916 561 1959 hoc
577 1915 670 1974 ipso
687 1915 807 1975 quod
824 1914 986 1969 sonuit,
1008 1933 1027 1956 «
1045 1915 1288 1969 Confiteor,
1312 1925 1526 1975 »pectora

138 1985 378 2031 tutudistis.
406 1985 608 2029 Tundere
641 1994 788 2029 autem
806 1994 959 2044 pectus
982 1984 1091 2046 quid
1113 1993 1202 2041 est,
1234 1986 1315 2029 nisi
1346 2002 1526 2046 arguere

137 2055 259 2117 quod
272 2056 380 2101 latet
400 2056 446 2100 in
465 2065 658 2116 pectore,
675 2065 720 2100 et
729 2055 921 2100 evidenti
943 2054 1072 2115 pulsu
1086 2055 1307 2100 occultum
1318 2057 1525 2116 castigare

136 2128 396 2187 peccatum?
414 2129 557 2180 Quare
578 2126 663 2171 hoc
687 2125 848 2170 fecistis
876 2125 956 2170 nisi
978 2126 1081 2186 quia
1096 2126 1273 2171 audistis
1298 2146 1306 2171 ;
1328 2145 1348 2169 (ι
1375 2128 1524 2172 Confi-

139 2216 160 2238 »
195 2207 290 2242 teor
310 2198 414 2253 tibi,
439 2200 599 2242 Pater?
617 2198 862 2252 Confiteor,
888 2215 908 2238 »
935 2197 1114 2241 audistis
1136 2197 1237 2257 :qui
1259 2198 1492 2243 confitetur
1508 2234 1520 2255 ,

137 2282 228 2312 non
249 2268 506 2313 attendistis.
525 2271 651 2314 Nunc
670 2283 773 2327 ergo
794 2268 1019 2313 advertite.
1038 2270 1097 2324 Si,
1117 2269 1357 2324 Confiteor,
1375 2270 1523 2315 Chris-

137 2347 207 2383 tus
228 2337 361 2392 dixit,
388 2353 410 2381 a
432 2352 521 2397 quo
541 2336 671 2396 longe
692 2348 755 2381 est
777 2353 906 2382 omne
928 2348 1180 2398 peccatum3
1201 2354 1291 2383 non
1308 2339 1440 2384 solius
1457 2350 1521 2385 est

137 2407 391 2467 peccatoris,
431 2406 507 2451 sed
535 2407 665 2451 etiam
693 2406 929 2467 aliquando
960 2407 1213 2453 laudatoris.
1246 2410 1520 2455 Confitemur

137 2493 256 2537 ergo,
268 2478 354 2523 sive
365 2476 594 2522 laudantes
608 2480 762 2533 Deum,
777 2477 863 2522 sive
877 2487 1128 2523 accusantes
1141 2494 1219 2523 nos
1233 2479 1444 2538 ipsos.Pia
1454 2490 1517 2525 est

186 2593 193 2607 ¹
216 2585 298 2618 Alias
316 2585 335 2618 8
353 2586 393 2619 de
411 2585 517 2618 verbis
534 2586 667 2618 Domini.
687 2602 729 2609 -—·
750 2593 761 2609 ²
784 2586 903 2618 Matth.
932 2596 976 2628 xi,
997 2587 1050 2619 25.
