1898 3178
308 225 446 252 sEnMo
479 224 692 262 Lxxxvm,
728 226 781 251 DE
815 226 960 253 VERBIS
991 223 1155 252 Mna-H.
1195 225 1267 251 xx.
1393 212 1470 251 461

99 289 303 332 horreum
325 287 630 333 recondentur.
670 289 736 331 Sic
759 289 874 332 enim
901 289 960 333 ait
986 307 995 333 ε
1025 307 1045 330 «
1066 286 1267 346 Colligite
1288 287 1477 346 primum

101 377 121 401 »
156 359 316 403 zizania
337 394 347 414 ,
374 368 418 403 et
442 358 613 416 alligate
640 357 891 414 fasciculos,
927 359 983 404 ad
1020 356 1368 404 comburendum
1400 360 1478 402 ea?

102 447 123 471 »
158 430 427 474 frumentum
450 438 596 474 autem
629 430 853 474 recondite
874 431 919 474 in
943 431 1149 475 horreum
1175 431 1363 474 meum1.
1391 447 1411 470 »
1440 428 1481 473 Si

99 515 202 559 ergo
223 515 361 560 usque
380 500 435 544 ad
455 515 638 545 messem
660 510 859 545 crescunt
874 536 885 556 ,
909 510 1008 560 post
1027 516 1206 545 messem
1236 499 1484 545 recondun-

99 578 198 627 tur,
232 569 462 630 improbe,
488 570 640 629 impie,
680 570 858 630 quando
891 571 1178 615 minuuntur?
1203 570 1409 616 Concedo
1438 570 1484 614 in

99 641 422 701 comparatione
444 642 706 687 zizaniorum
723 642 853 687 simul
876 651 1007 702 atque
1024 641 1247 702 palearum
1265 641 1484 686 frumenta

99 727 188 757 esse
210 713 413 772 pauciora
433 732 442 758 :
465 722 611 758 tamen
627 722 814 773 utraque
836 723 1037 758 crescunt
1055 729 1195 774 usque
1213 713 1268 758 ad
1285 727 1482 758 messem.

104 802 125 826 «
158 785 272 829 Cum
295 785 411 828 enim
431 783 626 828 abundat
646 784 850 844 iniquitas
869 819 880 840 ,
905 782 1144 843 refrigescit
1166 784 1350 829 charitas
1371 783 1487 827 mul-

103 873 124 897 »
160 858 339 900 torum²
364 871 373 896 ε
403 873 423 896 »
455 865 656 901 crescunt
694 855 855 901 zizania
875 891 886 911 ,
924 855 1077 900 crescit
1107 855 1244 915 palea.
1274 855 1358 900 Sed
1386 856 1488 914 quia

102 933 194 971 toto
216 940 317 984 agro
339 924 486 970 deesse
515 941 604 970 non
626 935 768 986 potest
801 925 1099 982 frumentum,
1133 924 1254 986 quod
1288 940 1487 984 perseve-

100 996 237 1042 rando
254 1012 393 1057 usque
407 997 462 1041 ad
476 998 608 1042 finem
624 998 789 1043 salvum
810 999 899 1053 fiat,
923 1007 1123 1043 crescunt
1143 1007 1329 1056 utraque
1349 1011 1488 1056 usque

101 1068 154 1111 ad
178 1082 374 1112 messem.
401 1070 458 1112 Et
475 1067 509 1111 si
536 1077 713 1128 propter
746 1068 1059 1113 abundantiam
1087 1067 1302 1112 malorum
1324 1067 1489 1111 dictum

102 1146 165 1182 est
199 1155 208 1182 :
244 1156 264 1180 «
291 1141 424 1182 Putas
461 1137 638 1183 veniens
672 1137 808 1183 Filius
843 1139 1031 1184 hominis
1064 1138 1256 1183 inveniet
1283 1137 1416 1182 fidem
1444 1137 1489 1180 in

105 1227 124 1250 »
159 1218 273 1253 terra
289 1210 337 1250 3⁴?
363 1226 383 1250 »
408 1209 581 1269 hocque
612 1211 789 1254 nomine
812 1210 1113 1269 significantur
1137 1209 1404 1269 quicumque
1424 1208 1490 1252 len

101 1280 163 1338 gis
184 1279 536 1338 praevaricatione
553 1280 779 1326 imitantur
798 1297 915 1336 eum,
937 1281 1006 1326 cui
1021 1280 1188 1325 dictum
1206 1289 1268 1325 est
1290 1299 1299 1326 z
1321 1298 1341 1322 «
1361 1282 1490 1323 Terra

105 1366 125 1389 »
161 1364 221 1405 es,
245 1357 288 1393 et
302 1349 348 1392 in
367 1357 524 1393 terram
539 1349 620 1394 ibis
635 1351 651 1375 4
673 1370 682 1394 ε
703 1368 724 1392 »
745 1360 892 1395 tamen
914 1360 957 1396 et
978 1360 1156 1410 propter
1174 1350 1490 1395 abundantiam

101 1419 319 1464 bonorum
338 1454 349 1474 ,
374 1428 417 1463 et
438 1428 615 1479 propter
633 1435 734 1464 eum
767 1421 837 1464 cui
866 1421 1033 1465 dictum
1055 1431 1117 1465 est
1137 1436 1146 1462 :
1177 1440 1197 1463 «
1226 1421 1294 1466 Sic
1323 1421 1403 1464 erit
1425 1436 1491 1465 se-

103 1509 124 1532 »
146 1506 244 1535 men
259 1500 385 1535 tuum
402 1491 513 1535 sicut
526 1491 662 1535 stellae
678 1490 795 1547 coeli,
813 1501 856 1536 et
873 1493 984 1537 sicut
997 1507 1125 1536 arena
1142 1492 1270 1536 maris
1281 1494 1341 1547 ⁵,»
1360 1492 1490 1535 etiam

101 1561 213 1606 illud
232 1577 322 1606 non
342 1561 526 1606 tacitum
549 1570 612 1606 est
641 1580 650 1606 ι
681 1580 700 1602 «
725 1563 836 1614 Quia
859 1561 986 1606 multi
1018 1562 1074 1606 ab
1095 1561 1275 1607 Oriente
1304 1571 1347 1606 et
1367 1561 1494 1606 Occi-

104 1649 126 1673 »
160 1631 292 1676 dente
309 1632 506 1688 venient,
525 1641 569 1676 et
590 1631 850 1676 recumbent
872 1647 971 1676 cum
989 1631 1209 1675 Abraham
1237 1641 1280 1676 et
1302 1633 1420 1676 Isaac
1447 1632 1493 1675 in

105 1719 126 1744 »
162 1718 296 1761 regno
314 1702 392 1746 Dei
405 1704 437 1745 ⁶.
467 1720 486 1743 »
515 1694 707 1762 Utraque
726 1716 829 1760 ergo
846 1710 1047 1747 crescunt
1063 1717 1202 1762 usque
1220 1701 1275 1746 ad
1292 1717 1490 1757 messem,

103 1783 147 1818 et
162 1789 258 1818 suas
280 1774 514 1818 sententias
533 1774 579 1817 in
604 1773 835 1833 Scripturis
852 1774 1020 1818 habent
1040 1773 1202 1817 zizania
1223 1771 1294 1818 vel
1324 1771 1460 1832 paleae
1478 1807 1489 1827 ,

103 1860 200 1889 suas
224 1853 369 1888 autem
391 1842 625 1897 frumenta.
649 1847 761 1896 Quas
782 1845 858 1903 qui
882 1859 971 1888 non
994 1843 1247 1902 intelligunt
1267 1879 1277 1899 ,
1303 1844 1494 1888 confun-

104 1914 238 1970 dunt,
258 1923 302 1958 et
323 1912 682 1971 confunduntur3
704 1922 834 1972 atque
857 1914 915 1957 ita
937 1922 1217 1973 perstrepunt
1233 1929 1347 1958 caeca
1367 1913 1494 1974 cupi-

107 1983 240 2030 ditate
255 2020 266 2040 ,
287 1993 337 2028 ut
353 1984 494 2029 nolint
516 1985 816 2029 obmutescere
838 1984 906 2028 vel
929 1984 1146 2044 patefacta
1168 1986 1364 2029 veritate.

165 2057 333 2100 XXIII.
360 2057 474 2099 Ecce
492 2089 502 2109 ,
539 2055 775 2115 inquiunt,
809 2054 913 2099 dicit
937 2056 1153 2114 Propheta
1178 2074 1186 2100 :
1213 2074 1232 2097 «
1257 2055 1490 2110 Recedite,

110 2145 131 2169 »
166 2128 275 2171 exite
307 2127 409 2170 inde
427 2161 437 2181 ,
464 2135 506 2171 et
527 2126 803 2171 immundum
828 2142 883 2170 ne
909 2126 1131 2185 tetigeritis
1148 2129 1164 2153 ⁷
1190 2147 1199 2171 ;
1227 2145 1247 2168 »
1273 2127 1495 2186 quomodo

107 2213 208 2256 ergo
230 2197 366 2242 malos
387 2212 466 2256 pro
490 2212 594 2256 pace
612 2197 916 2252 tolerabimus,
943 2214 966 2241 a
985 2198 1145 2257 quibus
1178 2198 1290 2241 exire
1313 2207 1355 2242 et
1377 2213 1496 2242 rece-

109 2269 211 2313 dere
234 2268 469 2328 jubemur,
496 2283 550 2311 ne
573 2276 799 2327 tangamus
821 2268 1131 2312 immundum?
1160 2271 1245 2313 Nos
1274 2269 1397 2313 istam
1428 2284 1509 2313 re·-

109 2340 343 2384 cessionem
367 2338 615 2399 spiritaliter
636 2338 941 2398 intelligimus,
965 2338 1028 2382 illi
1059 2338 1353 2398 corporaliter.
1384 2342 1495 2386 Nam

111 2419 154 2454 et
177 2424 255 2468 ego
273 2409 413 2454 clamo
433 2425 533 2454 cum
552 2410 785 2468 Propheta,
802 2419 845 2454 et
866 2409 1200 2470 qualiacumque
1214 2411 1346 2454 simus
1367 2426 1464 2455 vasa
1477 2446 1488 2467 ‚

158 2511 167 2528 ¹
188 2505 304 2538 Matth.
322 2515 395 2546 xm,
417 2505 470 2537 30.
491 2521 533 2527 -
554 2504 735 2547 21d.xx1v,
757 2515 808 2538 12.
830 2523 869 2528 —
889 2504 902 2528 3
918 2507 994 2539 Luc.
1016 2517 1110 2548 xviii,
1130 2506 1161 2539 8.
1183 2504 1250 2536 -4
1271 2509 1351 2541 Gen.
1371 2519 1419 2550 ln,
1440 2519 1489 2551 19·

112 2575 151 2585 -
168 2558 249 2595 ⁵1d.
277 2572 331 2604 xv,
351 2561 384 2595 5.
405 2578 446 2585 —
465 2558 480 2584 6
497 2561 618 2595 Matth.
641 2572 708 2604 vin,
734 2572 782 2595 ιι.
804 2578 845 2586 -
871 2570 884 2597 7
904 2563 975 2596 Isa'i.
995 2573 1048 2605 Lu,
1072 2574 1122 2597 11.
