1898 3178
289 255 427 280 SERMO
459 253 594 286 Lxxv,
630 254 682 278 DE
716 252 861 280 vnaius
892 252 1056 279 ΜΑΤΤΗ.
1092 253 1179 279 xiv.
1346 242 1429 279 339

55 315 202 360 saeculi
223 316 502 376 principatus.
538 318 678 361 Antea
700 315 813 360 enim
840 315 1006 361 dictum
1028 325 1090 360 est
1121 331 1171 360 ex
1206 330 1309 360 voce
1332 332 1431 375 pas-

54 385 184 430 sionis
215 387 333 445 ejus,
371 386 472 445 quia
505 385 746 429 secundum
783 401 957 431 carnem
988 402 1090 432 cum
1119 385 1433 431 demonstraret

54 454 308 500 humilitatis
326 455 574 515 exemplum
591 490 603 511 ,
628 466 900 501 evanuerunt
919 456 1121 503 adversus
1144 473 1243 502 eum
1271 457 1429 502 fluctus

53 526 204 582 maris,
235 526 394 586 quibus
417 527 542 571 cessit
567 525 793 571 voluntate
823 542 903 586 pro
924 528 1048 573 nobis
1064 563 1075 583 ‚
1108 537 1158 573 ut
1177 527 1432 588 impleretur

53 594 124 640 illa
143 597 370 656 prophetia
390 616 399 642 ε
429 616 449 639 «
475 597 585 641 Veni
605 597 651 642 in
666 596 942 642 altitudinem
959 598 1086 645 maris
1102 633 1113 654 ‚
1138 608 1181 643 et
1202 608 1433 659 tempestas

55 684 75 708 >)
100 666 302 713 demersit
323 670 433 712 me1.
462 685 482 709 »
507 670 604 713 Non
628 667 743 714 enim
763 667 922 727 repulit
943 667 1071 713 falsos
1092 678 1235 726 testes,
1256 686 1335 715 nec
1353 686 1433 714 sae-

51 737 238 783 vientem
261 737 493 782 clamorem
509 737 747 784 dicentium
764 758 773 783 ;
792 739 1096 797 Crucifigatur.
1115 739 1284 785 Rabida
1303 740 1433 785 corda

51 815 94 852 et
113 823 188 852 ora
210 806 451 852 furentium
473 823 562 852 non
584 816 796 867 potestate
816 810 1070 867 compressit
1087 844 1097 864 ‚
1129 808 1205 853 sed
1227 810 1433 868 patientia

50 877 263 924 toleravit.
286 880 505 923 Fecerunt
523 878 562 921 ei
580 887 744 938 quanta
759 878 1011 934 voluerunt,
1036 897 1056 920 «
1077 879 1187 932 Quia
1209 878 1348 924 factus
1368 889 1433 924 est

53 966 73 991 »
97 947 306 993 obediens
333 964 471 1007 usque
501 948 556 992 ad
586 957 792 1004 mortem,
815 957 1000 993 mortem
1023 958 1168 993 autem
1197 950 1333 994 crucis
1346 953 1377 993 ².
1408 968 1428 991 »

50 1022 202 1063 Postea
217 1034 322 1063 vero
354 1033 485 1078 quam
506 1019 736 1062 resurrexit
758 1034 782 1062 a
804 1019 985 1063 mortuis
999 1053 1010 1073 ‚
1035 1028 1086 1062 ut
1103 1035 1180 1078 pro
1205 1019 1431 1080 Discipulis

47 1090 92 1138 in
114 1089 305 1135 Ecclesia
325 1099 532 1150 tanquam
552 1091 596 1134 in
615 1089 716 1133 navi
737 1090 999 1145 constitutis,
1020 1099 1064 1134 et
1084 1090 1170 1134 side
1188 1091 1325 1135 crucis
1343 1108 1430 1135 suae

48 1170 254 1221 tanquam
277 1161 397 1220 ligno
413 1161 594 1220 portatis
607 1195 618 1215 ‚
639 1170 681 1204 et
700 1161 1010 1205 tentationibus
1028 1162 1157 1221 hujus
1174 1162 1321 1205 saeculi
1340 1171 1428 1206 tan-

46 1247 179 1292 quam
201 1232 408 1276 ssuctibus
425 1232 552 1275 maris
574 1231 936 1290 periclitantibus,
964 1231 1079 1276 solus
1101 1242 1270 1290 oraret‘⁷
1294 1233 1429 1293 coepit

0 1354 3 1358 μ
45 1317 206 1349 nomen
229 1303 320 1362 ejus
336 1301 541 1346 honorari
559 1302 661 1345 etin
674 1301 758 1345 hoc
776 1301 952 1357 saeculo,
971 1302 1017 1345 in
1031 1318 1119 1362 quo
1134 1313 1425 1363 contemptus,

0 1363 2 1367 y
45 1381 268 1425 accusatus
287 1407 298 1428 ,
322 1372 487 1419 occisus
510 1381 597 1426 est,
629 1380 678 1414 ut
699 1373 776 1430 qui
801 1381 978 1416 venerat
1000 1373 1240 1417 secundum
1264 1374 1427 1433 passio-

45 1458 145 1493 nem
163 1443 302 1488 carnis
317 1443 363 1486 in
381 1441 658 1486 altitudinem
680 1441 830 1497 maris,
854 1450 897 1485 et
915 1451 1146 1502 tempestas
1164 1443 1427 1489 demerserat

45 1528 142 1562 eum
153 1549 170 1569 ,
187 1514 276 1573 jam
308 1513 598 1572 superborum
620 1511 808 1556 cervices
829 1520 1039 1572 tanquam
1061 1528 1260 1573 spumam
1281 1515 1424 1559 unda-

44 1598 141 1633 tum
163 1584 227 1627 sui
250 1582 435 1631 nominis
457 1583 621 1626 honore
652 1580 851 1626 calcaret.
891 1583 1011 1628 Sicut
1038 1600 1156 1628 nunc
1190 1586 1425 1631 Dominum

44 1653 240 1702 videmus
260 1662 470 1713 tanquam
487 1651 786 1700 ambulantem
801 1668 931 1712 super
953 1669 1086 1709 mare,
1107 1655 1189 1698 sub
1207 1657 1275 1715 cuj
1284 1672 1331 1699 us
1347 1671 1423 1715 pe-

44 1724 172 1768 dibus
194 1734 329 1769 totam
362 1725 491 1783 hujus
513 1722 660 1768 saeculi
682 1723 848 1767 rabiem
870 1723 1107 1783 subjectam
1129 1740 1218 1770 esse
1246 1727 1421 1786 conspi-

43 1795 193 1846 cimus.

51 1912 54 1914 ,
102 1869 207 1911 VIII
214 1901 222 1909 .
240 1865 325 1911 Sed
337 1864 553 1911 accedunt
570 1863 769 1923 periculis
789 1873 1094 1924 tempestatum
1110 1867 1241 1912 etiam
1258 1883 1422 1913 errores

43 1937 343 1989 haereticorum
363 1958 373 1995 3
404 1945 448 1980 et
484 1952 572 1980 non
601 1934 759 1979 desunt
779 1936 854 1995 qui
876 1936 935 1980 sic
957 1945 1128 1982 tentent
1161 1939 1326 1984 animos
1344 1955 1420 1985 eo-

0 2041 8 2050 .
42 2023 140 2056 rum
162 2009 239 2068 qui
264 2017 366 2052 sunt
387 2008 431 2051 in
453 2006 576 2061 navi,
601 2015 650 2050 ut
667 2006 815 2051 dicant
836 2008 1059 2052 Christum
1081 2024 1170 2053 non
1189 2009 1320 2054 fuisse
1340 2027 1420 2055 na-

0 2101 11 2131 5
42 2086 134 2131 mm
156 2078 211 2122 de
234 2078 409 2136 Virgine
425 2112 438 2132 ,
475 2092 556 2122 nec
577 2091 729 2123 verum
751 2092 906 2136 corpus
929 2078 1152 2135 habuisse,
1187 2079 1263 2124 sed
1284 2081 1419 2125 oculis

43 2149 178 2202 visum
196 2164 285 2195 esse
301 2147 421 2209 quod
437 2163 525 2193 uon
543 2157 648 2196 erat.
666 2151 723 2192 Et
736 2148 828 2194 istae
851 2149 1073 2206 opiniones
1088 2151 1391 2198 haereticorum
1403 2154 1418 2178 ³

72 2235 159 2271 unc
181 2229 296 2266 natae
315 2228 438 2274 sunt,
473 2218 650 2278 quando
667 2220 757 2279 jam
781 2234 942 2266 nomen
973 2221 1133 2265 Christi
1166 2237 1241 2281 per
1270 2238 1419 2267 omnes

96 2300 189 2338 ntes
209 2289 485 2343 clarificatur,
506 2297 712 2348 tanquam
723 2289 894 2335 Christo
905 2291 996 2349 jam
1015 2291 1267 2341 ambulante
1290 2309 1418 2353 super

55 2414 58 2416 ¹
78 2413 84 2416 ,
110 2370 172 2408 re.
192 2360 362 2409 Tentati
375 2358 583 2418 Discipuli
604 2357 804 2405 dixerunt
822 2377 831 2404 z
857 2361 997 2413 «Quia
1012 2361 1267 2419 phantasma
1283 2366 1411 2409 estff.»

148 2430 221 2479 ille
242 2445 319 2478 nos
350 2428 552 2477 adversus
573 2429 671 2473 istas
692 2438 831 2488 pestes
853 2445 928 2474 sua
955 2446 1059 2475 voce
1078 2433 1321 2488 confirmat,
1345 2433 1416 2479 di-

74 2531 112 2548 ¹
136 2529 218 2562 Psal.
246 2540 353 2571 nsvin,
384 2528 415 2562 3.
438 2545 477 2552 --·
501 2535 513 2550 ²
545 2526 658 2569 Philip.
690 2539 726 2569 n,
753 2531 785 2560 8.
812 2545 854 2550 -
875 2527 888 2552 3
918 2529 1176 2562 Manichaeorum.
1204 2548 1242 2553 —
1262 2530 1276 2561 4
1295 2533 1413 2565 Manli,

0 2587 22 2634 m}
40 2630 44 2632 ἡ
69 2595 112 2625 iv,
131 2586 182 2617 26.

1193 2642 1256 2681 22.
