1898 3178
339 247 477 277 SERMo
508 248 601 286 xm,
637 248 690 274 DE
723 245 869 275 vEnms
900 245 1063 275 MATTH.
1098 246 1201 274 xxn.
1363 234 1447 275 489

71 326 167 361 rent
195 319 218 360 J
225 317 360 370 mimi,
396 316 428 359 si
448 313 644 359 instructi
665 324 805 358 essent
827 314 912 358 fide
931 314 1190 369 christiana,
1216 328 1346 373 quam
1370 329 1447 357 nos

71 398 269 432 tenemus
290 407 299 432 2
324 387 357 431 si
378 395 529 431 contra
552 385 837 443 Evangelium
855 385 984 430 corda
1007 401 1094 430 non
1114 383 1392 439 clauderent,
1413 385 1447 427 si

67 461 200 503 vitam
223 457 455 518 spiritalem
491 458 536 500 in
570 472 613 500 se
645 457 805 500 habere
834 457 1095 511 voluissent,
1136 454 1446 516 responderent

68 530 266 574 instructi
296 528 577 573 ecclesiastica
614 526 699 570 fide
723 528 822 572 huic
856 528 1110 588 quaestioni,
1148 536 1190 571 et
1212 526 1407 571 dicerent
1434 546 1442 571 :

71 620 91 643 «
126 600 340 654 Quoniam
373 601 418 643 in
448 599 657 658 principio
693 608 784 642 erat
814 599 1007 643 Verbum
1028 634 1038 650 ‚
1075 607 1118 642 et
1139 598 1333 642 Verbum
1356 606 1446 641 erat

69 690 89 713 »
125 671 242 731 apud
273 674 409 715 Deum
428 705 439 725 ‚
470 679 514 714 et
538 673 648 714 Deus
670 679 760 714 erat
783 671 1001 714 Verbum¹
1029 689 1038 714 ι
1059 688 1079 711 »
1105 684 1204 713 ecce
1223 669 1446 728 quomodo

65 751 129 787 est
152 742 361 786 Dominus
386 742 536 785 David.
564 741 647 786 Sed
664 741 768 801 quia
790 760 809 783 a
831 741 1023 784 Verbum
1050 755 1150 785 caro
1167 739 1330 784 factum
1352 750 1441 794 est,

67 832 88 854 »
123 823 166 858 et
182 814 396 858 habitavit
413 814 456 857 in
479 813 629 857 nobis:
657 831 676 854 »
703 815 816 857 Ecce
832 811 1054 872 quomodo
1074 821 1137 856 est
1153 811 1266 855 filius
1290 811 1441 855 David.

65 884 148 928 Sed
172 883 412 928 nescientes
431 883 765 938 obmutuerunt,
789 898 868 927 nec
892 897 965 927 ore
986 882 1137 927 saltem
1157 881 1302 925 clauso
1322 896 1445 924 aures

63 963 351 1013 aperuerunt,
388 963 436 998 ut
458 953 578 1013 quod
596 953 857 1013 respondere
887 968 976 997 non
998 961 1239 1012 potuerunt
1260 952 1446 996 interro-

62 1025 149 1083 gati
165 1059 176 1080 ,
202 1033 377 1069 nossent
400 1024 557 1069 edocti.

122 1097 202 1138 ΙΙΙ.
233 1094 316 1139 Sed
336 1095 439 1154 quia
462 1109 670 1153 magnum
688 1103 753 1138 est
781 1109 904 1139 nosse
923 1095 1175 1151 mysterium
1193 1128 1203 1148 ‚
1224 1093 1445 1153 quomodo

61 1165 116 1209 sit
138 1165 349 1209 Dominus
367 1163 520 1226 David,
540 1175 583 1208 et
604 1164 718 1208 filius
740 1165 875 1209 David
901 1183 909 1210 :
928 1164 1150 1224 quomodo
1166 1166 1220 1208 sit
1241 1180 1326 1207 una
1347 1179 1445 1222 per-

59 1251 164 1280 sona
180 1237 311 1280 homo
329 1245 371 1280 et
394 1239 506 1280 Deus
526 1255 534 1280 :
560 1236 782 1295 quomodo
800 1236 914 1280 sitin
932 1235 1070 1280 forma
1092 1235 1280 1280 hominis
1303 1236 1446 1279 minor

61 1310 186 1351 Patre
203 1342 213 1361 ,
237 1308 283 1350 in
305 1307 446 1351 forma
470 1307 546 1350 Dei
567 1307 744 1367 aequalis
777 1308 893 1352 Patri
915 1327 922 1351 :
948 1306 1170 1366 quomodo
1194 1307 1349 1350 iterum
1379 1305 1445 1349 di-

55 1377 120 1421 cit
137 1411 148 1431 ‚
169 1386 228 1430 et,
244 1395 263 1417 «
290 1380 415 1420 Pater
440 1379 578 1435 major
591 1392 660 1418 me
676 1386 737 1419 est
750 1381 783 1430 2,
800 1396 819 1416 »
841 1387 904 1431 et,
934 1397 954 1418 «
979 1380 1073 1435 Ego
1095 1387 1138 1422 et
1159 1381 1286 1421 Pater
1307 1392 1442 1420 unum

64 1465 84 1489 »
122 1447 298 1490 sumus3
322 1463 366 1490 z»
380 1445 481 1505 quia
500 1460 707 1503 magnum
726 1454 789 1489 est
812 1456 1153 1501 sacramentum,
1172 1456 1220 1490 ut
1238 1447 1332 1505 capi
1351 1462 1445 1505 pos-

57 1517 139 1572 sit,
165 1532 305 1561 mores
327 1515 595 1561 informandi
620 1526 736 1561 sunt.
768 1517 961 1575 Indignis
996 1519 1110 1562 enim
1134 1517 1326 1562 clausum
1351 1528 1414 1561 cst
1430 1553 1440 1570 ‚

57 1587 410 1647 promerentibus
443 1587 649 1645 aperitur.
691 1588 778 1631 Nec
819 1587 983 1646 lapides
1001 1622 1011 1642 ‚
1044 1602 1124 1631 nec
1161 1596 1299 1632 vestes
1315 1622 1325 1640 ,
1364 1603 1443 1631 nec

57 1659 223 1718 pugni,
262 1674 342 1703 nec
373 1659 508 1702 calces
540 1667 641 1704 sunt
673 1658 833 1717 quibus
855 1659 1078 1718 pulsamus
1113 1658 1167 1702 ad
1190 1659 1439 1703 Dominum.

0 1760 2 1764 ψ
59 1729 157 1772 Vita
180 1728 347 1785 pulsat,
374 1728 473 1773 vitae
509 1728 715 1786 aperitur.
741 1728 884 1773 Corde
912 1729 1096 1787 petitur,
1131 1728 1261 1773 corde
1282 1729 1443 1788 quaeri--

0 1817 4 1825 ·
58 1806 146 1851 tur,
172 1799 303 1841 corde
324 1798 540 1856 pulsatur,
567 1797 698 1842 corde
722 1800 925 1858 aperitur.
953 1801 1039 1844 Cor
1061 1808 1204 1843 autem
1223 1800 1307 1843 hoc
1324 1798 1440 1858 quod

0 1880 4 1906 ¹
59 1877 174 1912 recte
191 1868 327 1927 petit,
349 1876 464 1911 recte
481 1867 625 1925 pulsat
647 1876 688 1910 et
716 1870 873 1926 quaerit
888 1905 898 1921 ‚
924 1870 1046 1926 pium
1065 1885 1153 1913 esse
1175 1869 1321 1913 debet.
1348 1870 1444 1913 Pri-

0 1951 5 1977 )
58 1954 131 1983 mo
151 1954 295 1983 amare
309 1942 446 1982 Deum
462 1939 589 1996 gratis
603 1959 613 1995 3
627 1939 721 1982 haec
737 1948 800 1982 est
813 1939 928 1982 enim
947 1939 1082 1998 pietas
1100 1958 1108 1983 ι
1126 1954 1206 1982 nec
1225 1939 1305 1982 sibi
1328 1950 1444 1984 extra

61 2009 185 2054 ‘llum
202 2025 364 2069 ponere
386 2010 629 2054 mercedem
649 2045 658 2064 ,
684 2025 816 2069 quam
834 2019 1030 2069 expectet
1052 2025 1101 2053 ex
1123 2009 1212 2054 illo.
1231 2009 1311 2054 Illo
1329 2012 1444 2054 enim

107 2079 213 2125 elius
251 2090 313 2125 est
337 2080 459 2125 nihil.
490 2084 546 2125 Et
570 2081 677 2140 quid
701 2081 880 2125 charum
906 2082 1015 2140 petit·
1043 2097 1065 2125 a
1100 2083 1208 2135 Deo,
1241 2082 1310 2124 cui
1332 2084 1445 2126 Deus

63 2152 151 2211 ‘pse
171 2151 268 2196 vilis
300 2153 394 2196 est?
430 2154 604 2196 Terram
633 2151 729 2207 dat,
758 2163 801 2196 et
823 2152 983 2210 gaudes
999 2188 1009 2208 ,
1030 2161 1196 2197 amator
1225 2162 1374 2206 terrae,
1400 2161 1442 2197 et

77 2223 201 2267 'actus
223 2232 351 2267 terra.
379 2223 417 2267 Si
441 2223 602 2280 gaudes
618 2258 628 2277 ‚
650 2224 826 2283 quando
849 2224 924 2268 dat
944 2233 1101 2267 terram
1126 2243 1133 2268 :
1160 2232 1325 2283 quanto
1348 2239 1441 2267 am-

91 2292 173 2336 lius
206 2292 395 2352 gaudere
426 2292 582 2348 debes,
619 2309 718 2337 cum
753 2309 797 2338 se
827 2294 968 2353 ipsum
1005 2293 1083 2337 tibi
1117 2292 1217 2347 dat,
1243 2295 1316 2353 qui
1339 2293 1442 2338 fecit

87 2363 225 2408 oelum
260 2373 304 2408 ct
320 2365 511 2408 terram?
547 2364 685 2408 Gratis
708 2380 810 2423 ergo
844 2365 1055 2408 amandus
1083 2373 1146 2408 est
1170 2367 1296 2408 Deus,
1333 2366 1440 2409 Nam

92 2432 260 2478 iabolus
276 2434 359 2478 hoc
380 2443 529 2479 sancto
546 2435 630 2479 Job
653 2436 846 2480 nesciens
868 2434 974 2496 quid
995 2436 1039 2479 in
1061 2434 1136 2480 illo
1158 2435 1274 2479 intus
1296 2450 1443 2494 agere-

42 2529 44 2555 Ι
106 2529 223 2560 Ποεη.
250 2539 272 2569 1,
296 2540 326 2567 ῐ,
342 2537 374 2561 2.
395 2546 436 2551 --
458 2529 751 2570 ²1‹l.x1v‚28.—
774 2529 848 2564 ³1dv
867 2542 900 2571 x,
920 2531 970 2563 30.
