1898 3178
213 255 351 286 SERMO
381 255 496 295 Lv11,
529 256 576 284 IN
607 252 772 285 MATTH.
809 258 882 296 νῐ,
918 257 972 285 DE
1003 253 1128 286 oRAT.
1163 259 1270 287 DoM.
1339 248 1420 289 195

14 374 17 389 4
46 329 90 366 et
105 322 337 368 concordia
349 321 476 382 plena
489 321 627 365 carnis
641 330 684 365 et
695 322 869 381 spiritus
879 322 993 367 facta
1009 322 1159 380 fuerit,
1175 324 1251 369 fiet
1262 324 1423 370 volun-

14 395 17 410 *
45 401 109 438 tas
137 394 237 450 Dei,
261 395 372 439 sicut
391 395 436 438 in
463 392 600 448 coelo,
635 393 696 438 ita
728 402 771 437 et
803 394 849 439 in
877 402 1005 438 terra.
1037 395 1224 448 Quando
1250 395 1425 455 petitio-

43 479 146 508 nem
161 465 285 510 istam
302 465 484 509 dicimus
499 499 511 520 ‚
531 464 679 508 omnia
699 464 780 509 ista
797 465 1033 523 cogitemus
1050 500 1062 520 ‚
1078 474 1123 510 et
1142 466 1287 511 omnia
1303 467 1382 512 ista
1401 483 1425 511 a

17 495 22 559 l
45 535 171 578 Patre
190 544 402 593 petamus.
440 534 597 579 Omnia
627 543 772 579 autem
803 535 883 579 ista
900 569 912 591 ‚
935 535 1195 592 charissimi,
1224 537 1306 581 tria
1326 553 1426 598 quae

0 652 1 656 ,
19 580 24 626 ι
45 603 232 650 diximus
246 639 257 660 ‚
277 614 363 650 tres
384 605 616 664 petitiones
630 605 722 650 istae
736 603 791 650 ad
812 606 945 650 vitam
961 615 1168 650 aeternam
1189 608 1424 665 pertinent.

0 689 3 708 >
23 707 26 714 .
44 674 170 732 Quod
189 675 306 720 enim
323 675 619 720 sanctificatur
635 675 681 719 in
702 675 828 720 nobis
849 690 1011 720 nomen
1031 677 1108 720 Dei
1125 679 1281 734 nostri,
1303 687 1431 722 aeter-

0 763 25 799 ιι
43 759 150 790 num
170 745 267 789 erit.
293 744 421 799 Quod
450 760 633 805 regnum
654 745 786 805 ipsius
807 745 978 800 veniet,
1003 746 1081 789 ubi
1111 762 1280 806 semper
1308 748 1429 792 vive-

3 806 154 875 ‚imuQ
173 825 386 860 aeternum
405 816 503 860 erit.
518 816 649 869 Quod
665 815 866 862 voluntas
884 817 974 876 ejus
994 817 1044 860 fit
1059 852 1070 872 ‚
1095 818 1206 861 sicut
1226 818 1271 862 in
1292 819 1423 874 coelo,

0 909 27 940 a·
43 885 103 948 ita
113 885 214 930 etin
229 895 358 941 terra,
375 886 577 930 omnibus
591 886 747 942 modis,
761 901 871 947 quos
885 887 1081 946 exposui,
1096 896 1309 932 aeternum
1323 889 1423 933 erit.

100 957 198 1000 VII.
216 959 400 1002 Restant
419 957 649 1017 petitiones
666 973 745 1017 pro
764 957 844 1002 ista
858 958 946 1003 vita
961 958 1316 1017 peregrinationis
1329 975 1431 1004 nos-

0 1042 150 1090 ‚.··.rae:
180 1026 278 1072 ideo
312 1028 536 1088 sequitur:
567 1047 586 1071 «
614 1032 779 1073 Panem
809 1038 1008 1074 nostrum
1036 1029 1342 1089 quotidianum
1375 1031 1430 1075 da

0 1106 66 1159 ΨΚ
98 1098 225 1143 nobis
251 1098 382 1144 hodie
404 1101 434 1143 ¹.
458 1118 477 1140 »
505 1102 567 1144 Da
586 1108 748 1144 aeterna
764 1134 776 1155 ,
804 1099 859 1143 da
889 1100 1158 1159 temporalia.
1195 1101 1431 1145 Promisisti

2 1156 38 1237 Q}
63 1183 245 1230 egnum,
271 1169 362 1214 noli
382 1185 540 1228 negare
558 1169 817 1214 subsidium.
845 1169 977 1214 Dabis
996 1170 1115 1230 apud
1136 1179 1179 1214 te
1200 1172 1428 1231 sempiter-

0 1275 24 1294 .·
53 1253 146 1286 um
163 1248 467 1283 ornamentum
481 1273 492 1292 ,
514 1239 567 1282 da
584 1239 629 1282 in
647 1248 758 1283 terra
778 1239 1016 1298 temporale
1033 1240 1303 1284 alimentum.
1324 1240 1429 1286 Ideo

52 1307 249 1364 uotidie,
272 1308 371 1353 ideo
393 1308 538 1363 hodie,
559 1309 604 1352 id
626 1318 714 1365 est,
729 1310 813 1354 hoc
837 1318 1047 1369 tempore.
1074 1312 1187 1355 Cum
1210 1312 1426 1356 transierit

66 1379 126 1425 ita
146 1380 251 1436 ista,
289 1378 507 1440 numquid
529 1388 726 1439 petemus
757 1395 915 1439 panem
942 1381 1275 1440 quotidianum?
1302 1385 1424 1427 Tunc

56 1450 156 1494 im
190 1465 280 1495 non
311 1450 543 1495 vocabitur
561 1450 812 1510 «quotidie,
831 1468 851 1492 »
873 1449 948 1494 sed
969 1451 1145 1496 «hodie.
1165 1470 1185 1493 »
1207 1454 1334 1497 Nunc
1354 1469 1429 1498 vo-

90 1528 160 1578 tur
175 1539 194 1562 «
209 1521 405 1581 quotidie
423 1556 434 1576 ,
454 1539 474 1562 »
493 1520 672 1580 quando
685 1521 839 1565 transit
856 1520 946 1564 dies
961 1555 973 1576 ‚
995 1530 1038 1565 et
1052 1522 1172 1566 venit
1188 1521 1297 1566 alius
1315 1523 1423 1568 dics.

26 1629 36 1639 .
64 1591 262 1652 'nmquid
283 1592 514 1637 vocabitur
532 1591 804 1652 «quotidie,»
822 1591 999 1652 quando
1019 1592 1100 1637 erit
1114 1601 1302 1638 aeternus
1314 1611 1426 1639 unus

71 1661 155 1707 ἐξ)
178 1665 288 1708 Sane
310 1662 481 1708 duobus
508 1662 648 1707 modis
677 1661 961 1720 intelligenda
991 1672 1055 1707 est
1080 1664 1160 1707 ista
1188 1665 1340 1723 petitio
1370 1666 1425 1710 dc

34 1764 39 1772 -
77 1765 79 1770 .
104 1748 147 1777 e
167 1733 450 1793 quotidiano:
475 1732 562 1776 sive
584 1720 664 1790 pro
681 1731 934 1778 necessitate
952 1731 1133 1776 carnalis
1154 1734 1315 1790 victus,
1336 1736 1422 1781 sive

65 1804 165 1862 jam
186 1818 265 1862 pro
287 1803 538 1846 necessitate
554 1801 755 1860 spiritalis
776 1801 1008 1845 alimoniae.
1034 1803 1230 1847 Carnalis
1248 1805 1333 1849 cibi
1351 1822 1422 1851 ne-

73 1874 230 1930 ·.itas,
256 1883 435 1934 propter
461 1871 767 1933 quotidianum
799 1872 966 1917 victum
985 1908 996 1928 ‚
1032 1874 1122 1918 sine
1153 1890 1242 1934 quo
1278 1878 1421 1923 vivere

0 1978 4 1988 .
72 1959 127 2001 ,μ
147 1959 388 2004 possumus.
414 1943 564 1988 Victus
579 1952 643 1987 est
663 1952 707 1987 et
727 1951 1030 2002 tegumentum
1045 1979 1056 1999 ,
1076 1944 1153 1989 sed
1176 1960 1199 1990 a
1219 1956 1341 2005 parte
1360 1959 1422 1993 to-

95 2100 192 2130 uus.
217 2087 390 2131 Norunt
411 2084 540 2128 etiam
561 2083 797 2143 spiritalem
817 2082 1067 2129 alimoniam
1088 2084 1237 2132 fideles
1250 2122 1261 2142 ,
1286 2104 1418 2148 quam

94 2170 182 2213 5yos
210 2156 359 2200 scituri
380 2154 503 2210 estis,
529 2155 746 2214 accepturi
767 2154 822 2198 de
842 2153 966 2198 altari
991 2155 1084 2200 Dei.
1115 2158 1240 2202 Panis
1264 2159 1343 2202 erit
1375 2169 1419 2205 et

90 2246 119 2253 ²·
152 2226 457 2288 quotidianus,
490 2226 595 2270 huic
625 2226 726 2271 vitae
748 2226 1026 2271 necessarius.
1057 2228 1283 2288 Numquid
1301 2231 1415 2275 enim

143 2297 347 2342 «aristiam
367 2296 585 2355 accepturi
622 2311 770 2340 sumus
788 2331 799 2351 ‚
835 2311 935 2341 cum
960 2296 1015 2341 ad
1036 2297 1178 2357 ipsum
1199 2299 1419 2345 Christum

83 2387 109 2415 ει
129 2367 278 2414 ·1·imus
293 2403 304 2424 ‚
333 2378 378 2413 et
398 2382 496 2412 cum
519 2366 594 2411 illo
623 2367 670 2411 in
690 2376 899 2412 aeternum
922 2383 1102 2427 regnare
1132 2371 1420 2429 coeperimus?

89 2458 143 2491 μ
171 2438 442 2484 Eucharistia
459 2437 581 2498 panis
602 2445 748 2482 noster
769 2437 1047 2498 quotidianus
1061 2447 1124 2483 est
1143 2457 1151 2483 :
1177 2440 1252 2484 sed
1273 2441 1334 2486 sic
1347 2458 1420 2488 acm

94 2546 132 2564 s„
150 2524 246 2554 mus
266 2507 390 2554 illum
406 2543 418 2565 ‚
442 2517 598 2554 utnon
619 2506 760 2553 solum
791 2517 943 2555 ventre
956 2543 967 2564 ‚
992 2507 1067 2554 sed
1088 2518 1131 2553 et
1152 2520 1297 2556 mente
1318 2514 1421 2558 refi-

113 2593 225 2627 Matth.
247 2605 292 2637 vr,
316 2604 328 2627 1
343 2604 368 2627 ι.

1220 2650 1283 2690 13.
