1898 3178
412 235 495 271 610
857 242 890 270 s.
927 243 1155 271 Accos'rim
1188 243 1367 271 Eriscom

407 310 554 355 cendit
587 311 633 354 in
661 310 823 355 coelum
857 328 866 353 ι
893 308 997 353 inde
1037 317 1247 353 venturus
1276 317 1339 353 est
1368 308 1566 368 judicare
1592 308 1712 354 vivos
1743 318 1786 353 et

405 389 614 425 mortuos.

462 453 538 495 IV.
563 451 642 495 Eia
664 450 793 494 arbor
811 449 1099 504 infructuosa,
1122 464 1213 494 non
1234 448 1452 504 derideas,
1471 450 1572 509 quia
1595 449 1787 508 parcitur

403 521 482 565 tibi
502 540 510 565 :
532 520 664 564 dilata
678 529 744 564 est
764 519 945 575 securis,
969 519 1060 564 noli
1081 534 1169 563 esse
1190 534 1340 563 secura
1365 539 1373 563 ;
1397 520 1543 563 veniet
1563 527 1606 564 et
1628 534 1786 579 ampu-

402 591 574 636 taberis.
601 590 740 636 Crede
761 591 863 651 quia
884 598 1097 635 venturus
1122 600 1201 635 est.
1230 593 1315 634 Ista
1343 590 1486 634 onmia
1509 606 1607 650 quae
1636 589 1756 634 vides
1771 624 1784 645 ,

399 678 488 707 non
510 671 648 706 erant.
687 661 959 707 Christianus
993 661 1184 721 populus
1217 670 1311 705 toto
1334 660 1440 705 orbe
1463 670 1674 705 terrarum
1707 660 1787 705 ali-

396 733 575 793 quando
594 747 684 777 non
701 741 807 776 erat.
833 734 884 776 In
906 732 1134 791 prophetia
1150 731 1394 789 legebatur,
1419 731 1465 775 in
1486 741 1596 776 terra
1613 747 1703 776 non
1717 732 1787 776 vi-

400 803 588 847 debatur
613 822 622 847 :
641 802 775 846 modo
789 811 936 846 autem
954 812 998 847 et
1018 801 1195 861 legitur,
1209 811 1253 846 ct
1273 802 1461 846 videtur.
1483 805 1578 861 Ipse
1596 801 1788 846 Ecclesia

397 874 457 918 sic
473 882 537 917 est
557 872 791 932 completa.
811 875 910 917 Non
925 873 964 916 ei
977 872 1145 917 dictum
1160 882 1224 916 est
1243 891 1251 917 :
1273 871 1434 927 «Vide,
1449 872 1553 928 filia,
1569 881 1612 916 et
1625 873 1725 916 audi
1737 894 1748 931 3
1762 891 1782 915 »

397 944 473 988 sed
497 963 506 988 :
531 942 715 998 «Audi,
743 952 785 986 et
814 941 914 987 vide
930 946 961 986 ¹.
987 961 1007 984 »
1035 943 1152 986 Audi
1174 942 1403 1002 praedicta,
1435 942 1534 988 vide
1552 942 1783 1003 completa.

401 1014 632 1068 Quomodo
648 1029 767 1073 ergo,
786 1012 937 1058 fratres
954 1014 1212 1068 charissimi,
1235 1029 1324 1057 non
1337 1023 1427 1058 crat
1445 1024 1571 1058 natus
1593 1015 1789 1059 Christus

400 1085 454 1129 de
478 1086 678 1144 Virgine,
704 1085 937 1143 promissus
959 1093 1044 1141 est,
1071 1094 1115 1128 et
1136 1094 1262 1128 natus
1284 1093 1347 1127 est
1376 1103 1385 1128 :
1415 1099 1504 1128 non
1526 1084 1687 1129 fecerat
1707 1086 1789 1129 mi-

402 1155 578 1211 rabilia,
610 1156 818 1214 promissa
851 1164 981 1210 sunt,
1011 1165 1054 1199 et
1084 1153 1186 1199 fecit
1213 1171 1221 1195 ε
1255 1155 1452 1199 nondum
1489 1165 1580 1200 erat
1615 1172 1784 1215 passus,

402 1226 661 1286 promissum
677 1235 756 1281 est,
768 1234 811 1269 et
822 1225 989 1269 sactum
1005 1234 1069 1269 est
1085 1245 1093 1269 ε
1109 1241 1197 1270 non
1211 1236 1513 1280 resurrexerat,
1529 1227 1788 1286 praedictum

401 1305 487 1351 est,
513 1305 557 1341 et
583 1295 813 1355 impletum
847 1297 953 1350 est2,
984 1310 1145 1340 nomen
1177 1297 1267 1354 ejus
1298 1312 1374 1355 per
1402 1305 1543 1340 totum
1572 1298 1788 1341 mundum

401 1383 490 1411 non
519 1375 632 1421 erat,
659 1365 919 1425 praedictum
938 1375 1001 1409 est
1020 1400 1030 1419 ,
1067 1374 1109 1408 et
1131 1365 1360 1424 impletum
1384 1375 1447 1409 cst
1474 1386 1482 1410 :
1507 1366 1623 1410 idola
1646 1366 1787 1411 deleta

402 1447 443 1481 et
466 1436 602 1481 fracta
625 1452 714 1479 non
735 1445 872 1490 erant,
893 1436 1151 1494 praedictum
1173 1445 1252 1489 est,
1276 1444 1318 1478 et
1337 1435 1564 1494 impletum
1584 1445 1648 1480 est
1667 1452 1676 1477 t
1697 1437 1788 1480 hae-

402 1507 522 1551 retici
543 1508 847 1565 impugnantes
866 1505 1102 1549 Ecclesiam
1125 1520 1214 1548 non
1236 1514 1382 1559 eraut,
1414 1505 1672 1564 praedictum
1694 1515 1757 1550 est
1773 1542 1784 1562 ,

402 1586 445 1620 et
466 1576 695 1636 impletum
719 1585 796 1619 est.
825 1576 892 1619 Sic
915 1584 958 1618 et
980 1574 1069 1618 dies
1085 1574 1238 1634 judicii
1261 1574 1458 1619 nondum
1485 1586 1570 1634 est,
1590 1577 1664 1620 sed
1687 1576 1789 1636 quia

403 1647 635 1707 praedictus
655 1655 734 1700 est,
758 1646 1029 1705 implebitur.
1054 1649 1122 1689 An
1139 1646 1232 1688 fieri
1250 1655 1407 1705 potest,
1430 1656 1478 1690 ut
1500 1648 1576 1706 qui
1597 1648 1641 1691 in
1660 1647 1789 1691 tantis

402 1732 529 1761 verax
553 1716 774 1776 apparuit,
800 1716 855 1760 de
877 1715 946 1759 die
965 1713 1120 1775 judicii
1145 1716 1331 1759 mendax
1358 1717 1442 1760 sit?
1474 1718 1788 1762 Promissorum

405 1803 581 1832 suorum
598 1788 722 1831 nobis
737 1786 1075 1845 chirographum
1088 1785 1205 1830 fecit.
1223 1789 1320 1831 Non
1333 1787 1534 1832 debendo
1549 1789 1663 1831 enim
1675 1823 1686 1843 ‚
1711 1787 1788 1832 sed

403 1858 701 1918 promittendo
720 1857 963 1903 debitorem
982 1872 1026 1901 se
1048 1859 1162 1900 Deus
1185 1856 1315 1912 fecit,
1340 1856 1385 1900 id
1407 1867 1496 1912 est,
1522 1874 1611 1902 non
1633 1867 1788 1903 mutuo

406 1929 672 1990 accipiendo.
703 1932 801 1973 Non
833 1942 1059 1988 possumus
1089 1942 1191 1985 ergo
1220 1927 1260 1970 ci
1287 1926 1430 1971 dicere
1455 1947 1464 1972 2
1488 1928 1640 1973 Redde
1667 1929 1789 1990 quod

407 2001 621 2060 accepisti.
648 1999 861 2054 Quoniam
887 2017 908 2040 «
933 1998 1039 2051 Quis
1055 1997 1172 2056 prior
1194 1997 1314 2041 dedit
1336 1997 1421 2053 illi,
1450 2007 1493 2042 et
1522 1999 1789 2043 retribuetur

410 2091 430 2113 »
457 2072 547 2115 ei3?
568 2089 588 2111 »
613 2073 712 2115 Non
732 2083 961 2128 possumus
989 2067 1133 2112 dicere
1154 2068 1192 2110 ei
1212 2086 1220 2111 :
1246 2067 1397 2111 Redde
1417 2067 1536 2128 quod
1559 2069 1785 2128 accepisti3

407 2142 481 2186 sed
497 2140 626 2200 plane
647 2138 831 2183 dicimus
850 2157 858 2182 z
879 2136 1031 2181 Redde
1053 2138 1173 2197 quod
1195 2137 1441 2196 promisisti.

465 2213 517 2255 V.
546 2209 656 2255 Inde
685 2223 876 2268 namque
898 2216 986 2263 est,
1012 2207 1132 2268 quod
1161 2207 1370 2252 audemus
1398 2207 1593 2268 quotidie
1617 2207 1784 2254 dicere:

411 2302 432 2324 «
458 2280 673 2327 Adveniat
695 2294 879 2339 regnum
892 2279 1043 2322 tuum⁴
1061 2297 1070 2322 ;
1094 2296 1113 2318 »
1130 2288 1180 2321 ut
1195 2277 1451 2322 adveniente
1472 2293 1606 2337 regno
1621 2280 1727 2338 ejus,
1745 2288 1788 2323 et

408 2368 485 2398 nos
508 2367 609 2397 cum
630 2351 705 2396 illo
725 2365 967 2410 regnemus.
993 2348 1119 2404 Quod
1136 2349 1261 2394 nobis
1282 2350 1347 2393 his
1365 2350 1506 2394 verbis
1527 2351 1794 2409 promissum

409 2434 472 2468 est
498 2442 507 2468 z
533 2425 655 2467 Tunc
687 2421 828 2466 dicam
862 2419 947 2464 illis
969 2435 978 2461 ε
1005 2439 1022 2460 «
1048 2420 1229 2475 Venite,
1265 2419 1483 2464 benedicti
1515 2420 1651 2465 Patris
1672 2420 1784 2476 mei,

476 2527 485 2544 ¹
501 2521 580 2554 Psal.
601 2531 689 2562 μιν,
712 2531 763 2553 ιι.
782 2536 824 2543 -
844 2526 856 2542 ²
877 2519 955 2552 Cod.
970 2521 1056 2551 Cass,
1073 2530 1109 2560 ιι,
1128 2519 1184 2551 sol.
1203 2518 1246 2561 49
1266 2532 1272 2550 ;
1292 2522 1327 2551 In
1349 2520 1464 2552 coelum
1487 2530 1549 2552 non
1571 2521 1784 2559 ascenderat3

409 2582 484 2610 ante
501 2577 621 2610 dicium
639 2581 687 2610 e'st
704 2581 738 2610 et
753 2576 921 2618 impletum
939 2579 997 2608 est.
1017 2591 1059 2598 —
1077 2573 1090 2598 3
1109 2578 1198 2608 Rom.
1216 2586 1260 2617 xi,
1280 2576 1333 2608 35,
1351 2593 1391 2600 -
1409 2576 1424 2604 4
1442 2576 1563 2612 Matth,
1583 2587 1628 2615 vi,
1649 2588 1699 2611 10.
