<?xml version="1.0" encoding="UTF-8"?>
<!DOCTYPE html PUBLIC "-//W3C//DTD XHTML 1.0 Transitional//EN"
    "http://www.w3.org/TR/xhtml1/DTD/xhtml1-transitional.dtd">
<html xmlns="http://www.w3.org/1999/xhtml" xml:lang="en" lang="en">
 <head>
  <title>
</title>
<meta http-equiv="Content-Type" content="text/html;charset=utf-8" />
  <meta name='ocr-system' content='tesseract 3.04.00' />
  <meta name='ocr-capabilities' content='ocr_page ocr_carea ocr_par ocr_line ocrx_word'/>
</head>
<body>
  <div class='ocr_page' id='page_1' title='image "./operaomniaaccura18auguuoft_0221.png"; bbox 0 0 1898 3178; ppageno 0'>
   <div class='ocr_carea' id='block_1_1' title="bbox 0 427 146 2358">
    <p class='ocr_par' dir='ltr' id='par_1_1' title="bbox 0 427 146 2358">
     <span class='ocr_line' id='line_1_1' title="bbox 0 427 24 638; baseline 0 -70"><span class='ocrx_word' id='word_1_1' title='bbox 0 427 24 638; x_wconf 95' lang='lat' dir='ltr'>   </span> 
     </span>
     <span class='ocr_line' id='line_1_2' title="bbox 0 638 26 711; baseline 0 2467"><span class='ocrx_word' id='word_1_2' title='bbox 0 638 26 711; x_wconf 95' lang='lat' dir='ltr'> </span> 
     </span>
     <span class='ocr_line' id='line_1_3' title="bbox 0 711 29 780; baseline 0 2398"><span class='ocrx_word' id='word_1_3' title='bbox 0 711 29 780; x_wconf 95' lang='lat' dir='ltr'> </span> 
     </span>
     <span class='ocr_line' id='line_1_4' title="bbox 0 780 31 852; baseline 0 2326"><span class='ocrx_word' id='word_1_4' title='bbox 0 780 31 852; x_wconf 95' lang='lat' dir='ltr'> </span> 
     </span>
     <span class='ocr_line' id='line_1_5' title="bbox 0 852 34 920; baseline 0 2258"><span class='ocrx_word' id='word_1_5' title='bbox 0 852 34 920; x_wconf 95' lang='lat' dir='ltr'> </span> 
     </span>
     <span class='ocr_line' id='line_1_6' title="bbox 0 920 36 994; baseline 0 2184"><span class='ocrx_word' id='word_1_6' title='bbox 0 920 36 994; x_wconf 95' lang='lat' dir='ltr'> </span> 
     </span>
     <span class='ocr_line' id='line_1_7' title="bbox 0 994 39 1061; baseline 0 2117"><span class='ocrx_word' id='word_1_7' title='bbox 0 994 39 1061; x_wconf 95' lang='lat' dir='ltr'> </span> 
     </span>
     <span class='ocr_line' id='line_1_8' title="bbox 0 1061 42 1225; baseline 0 -95"><span class='ocrx_word' id='word_1_8' title='bbox 0 1061 42 1225; x_wconf 95' lang='lat' dir='ltr'>   </span> 
     </span>
     <span class='ocr_line' id='line_1_9' title="bbox 14 1345 82 1435; baseline 0 0"><span class='ocrx_word' id='word_1_9' title='bbox 14 1345 82 1435; x_wconf 95' lang='lat' dir='ltr'>  </span> 
     </span>
     <span class='ocr_line' id='line_1_10' title="bbox 10 1776 95 1988; baseline 0 -144"><span class='ocrx_word' id='word_1_10' title='bbox 10 1776 95 1988; x_wconf 95' lang='lat' dir='ltr'>    </span> 
     </span>
     <span class='ocr_line' id='line_1_11' title="bbox 23 1988 115 2201; baseline 0 0"><span class='ocrx_word' id='word_1_11' title='bbox 23 1988 115 2201; x_wconf 95' lang='lat' dir='ltr'>   </span> 
     </span>
     <span class='ocr_line' id='line_1_12' title="bbox 26 2201 146 2358; baseline 0 -88"><span class='ocrx_word' id='word_1_12' title='bbox 26 2201 146 2358; x_wconf 95' lang='lat' dir='ltr'>  </span> 
     </span>
    </p>
   </div>
   <div class='ocr_carea' id='block_1_2' title="bbox 190 259 1412 308">
    <p class='ocr_par' dir='ltr' id='par_1_2' title="bbox 190 259 1412 308">
     <span class='ocr_line' id='line_1_13' title="bbox 190 259 1412 308; baseline -0.002 -8"><span class='ocrx_word' id='word_1_13' title='bbox 190 272 329 300; x_wconf 81' lang='lat' dir='ltr'>SERMO</span> <span class='ocrx_word' id='word_1_14' title='bbox 360 271 494 308; x_wconf 83' lang='lat' dir='ltr'>Lv111,</span> <span class='ocrx_word' id='word_1_15' title='bbox 528 269 575 297; x_wconf 78' lang='lat' dir='ltr'>m</span> <span class='ocrx_word' id='word_1_16' title='bbox 606 264 772 297; x_wconf 80' lang='lat' dir='ltr'><strong>MATTH.</strong></span> <span class='ocrx_word' id='word_1_17' title='bbox 807 269 877 307; x_wconf 80' lang='lat' dir='ltr'>vl,</span> <span class='ocrx_word' id='word_1_18' title='bbox 912 269 966 296; x_wconf 87' lang='lat' dir='ltr'>DE</span> <span class='ocrx_word' id='word_1_19' title='bbox 997 266 1122 298; x_wconf 74' lang='lat' dir='ltr'>oRA&#39;r.</span> <span class='ocrx_word' id='word_1_20' title='bbox 1157 269 1264 297; x_wconf 83' lang='lat' dir='ltr'><strong>DOM.</strong></span> <span class='ocrx_word' id='word_1_21' title='bbox 1331 259 1412 298; x_wconf 78' lang='lat'>211</span> 
     </span>
    </p>
   </div>
   <div class='ocr_carea' id='block_1_3' title="bbox 0 334 1427 2029">
    <p class='ocr_par' dir='ltr' id='par_1_3' title="bbox 16 334 1426 1174">
     <span class='ocr_line' id='line_1_14' title="bbox 43 334 1418 396; baseline -0.001 -15"><span class='ocrx_word' id='word_1_22' title='bbox 43 338 166 382; x_wconf 80' lang='lat' dir='ltr'>mus?</span> <span class='ocrx_word' id='word_1_23' title='bbox 203 340 297 385; x_wconf 87' lang='lat' dir='ltr'>«Ne</span> <span class='ocrx_word' id='word_1_24' title='bbox 322 352 399 382; x_wconf 91' lang='lat' dir='ltr'>nos</span> <span class='ocrx_word' id='word_1_25' title='bbox 422 334 579 380; x_wconf 87' lang='lat' dir='ltr'>inferas</span> <span class='ocrx_word' id='word_1_26' title='bbox 600 335 644 378; x_wconf 93' lang='lat' dir='ltr'>in</span> <span class='ocrx_word' id='word_1_27' title='bbox 667 335 952 380; x_wconf 81' lang='lat' dir='ltr'>tentationem</span> <span class='ocrx_word' id='word_1_28' title='bbox 983 354 992 381; x_wconf 78' lang='grc' dir='ltr'>ε</span> <span class='ocrx_word' id='word_1_29' title='bbox 1020 335 1281 396; x_wconf 89' lang='lat' dir='ltr'>»numquid</span> <span class='ocrx_word' id='word_1_30' title='bbox 1312 344 1418 380; x_wconf 89' lang='lat' dir='ltr'>tunc</span> 
     </span>
     <span class='ocr_line' id='line_1_15' title="bbox 42 405 1417 469; baseline -0.001 -16"><span class='ocrx_word' id='word_1_31' title='bbox 42 405 185 453; x_wconf 87' lang='lat' dir='ltr'>dicere</span> <span class='ocrx_word' id='word_1_32' title='bbox 195 409 446 469; x_wconf 80' lang='lat' dir='ltr'>poterimus,</span> <span class='ocrx_word' id='word_1_33' title='bbox 461 405 640 467; x_wconf 88' lang='lat' dir='ltr'>quando</span> <span class='ocrx_word' id='word_1_34' title='bbox 654 405 776 450; x_wconf 88' lang='lat' dir='ltr'>nulla</span> <span class='ocrx_word' id='word_1_35' title='bbox 797 407 879 451; x_wconf 86' lang='lat' dir='ltr'>erit</span> <span class='ocrx_word' id='word_1_36' title='bbox 895 407 1106 452; x_wconf 81' lang='lat' dir='ltr'>tentatio?</span> <span class='ocrx_word' id='word_1_37' title='bbox 1126 426 1146 450; x_wconf 92' lang='lat'>«</span> <span class='ocrx_word' id='word_1_38' title='bbox 1166 407 1321 452; x_wconf 87' lang='lat' dir='ltr'>Libera</span> <span class='ocrx_word' id='word_1_39' title='bbox 1338 422 1417 452; x_wconf 87' lang='lat' dir='ltr'>nos</span> 
     </span>
     <span class='ocr_line' id='line_1_16' title="bbox 46 474 1418 537; baseline 0.002 -18"><span class='ocrx_word' id='word_1_40' title='bbox 46 495 67 520; x_wconf 91' lang='lat'>»</span> <span class='ocrx_word' id='word_1_41' title='bbox 102 495 126 523; x_wconf 87' lang='lat' dir='ltr'>a</span> <span class='ocrx_word' id='word_1_42' title='bbox 146 478 287 524; x_wconf 82' lang='lat' dir='ltr'>malo:</span> <span class='ocrx_word' id='word_1_43' title='bbox 311 497 330 520; x_wconf 90' lang='lat'>»</span> <span class='ocrx_word' id='word_1_44' title='bbox 351 476 566 537; x_wconf 89' lang='lat' dir='ltr'>numquid</span> <span class='ocrx_word' id='word_1_45' title='bbox 579 474 793 532; x_wconf 80' lang='lat' dir='ltr'>dicemus,</span> <span class='ocrx_word' id='word_1_46' title='bbox 815 477 992 537; x_wconf 86' lang='lat' dir='ltr'>quando</span> <span class='ocrx_word' id='word_1_47' title='bbox 1012 477 1186 522; x_wconf 91' lang='lat' dir='ltr'>nullum</span> <span class='ocrx_word' id='word_1_48' title='bbox 1202 478 1282 523; x_wconf 87' lang='lat' dir='ltr'>erit</span> <span class='ocrx_word' id='word_1_49' title='bbox 1299 477 1418 522; x_wconf 91' lang='lat' dir='ltr'>unde</span> 
     </span>
     <span class='ocr_line' id='line_1_17' title="bbox 43 547 1423 608; baseline 0 -16"><span class='ocrx_word' id='word_1_50' title='bbox 43 547 306 593; x_wconf 78' lang='lat' dir='ltr'>liberemur?</span> <span class='ocrx_word' id='word_1_51' title='bbox 327 553 520 602; x_wconf 86' lang='lat' dir='ltr'>Quatuor</span> <span class='ocrx_word' id='word_1_52' title='bbox 541 562 643 606; x_wconf 86' lang='lat' dir='ltr'>ergo</span> <span class='ocrx_word' id='word_1_53' title='bbox 665 547 744 590; x_wconf 85' lang='lat' dir='ltr'>ista</span> <span class='ocrx_word' id='word_1_54' title='bbox 759 555 937 606; x_wconf 89' lang='lat' dir='ltr'>propter</span> <span class='ocrx_word' id='word_1_55' title='bbox 954 547 1088 591; x_wconf 85' lang='lat' dir='ltr'>vitam</span> <span class='ocrx_word' id='word_1_56' title='bbox 1105 558 1295 593; x_wconf 85' lang='lat' dir='ltr'>nostram</span> <span class='ocrx_word' id='word_1_57' title='bbox 1312 563 1423 608; x_wconf 91' lang='lat' dir='ltr'>quo-</span> 
     </span>
     <span class='ocr_line' id='line_1_18' title="bbox 46 618 1423 680; baseline 0.001 -18"><span class='ocrx_word' id='word_1_58' title='bbox 46 618 252 663; x_wconf 87' lang='lat' dir='ltr'>tidianam</span> <span class='ocrx_word' id='word_1_59' title='bbox 266 618 391 663; x_wconf 88' lang='lat' dir='ltr'>nobis</span> <span class='ocrx_word' id='word_1_60' title='bbox 408 618 642 663; x_wconf 82' lang='lat' dir='ltr'>necessaria</span> <span class='ocrx_word' id='word_1_61' title='bbox 658 626 775 673; x_wconf 82' lang='lat' dir='ltr'>sunt,</span> <span class='ocrx_word' id='word_1_62' title='bbox 796 618 878 661; x_wconf 86' lang='lat' dir='ltr'>tria</span> <span class='ocrx_word' id='word_1_63' title='bbox 894 618 1087 677; x_wconf 31' lang='lat' dir='ltr'>vero-illa</span> <span class='ocrx_word' id='word_1_64' title='bbox 1109 629 1286 680; x_wconf 89' lang='lat' dir='ltr'>propter</span> <span class='ocrx_word' id='word_1_65' title='bbox 1297 629 1423 666; x_wconf 86' lang='lat' dir='ltr'>aeter-</span> 
     </span>
     <span class='ocr_line' id='line_1_19' title="bbox 44 687 1424 750; baseline 0.002 -17"><span class='ocrx_word' id='word_1_66' title='bbox 44 704 161 734; x_wconf 90' lang='lat' dir='ltr'>nam.</span> <span class='ocrx_word' id='word_1_67' title='bbox 189 690 273 734; x_wconf 85' lang='lat' dir='ltr'>Sed</span> <span class='ocrx_word' id='word_1_68' title='bbox 295 690 438 734; x_wconf 89' lang='lat' dir='ltr'>omnia</span> <span class='ocrx_word' id='word_1_69' title='bbox 459 698 679 749; x_wconf 86' lang='lat' dir='ltr'>petamus,</span> <span class='ocrx_word' id='word_1_70' title='bbox 705 698 755 733; x_wconf 92' lang='lat' dir='ltr'>ut</span> <span class='ocrx_word' id='word_1_71' title='bbox 777 687 832 733; x_wconf 82' lang='lat' dir='ltr'>ad</span> <span class='ocrx_word' id='word_1_72' title='bbox 859 688 978 733; x_wconf 85' lang='lat' dir='ltr'>illam</span> <span class='ocrx_word' id='word_1_73' title='bbox 1004 691 1305 749; x_wconf 84' lang='lat' dir='ltr'>perveniamus</span> <span class='ocrx_word' id='word_1_74' title='bbox 1326 713 1338 750; x_wconf 75' lang='lat'>3</span> <span class='ocrx_word' id='word_1_75' title='bbox 1380 700 1424 736; x_wconf 89' lang='lat' dir='ltr'>et</span> 
     </span>
     <span class='ocr_line' id='line_1_20' title="bbox 44 759 1426 821; baseline 0.001 -16"><span class='ocrx_word' id='word_1_76' title='bbox 44 760 114 806; x_wconf 92' lang='lat' dir='ltr'>hic</span> <span class='ocrx_word' id='word_1_77' title='bbox 131 775 330 818; x_wconf 81' lang='lat' dir='ltr'>rogemus</span> <span class='ocrx_word' id='word_1_78' title='bbox 349 775 404 804; x_wconf 94' lang='lat' dir='ltr'>ne</span> <span class='ocrx_word' id='word_1_79' title='bbox 418 761 472 804; x_wconf 85' lang='lat' dir='ltr'>ab</span> <span class='ocrx_word' id='word_1_80' title='bbox 487 759 560 804; x_wconf 89' lang='lat' dir='ltr'>illa</span> <span class='ocrx_word' id='word_1_81' title='bbox 581 775 844 819; x_wconf 85' lang='lat' dir='ltr'>separemur.</span> <span class='ocrx_word' id='word_1_82' title='bbox 865 761 1013 804; x_wconf 86' lang='lat' dir='ltr'>Oratio</span> <span class='ocrx_word' id='word_1_83' title='bbox 1028 761 1224 821; x_wconf 87' lang='lat' dir='ltr'>quotidie</span> <span class='ocrx_word' id='word_1_84' title='bbox 1241 762 1426 807; x_wconf 84' lang='lat' dir='ltr'>dicenda</span> 
     </span>
     <span class='ocr_line' id='line_1_21' title="bbox 43 829 1424 890; baseline 0.001 -14"><span class='ocrx_word' id='word_1_85' title='bbox 43 840 108 876; x_wconf 88' lang='lat' dir='ltr'>est</span> <span class='ocrx_word' id='word_1_86' title='bbox 128 832 272 887; x_wconf 85' lang='lat' dir='ltr'>vobis,</span> <span class='ocrx_word' id='word_1_87' title='bbox 297 846 398 875; x_wconf 90' lang='lat' dir='ltr'>cum</span> <span class='ocrx_word' id='word_1_88' title='bbox 420 831 621 890; x_wconf 82' lang='lat' dir='ltr'>baptizati</span> <span class='ocrx_word' id='word_1_89' title='bbox 641 829 826 875; x_wconf 89' lang='lat' dir='ltr'>fueritis.</span> <span class='ocrx_word' id='word_1_90' title='bbox 853 833 905 875; x_wconf 94' lang='lat' dir='ltr'>In</span> <span class='ocrx_word' id='word_1_91' title='bbox 927 831 1120 876; x_wconf 87' lang='lat' dir='ltr'>Ecclesia</span> <span class='ocrx_word' id='word_1_92' title='bbox 1141 833 1257 876; x_wconf 90' lang='lat' dir='ltr'>enim</span> <span class='ocrx_word' id='word_1_93' title='bbox 1280 834 1334 877; x_wconf 88' lang='lat' dir='ltr'>ab</span> <span class='ocrx_word' id='word_1_94' title='bbox 1359 833 1424 877; x_wconf 84' lang='lat' dir='ltr'>al-</span> 
     </span>
     <span class='ocr_line' id='line_1_22' title="bbox 16 895 1426 963; baseline 0.001 -17"><span class='ocrx_word' id='word_1_95' title='bbox 16 895 19 931; x_wconf 63' lang='grc' dir='ltr'>’Ῑ</span> <span class='ocrx_word' id='word_1_96' title='bbox 42 910 134 947; x_wconf 86' lang='lat' dir='ltr'>tare</span> <span class='ocrx_word' id='word_1_97' title='bbox 155 902 232 947; x_wconf 90' lang='lat' dir='ltr'>Dei</span> <span class='ocrx_word' id='word_1_98' title='bbox 248 901 444 963; x_wconf 87' lang='lat' dir='ltr'>quotidie</span> <span class='ocrx_word' id='word_1_99' title='bbox 466 901 624 946; x_wconf 81' lang='lat' dir='ltr'>dicitur</span> <span class='ocrx_word' id='word_1_100' title='bbox 645 901 725 946; x_wconf 83' lang='lat' dir='ltr'>ista</span> <span class='ocrx_word' id='word_1_101' title='bbox 747 902 972 946; x_wconf 85' lang='lat' dir='ltr'>Dominica</span> <span class='ocrx_word' id='word_1_102' title='bbox 986 903 1149 957; x_wconf 84' lang='lat' dir='ltr'>Oratio,</span> <span class='ocrx_word' id='word_1_103' title='bbox 1175 912 1218 947; x_wconf 90' lang='lat' dir='ltr'>et</span> <span class='ocrx_word' id='word_1_104' title='bbox 1240 902 1426 948; x_wconf 89' lang='lat' dir='ltr'>audiunt</span> 
     </span>
     <span class='ocr_line' id='line_1_23' title="bbox 19 971 1426 1031; baseline 0.001 -14"><span class='ocrx_word' id='word_1_105' title='bbox 19 989 21 1010; x_wconf 63' lang='grc' dir='ltr'><strong><em>τ</em></strong></span> <span class='ocrx_word' id='word_1_106' title='bbox 42 972 161 1018; x_wconf 86' lang='lat' dir='ltr'>illam</span> <span class='ocrx_word' id='word_1_107' title='bbox 182 971 345 1017; x_wconf 87' lang='lat' dir='ltr'>fideles.</span> <span class='ocrx_word' id='word_1_108' title='bbox 370 975 465 1018; x_wconf 91' lang='lat' dir='ltr'>Non</span> <span class='ocrx_word' id='word_1_109' title='bbox 488 987 590 1031; x_wconf 83' lang='lat' dir='ltr'>ergo</span> <span class='ocrx_word' id='word_1_110' title='bbox 606 972 832 1028; x_wconf 81' lang='lat' dir='ltr'>timemus,</span> <span class='ocrx_word' id='word_1_111' title='bbox 849 987 905 1016; x_wconf 90' lang='lat' dir='ltr'>ne</span> <span class='ocrx_word' id='word_1_112' title='bbox 918 973 1060 1017; x_wconf 90' lang='lat' dir='ltr'>minus</span> <span class='ocrx_word' id='word_1_113' title='bbox 1080 972 1308 1031; x_wconf 86' lang='lat' dir='ltr'>diligenter</span> <span class='ocrx_word' id='word_1_114' title='bbox 1330 989 1426 1018; x_wconf 89' lang='lat' dir='ltr'>eam</span> 
     </span>
     <span class='ocr_line' id='line_1_24' title="bbox 42 1043 1423 1104; baseline 0.001 -15.986"><span class='ocrx_word' id='word_1_115' title='bbox 42 1044 223 1089; x_wconf 88' lang='lat' dir='ltr'>teneatis</span> <span class='ocrx_word' id='word_1_116' title='bbox 244 1063 253 1089; x_wconf 88' lang='lat'>:</span> <span class='ocrx_word' id='word_1_117' title='bbox 279 1044 380 1104; x_wconf 85' lang='lat' dir='ltr'>quia</span> <span class='ocrx_word' id='word_1_118' title='bbox 402 1052 445 1088; x_wconf 87' lang='lat' dir='ltr'>et</span> <span class='ocrx_word' id='word_1_119' title='bbox 463 1043 496 1087; x_wconf 92' lang='lat' dir='ltr'>si</span> <span class='ocrx_word' id='word_1_120' title='bbox 520 1044 617 1103; x_wconf 87' lang='lat' dir='ltr'>quis</span> <span class='ocrx_word' id='word_1_121' title='bbox 638 1052 830 1088; x_wconf 86' lang='lat' dir='ltr'>vestrum</span> <span class='ocrx_word' id='word_1_122' title='bbox 851 1059 941 1089; x_wconf 92' lang='lat' dir='ltr'>non</span> <span class='ocrx_word' id='word_1_123' title='bbox 963 1044 1122 1104; x_wconf 89' lang='lat' dir='ltr'>poterit</span> <span class='ocrx_word' id='word_1_124' title='bbox 1145 1053 1290 1089; x_wconf 91' lang='lat' dir='ltr'>tenere</span> <span class='ocrx_word' id='word_1_125' title='bbox 1321 1060 1423 1104; x_wconf 92' lang='lat' dir='ltr'>per-</span> 
     </span>
     <span class='ocr_line' id='line_1_25' title="bbox 26 1113 835 1174; baseline -0.002 -14"><span class='ocrx_word' id='word_1_126' title='bbox 26 1113 175 1170; x_wconf 81' lang='lat' dir='ltr'>fecte,</span> <span class='ocrx_word' id='word_1_127' title='bbox 196 1114 414 1159; x_wconf 88' lang='lat' dir='ltr'>audiendo</span> <span class='ocrx_word' id='word_1_128' title='bbox 436 1114 634 1174; x_wconf 88' lang='lat' dir='ltr'>quotidie</span> <span class='ocrx_word' id='word_1_129' title='bbox 651 1115 835 1159; x_wconf 87' lang='lat' dir='ltr'>tenebit.</span> 
     </span>
    </p>

    <p class='ocr_par' dir='ltr' id='par_1_4' title="bbox 0 1184 1427 2029">
     <span class='ocr_line' id='line_1_26' title="bbox 27 1184 1425 1246; baseline 0.001 -17"><span class='ocrx_word' id='word_1_130' title='bbox 27 1191 30 1207; x_wconf 68' lang='lat'>³</span> <span class='ocrx_word' id='word_1_131' title='bbox 98 1188 224 1230; x_wconf 82' lang='lat' dir='ltr'>XIII.</span> <span class='ocrx_word' id='word_1_132' title='bbox 261 1186 365 1230; x_wconf 86' lang='lat' dir='ltr'>Ideo</span> <span class='ocrx_word' id='word_1_133' title='bbox 385 1186 455 1229; x_wconf 91' lang='lat' dir='ltr'>die</span> <span class='ocrx_word' id='word_1_134' title='bbox 472 1185 654 1240; x_wconf 82' lang='lat' dir='ltr'>sabbati,</span> <span class='ocrx_word' id='word_1_135' title='bbox 676 1186 854 1246; x_wconf 87' lang='lat' dir='ltr'>quando</span> <span class='ocrx_word' id='word_1_136' title='bbox 879 1184 1098 1244; x_wconf 83' lang='lat' dir='ltr'>vigilaturi</span> <span class='ocrx_word' id='word_1_137' title='bbox 1117 1201 1266 1230; x_wconf 86' lang='lat' dir='ltr'>sumus</span> <span class='ocrx_word' id='word_1_138' title='bbox 1284 1187 1329 1230; x_wconf 91' lang='lat' dir='ltr'>in</span> <span class='ocrx_word' id='word_1_139' title='bbox 1347 1187 1425 1231; x_wconf 91' lang='lat' dir='ltr'>Dei</span> 
     </span>
     <span class='ocr_line' id='line_1_27' title="bbox 0 1247 1424 1315; baseline 0.001 -16"><span class='ocrx_word' id='word_1_140' title='bbox 0 1265 6 1299; x_wconf 79' lang='grc' dir='ltr'><strong>ι</strong></span> <span class='ocrx_word' id='word_1_141' title='bbox 30 1247 45 1296; x_wconf 45' lang='grc' dir='ltr'>Ὶι</span> <span class='ocrx_word' id='word_1_142' title='bbox 67 1256 332 1301; x_wconf 81' lang='lat' dir='ltr'>·iseric0rdia</span> <span class='ocrx_word' id='word_1_143' title='bbox 347 1291 358 1312; x_wconf 86' lang='lat'><strong><em>‚</em></strong></span> <span class='ocrx_word' id='word_1_144' title='bbox 377 1255 592 1301; x_wconf 86' lang='lat' dir='ltr'>reddituri</span> <span class='ocrx_word' id='word_1_145' title='bbox 605 1257 724 1311; x_wconf 86' lang='lat' dir='ltr'>estis,</span> <span class='ocrx_word' id='word_1_146' title='bbox 750 1272 840 1300; x_wconf 93' lang='lat' dir='ltr'>non</span> <span class='ocrx_word' id='word_1_147' title='bbox 857 1257 1108 1300; x_wconf 86' lang='lat' dir='ltr'>Orationem</span> <span class='ocrx_word' id='word_1_148' title='bbox 1120 1292 1130 1311; x_wconf 93' lang='lat'>,</span> <span class='ocrx_word' id='word_1_149' title='bbox 1148 1256 1224 1301; x_wconf 89' lang='lat' dir='ltr'>sed</span> <span class='ocrx_word' id='word_1_150' title='bbox 1243 1258 1424 1315; x_wconf 85' lang='lat' dir='ltr'>Symbo-</span> 
     </span>
     <span class='ocr_line' id='line_1_28' title="bbox 0 1327 1426 1385; baseline 0.001 -13"><span class='ocrx_word' id='word_1_151' title='bbox 0 1350 8 1359; x_wconf 96' lang='lat'>·</span> <span class='ocrx_word' id='word_1_152' title='bbox 46 1343 145 1378; x_wconf 76' lang='lat' dir='ltr'>um.</span> <span class='ocrx_word' id='word_1_153' title='bbox 171 1327 306 1373; x_wconf 87' lang='lat' dir='ltr'>Modo</span> <span class='ocrx_word' id='word_1_154' title='bbox 327 1327 443 1371; x_wconf 90' lang='lat' dir='ltr'>enim</span> <span class='ocrx_word' id='word_1_155' title='bbox 460 1327 542 1371; x_wconf 88' lang='lat' dir='ltr'>nisi</span> <span class='ocrx_word' id='word_1_156' title='bbox 564 1327 745 1371; x_wconf 84' lang='lat' dir='ltr'>teneatis</span> <span class='ocrx_word' id='word_1_157' title='bbox 773 1327 1057 1384; x_wconf 82' lang='lat' dir='ltr'>Symbolum,</span> <span class='ocrx_word' id='word_1_158' title='bbox 1082 1328 1129 1372; x_wconf 86' lang='lat' dir='ltr'>in</span> <span class='ocrx_word' id='word_1_159' title='bbox 1150 1328 1348 1385; x_wconf 80' lang='lat' dir='ltr'>ecclesia,</span> <span class='ocrx_word' id='word_1_160' title='bbox 1380 1330 1426 1373; x_wconf 93' lang='lat' dir='ltr'>in</span> 
     </span>
     <span class='ocr_line' id='line_1_29' title="bbox 0 1396 1427 1458; baseline 0.004 -19"><span class='ocrx_word' id='word_1_161' title='bbox 0 1401 10 1439; x_wconf 78' lang='grc'>”.</span> <span class='ocrx_word' id='word_1_162' title='bbox 35 1396 62 1437; x_wconf 75' lang='lat' dir='ltr'>i,</span> <span class='ocrx_word' id='word_1_163' title='bbox 82 1398 207 1458; x_wconf 91' lang='lat' dir='ltr'>pulo</span> <span class='ocrx_word' id='word_1_164' title='bbox 231 1397 488 1456; x_wconf 89' lang='lat' dir='ltr'>Symbolum</span> <span class='ocrx_word' id='word_1_165' title='bbox 507 1397 704 1457; x_wconf 85' lang='lat' dir='ltr'>quotidie</span> <span class='ocrx_word' id='word_1_166' title='bbox 726 1413 815 1442; x_wconf 90' lang='lat' dir='ltr'>non</span> <span class='ocrx_word' id='word_1_167' title='bbox 841 1397 1013 1442; x_wconf 83' lang='lat' dir='ltr'>auditis.</span> <span class='ocrx_word' id='word_1_168' title='bbox 1045 1400 1158 1443; x_wconf 86' lang='lat' dir='ltr'>Cum</span> <span class='ocrx_word' id='word_1_169' title='bbox 1179 1408 1326 1444; x_wconf 87' lang='lat' dir='ltr'>autem</span> <span class='ocrx_word' id='word_1_170' title='bbox 1359 1409 1427 1444; x_wconf 83' lang='lat' dir='ltr'>te-</span> 
     </span>
     <span class='ocr_line' id='line_1_30' title="bbox 0 1467 1426 1531; baseline 0.004 -20"><span class='ocrx_word' id='word_1_171' title='bbox 0 1473 13 1509; x_wconf 74' lang='grc' dir='ltr'><strong>ἰ</strong></span> <span class='ocrx_word' id='word_1_172' title='bbox 37 1470 245 1525; x_wconf 55' lang='grc' dir='ltr'>πιιθτίιίε,</span> <span class='ocrx_word' id='word_1_173' title='bbox 274 1479 324 1514; x_wconf 87' lang='lat' dir='ltr'>ut</span> <span class='ocrx_word' id='word_1_174' title='bbox 344 1485 434 1514; x_wconf 93' lang='lat' dir='ltr'>non</span> <span class='ocrx_word' id='word_1_175' title='bbox 456 1468 794 1524; x_wconf 81' lang='lat' dir='ltr'>obliviscamini,</span> <span class='ocrx_word' id='word_1_176' title='bbox 828 1467 1028 1529; x_wconf 88' lang='lat' dir='ltr'>quotidie</span> <span class='ocrx_word' id='word_1_177' title='bbox 1060 1468 1213 1525; x_wconf 83' lang='lat' dir='ltr'>dicite,</span> <span class='ocrx_word' id='word_1_178' title='bbox 1248 1471 1426 1531; x_wconf 86' lang='lat' dir='ltr'>quando</span> 
     </span>
     <span class='ocr_line' id='line_1_31' title="bbox 0 1539 1427 1601; baseline 0.004 -18"><span class='ocrx_word' id='word_1_179' title='bbox 0 1555 18 1583; x_wconf 81' lang='lat' dir='ltr'>a·</span> <span class='ocrx_word' id='word_1_180' title='bbox 39 1541 236 1600; x_wconf 53' lang='lat' dir='ltr'>Uurgffis,</span> <span class='ocrx_word' id='word_1_181' title='bbox 262 1539 440 1600; x_wconf 88' lang='lat' dir='ltr'>quando</span> <span class='ocrx_word' id='word_1_182' title='bbox 456 1555 533 1585; x_wconf 88' lang='lat' dir='ltr'>vos</span> <span class='ocrx_word' id='word_1_183' title='bbox 551 1540 608 1584; x_wconf 85' lang='lat' dir='ltr'>ad</span> <span class='ocrx_word' id='word_1_184' title='bbox 621 1554 822 1584; x_wconf 90' lang='lat' dir='ltr'>somnum</span> <span class='ocrx_word' id='word_1_185' title='bbox 843 1539 1085 1596; x_wconf 82' lang='lat' dir='ltr'>collocatis,</span> <span class='ocrx_word' id='word_1_186' title='bbox 1110 1540 1278 1586; x_wconf 81' lang='lat' dir='ltr'>reddite</span> <span class='ocrx_word' id='word_1_187' title='bbox 1297 1545 1427 1601; x_wconf 83' lang='lat' dir='ltr'>Sym-</span> 
     </span>
     <span class='ocr_line' id='line_1_32' title="bbox 0 1611 1424 1673; baseline 0.003 -18"><span class='ocrx_word' id='word_1_188' title='bbox 0 1624 20 1655; x_wconf 85' lang='grc' dir='ltr'>ιι</span> <span class='ocrx_word' id='word_1_189' title='bbox 54 1612 194 1658; x_wconf 69' lang='lat' dir='ltr'>mlum</span> <span class='ocrx_word' id='word_1_190' title='bbox 214 1621 422 1667; x_wconf 83' lang='lat' dir='ltr'>vestrum,</span> <span class='ocrx_word' id='word_1_191' title='bbox 439 1611 606 1656; x_wconf 85' lang='lat' dir='ltr'>reddite</span> <span class='ocrx_word' id='word_1_192' title='bbox 620 1611 822 1666; x_wconf 87' lang='lat' dir='ltr'>Domino,</span> <span class='ocrx_word' id='word_1_193' title='bbox 843 1621 1180 1656; x_wconf 88' lang='lat' dir='ltr'>commemorate</span> <span class='ocrx_word' id='word_1_194' title='bbox 1202 1629 1277 1657; x_wconf 89' lang='lat' dir='ltr'>vos</span> <span class='ocrx_word' id='word_1_195' title='bbox 1293 1614 1424 1673; x_wconf 86' lang='lat' dir='ltr'>ipsos,</span> 
     </span>
     <span class='ocr_line' id='line_1_33' title="bbox 0 1682 1425 1748; baseline 0.004 -22"><span class='ocrx_word' id='word_1_196' title='bbox 0 1695 24 1726; x_wconf 82' lang='lat' dir='ltr'>m</span> <span class='ocrx_word' id='word_1_197' title='bbox 45 1688 129 1748; x_wconf 43' lang='lat' dir='ltr'>‘gon</span> <span class='ocrx_word' id='word_1_198' title='bbox 146 1684 289 1744; x_wconf 86' lang='lat' dir='ltr'>pigeat</span> <span class='ocrx_word' id='word_1_199' title='bbox 307 1692 518 1742; x_wconf 87' lang='lat' dir='ltr'>repetere.</span> <span class='ocrx_word' id='word_1_200' title='bbox 539 1686 661 1733; x_wconf 77' lang='lat' dir='ltr'>Bona</span> <span class='ocrx_word' id='word_1_201' title='bbox 683 1691 746 1727; x_wconf 88' lang='lat' dir='ltr'>est</span> <span class='ocrx_word' id='word_1_202' title='bbox 766 1682 882 1726; x_wconf 88' lang='lat' dir='ltr'>enim</span> <span class='ocrx_word' id='word_1_203' title='bbox 899 1683 1115 1741; x_wconf 82' lang='lat' dir='ltr'>repetitio,</span> <span class='ocrx_word' id='word_1_204' title='bbox 1140 1699 1196 1728; x_wconf 87' lang='lat' dir='ltr'>ne</span> <span class='ocrx_word' id='word_1_205' title='bbox 1217 1685 1425 1746; x_wconf 84' lang='lat' dir='ltr'>subrepat</span> 
     </span>
     <span class='ocr_line' id='line_1_34' title="bbox 0 1751 1423 1813; baseline 0.005 -19"><span class='ocrx_word' id='word_1_206' title='bbox 0 1755 25 1794; x_wconf 53' lang='grc' dir='ltr'>’ῆι</span> <span class='ocrx_word' id='word_1_207' title='bbox 50 1754 219 1809; x_wconf 64' lang='lat' dir='ltr'>blivio.</span> <span class='ocrx_word' id='word_1_208' title='bbox 244 1756 308 1799; x_wconf 92' lang='lat' dir='ltr'>Ne</span> <span class='ocrx_word' id='word_1_209' title='bbox 324 1754 474 1797; x_wconf 82' lang='lat' dir='ltr'>dicatis</span> <span class='ocrx_word' id='word_1_210' title='bbox 495 1771 504 1796; x_wconf 91' lang='lat'>:</span> <span class='ocrx_word' id='word_1_211' title='bbox 527 1752 624 1796; x_wconf 80' lang='lat' dir='ltr'>Dixi</span> <span class='ocrx_word' id='word_1_212' title='bbox 645 1752 762 1807; x_wconf 84' lang='lat' dir='ltr'>heri,</span> <span class='ocrx_word' id='word_1_213' title='bbox 786 1751 876 1796; x_wconf 78' lang='lat' dir='ltr'>dixi</span> <span class='ocrx_word' id='word_1_214' title='bbox 899 1752 1031 1796; x_wconf 88' lang='lat' dir='ltr'>hodie</span> <span class='ocrx_word' id='word_1_215' title='bbox 1045 1787 1056 1807; x_wconf 92' lang='lat'>,</span> <span class='ocrx_word' id='word_1_216' title='bbox 1082 1753 1279 1813; x_wconf 89' lang='lat' dir='ltr'>quotidie</span> <span class='ocrx_word' id='word_1_217' title='bbox 1301 1755 1423 1812; x_wconf 83' lang='lat' dir='ltr'>dico,</span> 
     </span>
     <span class='ocr_line' id='line_1_35' title="bbox 66 1822 1423 1885; baseline 0.003 -14.956"><span class='ocrx_word' id='word_1_218' title='bbox 66 1841 169 1870; x_wconf 91' lang='lat' dir='ltr'>neo</span> <span class='ocrx_word' id='word_1_219' title='bbox 187 1823 299 1869; x_wconf 90' lang='lat' dir='ltr'>illud</span> <span class='ocrx_word' id='word_1_220' title='bbox 315 1824 442 1868; x_wconf 89' lang='lat' dir='ltr'>bene.</span> <span class='ocrx_word' id='word_1_221' title='bbox 469 1826 772 1868; x_wconf 86' lang='lat' dir='ltr'>Commemora</span> <span class='ocrx_word' id='word_1_222' title='bbox 793 1822 923 1868; x_wconf 85' lang='lat' dir='ltr'>fidem</span> <span class='ocrx_word' id='word_1_223' title='bbox 941 1832 1084 1879; x_wconf 79' lang='lat' dir='ltr'>tuam,</span> <span class='ocrx_word' id='word_1_224' title='bbox 1097 1825 1261 1885; x_wconf 89' lang='lat' dir='ltr'>inspice</span> <span class='ocrx_word' id='word_1_225' title='bbox 1282 1836 1325 1871; x_wconf 93' lang='lat' dir='ltr'>te</span> <span class='ocrx_word' id='word_1_226' title='bbox 1344 1829 1423 1874; x_wconf 91' lang='lat' dir='ltr'>:sit</span> 
     </span>
     <span class='ocr_line' id='line_1_36' title="bbox 63 1892 1424 1956; baseline 0.006 -21"><span class='ocrx_word' id='word_1_227' title='bbox 63 1910 250 1956; x_wconf 46' lang='lat' dir='ltr'>&amp;Aquam</span> <span class='ocrx_word' id='word_1_228' title='bbox 269 1893 495 1954; x_wconf 87' lang='lat' dir='ltr'>speculum</span> <span class='ocrx_word' id='word_1_229' title='bbox 513 1894 594 1937; x_wconf 90' lang='lat' dir='ltr'>tibi</span> <span class='ocrx_word' id='word_1_230' title='bbox 613 1892 872 1950; x_wconf 89' lang='lat' dir='ltr'>Symbolum</span> <span class='ocrx_word' id='word_1_231' title='bbox 891 1902 1032 1938; x_wconf 87' lang='lat' dir='ltr'>tuum.</span> <span class='ocrx_word' id='word_1_232' title='bbox 1069 1894 1136 1938; x_wconf 86' lang='lat' dir='ltr'>Ibi</span> <span class='ocrx_word' id='word_1_233' title='bbox 1158 1903 1201 1938; x_wconf 91' lang='lat' dir='ltr'>te</span> <span class='ocrx_word' id='word_1_234' title='bbox 1235 1896 1335 1940; x_wconf 75' lang='lat' dir='ltr'>vide</span> <span class='ocrx_word' id='word_1_235' title='bbox 1353 1932 1365 1953; x_wconf 88' lang='lat'><strong><em>‚</em></strong></span> <span class='ocrx_word' id='word_1_236' title='bbox 1390 1900 1424 1943; x_wconf 91' lang='lat' dir='ltr'>si</span> 
     </span>
     <span class='ocr_line' id='line_1_37' title="bbox 54 1963 1422 2029; baseline 0.002 -18"><span class='ocrx_word' id='word_1_237' title='bbox 54 1965 178 2029; x_wconf 28' lang='lat' dir='ltr'>sedis</span> <span class='ocrx_word' id='word_1_238' title='bbox 200 1966 345 2011; x_wconf 86' lang='lat' dir='ltr'>omnia</span> <span class='ocrx_word' id='word_1_239' title='bbox 360 2000 372 2021; x_wconf 88' lang='lat'>‚</span> <span class='ocrx_word' id='word_1_240' title='bbox 405 1981 503 2025; x_wconf 76' lang='lat' dir='ltr'>quae</span> <span class='ocrx_word' id='word_1_241' title='bbox 526 1973 570 2009; x_wconf 91' lang='lat' dir='ltr'>te</span> <span class='ocrx_word' id='word_1_242' title='bbox 589 1963 765 2008; x_wconf 87' lang='lat' dir='ltr'>credere</span> <span class='ocrx_word' id='word_1_243' title='bbox 782 1965 998 2009; x_wconf 79' lang='lat' dir='ltr'>confiteris</span> <span class='ocrx_word' id='word_1_244' title='bbox 1011 2000 1027 2020; x_wconf 84' lang='grc'>,</span> <span class='ocrx_word' id='word_1_245' title='bbox 1051 1974 1094 2010; x_wconf 92' lang='lat' dir='ltr'>et</span> <span class='ocrx_word' id='word_1_246' title='bbox 1115 1965 1255 2025; x_wconf 82' lang='lat' dir='ltr'>gaude</span> <span class='ocrx_word' id='word_1_247' title='bbox 1274 1970 1422 2028; x_wconf 91' lang='lat' dir='ltr'>quoti-</span> 
     </span>
    </p>
   </div>
   <div class='ocr_carea' id='block_1_4' title="bbox 33 2084 1424 2256">
    <p class='ocr_par' dir='ltr' id='par_1_5' title="bbox 33 2084 1424 2246">
     <span class='ocr_line' id='line_1_38' title="bbox 33 2084 1421 2170; baseline 0.005 -21"><span class='ocrx_word' id='word_1_248' title='bbox 33 2134 34 2138; x_wconf 58' lang='lat'><em>=</em></span> <span class='ocrx_word' id='word_1_249' title='bbox 56 2084 63 2146; x_wconf 59' lang='grc' dir='ltr'><em>ἶ</em></span> <span class='ocrx_word' id='word_1_250' title='bbox 81 2094 142 2158; x_wconf 18' lang='lat' dir='ltr'>im</span> <span class='ocrx_word' id='word_1_251' title='bbox 155 2107 286 2154; x_wconf 89' lang='lat' dir='ltr'>modo</span> <span class='ocrx_word' id='word_1_252' title='bbox 306 2107 563 2152; x_wconf 84' lang='lat' dir='ltr'>indumenta</span> <span class='ocrx_word' id='word_1_253' title='bbox 582 2106 740 2151; x_wconf 86' lang='lat' dir='ltr'>mentis</span> <span class='ocrx_word' id='word_1_254' title='bbox 759 2115 862 2151; x_wconf 85' lang='lat' dir='ltr'>tuae.</span> <span class='ocrx_word' id='word_1_255' title='bbox 888 2107 1116 2167; x_wconf 89' lang='lat' dir='ltr'>Numquid</span> <span class='ocrx_word' id='word_1_256' title='bbox 1133 2124 1222 2153; x_wconf 88' lang='lat' dir='ltr'>non</span> <span class='ocrx_word' id='word_1_257' title='bbox 1243 2111 1421 2170; x_wconf 88' lang='lat' dir='ltr'>quando</span> 
     </span>
     <span class='ocr_line' id='line_1_39' title="bbox 61 2177 1424 2256; baseline 0.001 -32"><span class='ocrx_word' id='word_1_258' title='bbox 61 2203 77 2246; x_wconf 25' lang='grc' dir='ltr'>ξ.</span> <span class='ocrx_word' id='word_1_259' title='bbox 114 2180 178 2239; x_wconf 84' lang='lat' dir='ltr'>gis</span> <span class='ocrx_word' id='word_1_260' title='bbox 199 2179 326 2224; x_wconf 89' lang='lat' dir='ltr'>vestis</span> <span class='ocrx_word' id='word_1_261' title='bbox 348 2179 421 2223; x_wconf 79' lang='lat' dir='ltr'>te?</span> <span class='ocrx_word' id='word_1_262' title='bbox 447 2178 515 2223; x_wconf 90' lang='lat' dir='ltr'>Sic</span> <span class='ocrx_word' id='word_1_263' title='bbox 540 2187 584 2222; x_wconf 86' lang='lat' dir='ltr'>et</span> <span class='ocrx_word' id='word_1_264' title='bbox 604 2178 989 2222; x_wconf 84' lang='lat' dir='ltr'>commemorando</span> <span class='ocrx_word' id='word_1_265' title='bbox 1014 2177 1273 2256; x_wconf 82' lang='lat' dir='ltr'>Symbolum</span> <span class='ocrx_word' id='word_1_266' title='bbox 1298 2190 1424 2226; x_wconf 90' lang='lat' dir='ltr'>tuum</span> 
     </span>
    </p>
   </div>
   <div class='ocr_carea' id='block_1_5' title="bbox 0 2388 1423 2602">
    <p class='ocr_par' dir='ltr' id='par_1_6' title="bbox 0 2388 1423 2602">
     <span class='ocr_line' id='line_1_40' title="bbox 0 2388 1423 2451; baseline 0.001 -15"><span class='ocrx_word' id='word_1_267' title='bbox 0 2407 43 2445; x_wconf 68' lang='lat' dir='ltr'>num</span> <span class='ocrx_word' id='word_1_268' title='bbox 69 2444 71 2450; x_wconf 22' lang='lat' dir='ltr'><em>A</em></span> <span class='ocrx_word' id='word_1_269' title='bbox 85 2391 139 2451; x_wconf 97' lang='grc' dir='ltr'><strong>ξι</strong></span> <span class='ocrx_word' id='word_1_270' title='bbox 159 2399 305 2436; x_wconf 89' lang='lat' dir='ltr'>tamen</span> <span class='ocrx_word' id='word_1_271' title='bbox 325 2388 529 2449; x_wconf 78' lang='lat' dir='ltr'>expoliati</span> <span class='ocrx_word' id='word_1_272' title='bbox 550 2403 641 2433; x_wconf 87' lang='lat' dir='ltr'>non</span> <span class='ocrx_word' id='word_1_273' title='bbox 662 2388 770 2433; x_wconf 90' lang='lat' dir='ltr'>nudi</span> <span class='ocrx_word' id='word_1_274' title='bbox 786 2389 1100 2433; x_wconf 81' lang='lat' dir='ltr'>inveniamur1.</span> <span class='ocrx_word' id='word_1_275' title='bbox 1110 2390 1290 2434; x_wconf 86' lang='lat' dir='ltr'>»Vestiti</span> <span class='ocrx_word' id='word_1_276' title='bbox 1307 2393 1423 2437; x_wconf 87' lang='lat' dir='ltr'>enim</span> 
     </span>
     <span class='ocr_line' id='line_1_41' title="bbox 0 2459 1422 2519; baseline 0.001 -11"><span class='ocrx_word' id='word_1_277' title='bbox 0 2462 46 2517; x_wconf 35' lang='lat' dir='ltr'>kbebi</span> <span class='ocrx_word' id='word_1_278' title='bbox 66 2483 68 2486; x_wconf 58' lang='grc'>’</span> <span class='ocrx_word' id='word_1_279' title='bbox 85 2481 97 2501; x_wconf 69' lang='grc' dir='ltr'><em>ν</em></span> <span class='ocrx_word' id='word_1_280' title='bbox 113 2483 127 2518; x_wconf 55' lang='grc' dir='ltr'><strong>ι</strong></span> <span class='ocrx_word' id='word_1_281' title='bbox 154 2477 204 2507; x_wconf 88' lang='lat' dir='ltr'>us</span> <span class='ocrx_word' id='word_1_282' title='bbox 225 2462 312 2506; x_wconf 89' lang='lat' dir='ltr'>fide</span> <span class='ocrx_word' id='word_1_283' title='bbox 332 2469 513 2506; x_wconf 85' lang='lat' dir='ltr'>nostra:</span> <span class='ocrx_word' id='word_1_284' title='bbox 539 2468 582 2504; x_wconf 87' lang='lat' dir='ltr'>et</span> <span class='ocrx_word' id='word_1_285' title='bbox 611 2459 703 2519; x_wconf 86' lang='lat' dir='ltr'>ipsa</span> <span class='ocrx_word' id='word_1_286' title='bbox 726 2459 834 2505; x_wconf 89' lang='lat' dir='ltr'>fides</span> <span class='ocrx_word' id='word_1_287' title='bbox 863 2469 907 2506; x_wconf 89' lang='lat' dir='ltr'>et</span> <span class='ocrx_word' id='word_1_288' title='bbox 937 2460 1085 2505; x_wconf 83' lang='lat' dir='ltr'>tunica</span> <span class='ocrx_word' id='word_1_289' title='bbox 1107 2469 1170 2504; x_wconf 88' lang='lat' dir='ltr'>est</span> <span class='ocrx_word' id='word_1_290' title='bbox 1192 2469 1236 2505; x_wconf 92' lang='lat' dir='ltr'>et</span> <span class='ocrx_word' id='word_1_291' title='bbox 1254 2460 1422 2510; x_wconf 86' lang='lat' dir='ltr'>lorica:</span> 
     </span>
     <span class='ocr_line' id='line_1_42' title="bbox 0 2529 1417 2602; baseline -0.015 0"><span class='ocrx_word' id='word_1_292' title='bbox 0 2556 52 2602; x_wconf 67' lang='grc' dir='ltr'>ωωὶ</span> <span class='ocrx_word' id='word_1_293' title='bbox 96 2533 212 2598; x_wconf 63' lang='lat' dir='ltr'>nica,</span> <span class='ocrx_word' id='word_1_294' title='bbox 247 2540 398 2578; x_wconf 87' lang='lat' dir='ltr'>contra</span> <span class='ocrx_word' id='word_1_295' title='bbox 418 2529 903 2589; x_wconf 72' lang='lat' dir='ltr'>confusionem3lorica,</span> <span class='ocrx_word' id='word_1_296' title='bbox 929 2539 1079 2577; x_wconf 87' lang='lat' dir='ltr'>contra</span> <span class='ocrx_word' id='word_1_297' title='bbox 1101 2529 1417 2580; x_wconf 87' lang='lat' dir='ltr'>adversitatem.</span> 
     </span>
    </p>
   </div>
   <div class='ocr_carea' id='block_1_6' title="bbox 95 2616 1207 2713">
    <p class='ocr_par' dir='ltr' id='par_1_7' title="bbox 95 2616 1207 2713">
     <span class='ocr_line' id='line_1_43' title="bbox 95 2616 1192 2711; baseline -0.003 -59"><span class='ocrx_word' id='word_1_298' title='bbox 95 2616 339 2660; x_wconf 77' lang='lat' dir='ltr'>¹2Cor.V,3.</span> <span class='ocrx_word' id='word_1_299' title='bbox 1169 2671 1192 2711; x_wconf 54' lang='grc' dir='ltr'>[ι</span> 
     </span>
     <span class='ocr_line' id='line_1_44' title="bbox 1145 2673 1207 2713; baseline 0.032 -2"><span class='ocrx_word' id='word_1_300' title='bbox 1145 2673 1162 2711; x_wconf 85' lang='grc'>1</span> <span class='ocrx_word' id='word_1_301' title='bbox 1199 2701 1207 2713; x_wconf 86' lang='grc'><strong>.</strong></span> 
     </span>
    </p>
   </div>
  </div>
 </body>
</html>
