1898 3178
252 239 396 266 SERMO
428 237 598 274 Lxxxn‚
633 237 687 263 DE
720 235 865 264 VERBIS
895 234 1060 264 ΜΑΤΤΗ.
1095 236 1218 262 xv111.
1346 225 1430 263 399

51 320 72 345 »
100 302 282 362 Spiritus
305 303 461 357 sancti,
482 315 614 361 quem
630 300 799 345 habetis
818 317 840 345 a
858 304 965 356 Deo,
983 310 1026 345 et
1047 315 1137 345 non
1156 300 1254 344 estis
1277 301 1432 344 vestri?

52 392 72 415 »
97 374 247 433 Empti
269 374 385 417 enim
417 373 516 416 estis
536 371 675 431 pretio
696 386 870 430 magno.
900 390 921 413 »
950 372 993 416 Si
1015 371 1255 417 contemnis
1276 386 1431 430 corpus

49 452 199 498 tuum,
224 442 449 487 considera
469 441 659 502 pretium
675 449 818 485 tuum.

93 514 215 557 XIV.
230 512 327 558 Scio
339 528 420 572 ego
429 548 439 568 ,
450 521 492 557 et
506 526 679 556 mecum
691 510 832 556 omnis
845 512 979 556 homo
991 514 1066 572 qui
1080 511 1214 572 paulo
1227 511 1434 556 attentius

45 582 404 635 consideraverit,
429 583 648 628 neminem
667 584 808 626 Deum
830 583 1056 627 timentem
1078 582 1160 626 sub
1182 581 1326 627 verbis
1343 583 1435 642 ejus

47 669 138 698 non
160 668 204 698 se
225 654 440 712 corrigere
455 688 466 709 ,
500 652 582 697 nisi
602 651 680 712 qui
698 660 846 711 putat,
877 652 979 712 quia
999 651 1098 712 plus
1116 652 1250 697 habet
1270 653 1431 697 vivere.

45 727 143 784 Ipsa
158 740 225 769 res
247 734 311 770 est
327 740 428 785 quae
447 723 609 769 multos
630 722 806 778 occidit,
833 738 934 767 cum
956 723 1138 768 dicunt:
1167 726 1286 780 Cras,
1312 739 1432 769 cras:

46 804 91 841 et
109 796 257 841 subito
279 796 440 842 ostium
457 795 691 841 clauditur.
717 795 942 839 Remansit
965 794 1070 841 foris
1093 810 1194 840 cum
1211 811 1319 841 voce
1340 811 1438 840 cor-

44 866 145 911 vina
163 882 172 908 :
198 868 299 928 quia
317 883 408 912 non
428 867 587 912 habuit
602 867 813 926 gemitum
829 865 1149 911 columbinum.
1171 869 1274 912 Cras
1287 902 1297 921 ‚
1315 882 1430 911 cras:

45 937 162 981 corvi
186 952 286 983 vox.
314 938 449 982 Geme
470 946 521 981 ut
538 937 792 992 columbus,
811 945 854 981 et
876 936 1015 982 tunde
1036 946 1188 997 pectus
1206 953 1215 978 ι
1241 936 1317 981 sed
1340 936 1437 996 pla-

46 1022 119 1066 gas
140 1008 220 1052 tibi
241 1007 388 1053 dando
416 1008 463 1052 in
485 1017 638 1068 pectus
655 1043 666 1064 ‚
697 1023 831 1052 caesus
859 1018 1080 1053 correctus
1103 1017 1224 1066 est03
1258 1023 1313 1052 ne
1346 1023 1439 1052 non

0 1066 1 1104 3
44 1076 227 1122 videaris
254 1078 565 1123 conscientiam
593 1078 790 1132 caedere,
827 1078 903 1122 sed
935 1077 1093 1122 malam
1126 1076 1435 1122 conscientiam

43 1148 201 1206 pugnis
222 1149 545 1208 pavimentare,
570 1149 819 1194 solidiorem
846 1147 1029 1192 reddere
1044 1183 1056 1204 ‚
1087 1164 1179 1193 non
1199 1148 1435 1193 correctio-

46 1230 153 1260 rem.
180 1219 318 1262 Geme
333 1235 423 1264 non
443 1219 561 1263 inani
582 1219 761 1275 gemitu.
782 1220 913 1261 Forte
935 1218 1051 1262 enim
1068 1217 1175 1263 dicis
1197 1218 1303 1263 tibi:
1329 1222 1438 1262 Pro-

47 1286 164 1330 misit
194 1286 302 1330 mihi
334 1290 448 1331 Deus
478 1286 798 1345 indulgentiam
817 1321 828 1341 ‚
863 1287 1042 1347 quando
1072 1303 1143 1332 me
1174 1304 1400 1333 correxero
1421 1324 1432 1344 ,

52 1372 232 1402 securus
250 1372 347 1402 sum
369 1376 379 1402 z
399 1358 500 1416 lego
517 1356 711 1402 divinam
731 1358 999 1417 Scripturam
1023 1377 1031 1403 :
1054 1377 1074 1401 «
1096 1360 1278 1419 Iniquus
1294 1360 1340 1403 in
1358 1376 1444 1419 qua

51 1446 72 1470 »
97 1427 170 1473 die
185 1443 418 1474 conversus
439 1428 573 1473 fuerit
593 1428 650 1473 ab
668 1427 976 1489 iniquitatibus
993 1430 1103 1485 suis,
1123 1438 1165 1473 et
1187 1428 1337 1474 fecerit
1351 1432 1441 1490 jus·

50 1516 72 1540 n
97 1499 237 1544 titiam
257 1534 268 1555 ‚
308 1514 458 1544 omnes
490 1499 741 1559 iniquitates
775 1500 864 1559 ejus
897 1498 1167 1544 obliviscar¹.
1196 1518 1216 1541 »
1257 1502 1442 1545 Securus

49 1583 146 1613 sum
162 1603 174 1625 ,
203 1569 382 1629 quando
403 1584 475 1613 me
491 1583 717 1613 correxero
732 1603 743 1623 ‚
764 1568 841 1613 dat
864 1570 972 1613 mihi
989 1572 1104 1613 Deus
1124 1569 1442 1628 indulgentiam

49 1638 104 1684 de
125 1639 248 1684 malis
271 1640 389 1684 meis.
415 1643 471 1684 Et
499 1638 607 1700 quid
629 1653 710 1697 ego
739 1638 934 1683 dicturus
962 1642 1091 1684 sum?
1125 1650 1277 1685 contra
1300 1644 1442 1685 Deum

49 1710 391 1755 reclamaturus?
413 1711 617 1754 Dicturus
639 1725 735 1754 sum
757 1712 873 1755 Deo:
894 1709 992 1755 Noli
1007 1709 1069 1754 illi
1087 1709 1191 1755 dare
1211 1710 1441 1771 indulgen-

50 1779 187 1824 tiam?
209 1781 413 1825 Dicturus
435 1795 532 1825 sum
552 1780 637 1824 hoc
669 1780 880 1839 scriptum
912 1795 1002 1824 non
1033 1795 1147 1836 esse,
1182 1781 1267 1826 hoc
1300 1784 1441 1826 Deum

49 1865 139 1895 non
159 1850 429 1910 promisisse?
447 1850 491 1895 Si
507 1850 587 1894 ista
608 1848 777 1904 dixero,
798 1849 944 1894 omnia
961 1848 1068 1894 falsa
1090 1850 1204 1896 dico.
1230 1854 1349 1895 Bene
1371 1853 1440 1896 di-

50 1922 110 1965 cis
125 1955 136 1975 ,
161 1935 316 1966 verum
347 1921 451 1965 dicis
478 1940 486 1966 ι
512 1919 833 1979 indulgentiam
858 1920 1115 1965 correctioni
1136 1930 1225 1966 tuae
1246 1922 1443 1981 promisit

50 1994 165 2035 Deus
180 2025 192 2047 ‚
215 2006 375 2050 negare
397 2006 488 2035 non
508 2006 685 2051 possum
704 2011 715 2049 3
750 1991 825 2035 sed
848 1991 919 2035 dic
940 1992 1074 2046 mihi,
1100 2006 1203 2050 rogo
1237 2001 1281 2036 te
1304 2011 1313 2037 :
1339 2008 1441 2037 ecce

52 2077 134 2121 ego
160 2062 385 2107 consentio
403 2071 447 2107 et
467 2061 661 2107 concedo
690 2071 733 2106 et
755 2076 971 2122 cognosco
998 2062 1100 2123 quia
1121 2062 1443 2122 indulgentiam

51 2135 167 2177 Deus
183 2132 381 2192 promisit
396 2132 475 2176 tibi
488 2168 499 2189 ,
530 2133 767 2178 crastinum
788 2133 906 2177 enim
924 2133 1039 2178 diem
1060 2134 1158 2193 quis
1179 2133 1260 2178 tibi
1277 2135 1442 2193 promi-

53 2203 136 2247 sit?
153 2203 236 2247 Ubi
251 2203 359 2247 mihi
374 2202 480 2262 legis
496 2202 817 2263 indulgentiam
833 2213 877 2249 te
900 2213 1182 2264 accepturum
1196 2240 1206 2260 ‚
1231 2204 1266 2249 si
1287 2214 1330 2249 te
1351 2221 1444 2250 cor-

54 2272 236 2325 rexeris3
270 2272 366 2331 lege
396 2272 459 2316 ibi
481 2273 588 2317 mihi
609 2283 825 2334 quantum
856 2274 1051 2319 victurus
1083 2275 1153 2319 sis.
1188 2277 1287 2320 Non
1318 2274 1439 2334 lego,

55 2344 215 2404 inquis.
235 2344 381 2390 Nescis
398 2358 503 2402 ergo
529 2354 745 2405 quantum
768 2345 962 2391 victurus
995 2346 1063 2390 sis.
1096 2348 1204 2391 Esto
1225 2356 1443 2392 correctus

57 2422 101 2458 et
120 2428 289 2473 semper
310 2422 501 2474 paratus
536 2414 635 2460 Noli
659 2415 812 2460 timere
829 2415 944 2460 diem
971 2415 1176 2461 ultimum
1192 2451 1203 2472 ‚
1234 2425 1443 2478 tanquam

57 2482 222 2540 furem,
247 2484 322 2544 qui
342 2492 386 2528 te
407 2484 650 2531 dormiente
671 2486 851 2532 effodiat
872 2487 1105 2547 parietem·⁷
1129 2487 1205 2533 sed
1220 2487 1350 2548 vigila
1363 2522 1376 2546 ‚
1400 2496 1444 2534 et

107 2568 245 2602 ¹Ezech.
265 2579 358 2610 xviii,
377 2577 434 2610 21,
454 2577 508 2602 22.
