1898 3178
351 231 435 271 574
781 242 814 267 s.
850 238 1081 268 Aucusnm
1113 241 1294 269 EPIscom

350 307 421 351 ille
439 315 583 351 autem
607 302 818 364 pulsando
839 303 970 348 instet
992 313 1034 349 et
1065 315 1331 363 perseveret,
1357 321 1438 350 nec
1455 305 1622 365 pudore
1644 315 1731 350 ter-

348 377 455 421 ritus
475 376 692 428 abscedat,
718 372 794 417 sed
813 374 1064 418 necessitate
1082 384 1255 420 coactus
1275 376 1499 420 immineat
1525 395 1533 420 :
1558 391 1731 420 surrec-

348 455 496 490 turum
517 445 667 499 illum,
693 443 772 488 etsi
794 459 884 488 non
916 454 1092 504 propter
1114 445 1369 500 amicitiam,
1400 455 1517 490 certe
1553 454 1732 505 propter

347 516 462 561 illius
494 515 815 574 improbitatem
840 549 851 569 ,
887 524 931 559 et
966 516 1173 560 daturum
1203 517 1242 560 ei
1273 525 1460 575 quantos
1495 515 1728 561 voluerit1.

349 589 542 640 Quantos
573 595 718 630 autem
745 584 917 629 voluit?
938 586 1055 631 Nihil
1077 586 1174 645 plus
1196 586 1269 629 ille
1298 585 1438 630 voluit
1460 601 1594 647 quam
1628 596 1728 631 tres.

349 660 400 701 In
423 658 502 701 hac
524 672 627 715 ergo
647 655 931 700 similitudine
957 656 1153 716 adjunxit
1180 657 1472 701 hortationem
1497 657 1729 712 Dominus,

348 735 391 770 et
412 727 591 772 omnino
612 725 849 771 stimulavit
866 741 944 771 nos
974 735 1120 785 petere
1136 762 1146 782 ,
1173 742 1369 786 quaerere
1383 762 1393 780 ,
1418 726 1590 786 pulsare
1605 761 1616 782 ,
1651 726 1734 772 do-

348 813 428 842 nec
463 797 724 857 accipiamus
762 797 884 857 quod
913 797 1100 856 petimus
1114 832 1125 852 ,
1168 796 1288 857 quod
1319 797 1578 857 quaerimus,
1612 796 1734 857 quod

347 868 568 927 pulsamus
587 903 597 922 ,
624 883 728 912 usus
751 867 952 928 exemplo
973 884 995 912 a
1017 869 1235 913 contrario
1256 887 1266 914 z
1291 869 1403 913 sicut
1423 868 1478 912 de
1498 868 1574 913 illo
1585 867 1733 928 judice

348 940 425 999 qui
445 955 526 984 nec
548 942 687 984 Deum
709 940 891 984 timebat
909 960 920 997 3
943 954 1024 983 nec
1045 939 1243 984 homines
1264 939 1544 983 reverebatur
1563 974 1574 994 ,
1600 948 1644 983 et
1663 947 1734 983 ta-

348 1023 449 1053 men
466 1025 566 1054 cum
588 1025 688 1054 eum
709 1010 913 1069 quaedam
929 1008 1061 1053 vidua
1077 1008 1375 1069 interpellaret
1397 1009 1594 1068 quotidie
1609 1044 1621 1064 ,
1651 1018 1734 1053 tae-

348 1078 421 1123 dio
441 1080 581 1124 victus
601 1078 724 1123 dedit
744 1079 866 1139 quod
888 1079 1101 1124 beneficio
1124 1095 1214 1124 non
1245 1079 1390 1139 potuit
1410 1079 1571 1124 invitus
1584 1080 1616 1122 ².
1642 1082 1732 1124 Do—

349 1148 492 1193 minus
508 1156 653 1192 autem
670 1157 817 1192 noster
838 1151 962 1192 ,Iesus
984 1149 1182 1193 Christus
1204 1149 1318 1192 inter
1336 1164 1414 1193 nos
1431 1149 1613 1208 petitor,
1633 1163 1733 1193 cum

349 1221 475 1261 Patre
492 1217 638 1272 dator,
659 1233 748 1262 non
767 1218 918 1278 utique
940 1233 1018 1262 nos
1040 1227 1214 1262 tantum
1230 1219 1478 1263 hortaretur
1495 1228 1544 1263 ut
1567 1227 1735 1278 petere-

347 1303 443 1332 mus
461 1323 472 1343 ,
499 1288 578 1332 nisi
593 1288 695 1332 dare
723 1288 869 1333 vellet.
908 1289 1147 1334 Erubescat
1181 1289 1372 1333 humana
1395 1289 1596 1347 pigritia,
1632 1288 1730 1348 plus

347 1359 443 1403 vult
460 1358 532 1402 ille
552 1359 670 1414 dare,
692 1374 823 1418 quam
846 1373 923 1402 nos
946 1360 1139 1418 accipere
1162 1379 1171 1402 2
1191 1359 1289 1418 plus
1309 1358 1405 1403 vult
1428 1359 1501 1402 ille
1523 1360 1730 1413 misereri,

349 1444 480 1488 quam
499 1444 577 1472 nos
599 1444 621 1472 a
639 1428 809 1471 miseria
830 1427 1003 1472 liberari
1025 1447 1033 1473 :
1051 1437 1094 1472 et
1114 1428 1266 1488 utique
1285 1429 1318 1471 si
1338 1443 1428 1472 non
1444 1427 1616 1472 liberati
1636 1428 1734 1472 fue-

349 1499 482 1543 rimus
499 1533 510 1554 ,
545 1514 622 1543 nos
645 1499 789 1542 miseri
812 1499 1147 1542 remanebimus.
1169 1501 1275 1544 Nam
1297 1498 1368 1542 ille
1388 1500 1508 1558 quod
1529 1514 1606 1544 nos
1627 1499 1733 1544 hor-

351 1578 487 1623 tatur,
509 1578 687 1628 propter
702 1583 780 1612 nos
801 1569 1017 1612 hortatur.

410 1641 466 1682 II.
487 1637 752 1696 Evigilemus
767 1672 777 1691 ,
810 1646 851 1681 et
870 1637 1063 1681 hortanti
1084 1636 1311 1681 credamus
1326 1672 1337 1693 ,
1357 1638 1630 1697 promittenti
1654 1638 1733 1683 ob-

349 1723 583 1768 sequamur
599 1742 609 1762 ,
636 1722 679 1751 et
710 1707 765 1751 ad
789 1701 970 1751 ’dantem
994 1706 1272 1765 gaudeamus.
1314 1709 1523 1753 Fortassis
1549 1709 1664 1754 enim
1689 1718 1733 1754 et

350 1779 473 1823 nobis
496 1778 731 1838 aliquando
752 1778 872 1821 venit
907 1777 1068 1821 amicus
1088 1778 1142 1821 de
1170 1777 1264 1832 via,
1297 1788 1341 1822 et
1368 1793 1458 1823 non
1488 1779 1733 1823 invenimus

350 1850 470 1909 quod
506 1850 546 1893 ei
579 1863 925 1908 apponeremus,
965 1857 1009 1891 et
1039 1849 1335 1892 necessitatem
1357 1849 1469 1908 passi
1494 1864 1642 1893 sumus
1658 1884 1669 1904 ,
1690 1858 1734 1894 et

352 1920 592 1979 accepimus
610 1928 653 1962 et
673 1919 799 1963 nobis
820 1928 863 1962 et
883 1918 961 1962 illi.
989 1919 1102 1961 Fieri
1123 1919 1238 1962 enim
1266 1934 1354 1963 non
1386 1929 1549 1978 potest,
1578 1920 1659 1964 nisi
1683 1930 1734 1965 ut

351 1989 504 2049 aliquis
523 2005 671 2049 passus
689 1988 820 2033 fuerit
838 1989 1026 2033 amicum
1044 1988 1210 2048 aliquid
1231 1990 1590 2049 interrogantem,
1612 1991 1734 2051 quod

351 2060 610 2119 respondere
643 2074 732 2103 non
756 2059 889 2118 possit
915 2077 924 2103 ε
949 2067 992 2102 et
1015 2067 1120 2102 tunc
1152 2073 1195 2103 se
1229 2059 1394 2103 invenit
1430 2075 1519 2109 nQn
1549 2060 1730 2115 habere,

351 2129 528 2188 quando
545 2138 720 2173 coactus
738 2137 800 2172 est
822 2127 938 2172 dare.
960 2129 1091 2172 Venit
1111 2128 1192 2172 tibi
1214 2129 1374 2172 amicus
1396 2128 1451 2173 de
1471 2130 1560 2184 via,
1581 2129 1626 2173 id
1641 2139 1706 2174 est
1719 2164 1730 2185 ,

352 2200 406 2244 de
427 2201 514 2245 vita
536 2201 665 2260 hujus
692 2198 865 2254 saeculi,
891 2199 936 2243 in
957 2215 1045 2259 qua
1067 2214 1214 2244 omnes
1239 2200 1359 2244 velut
1379 2200 1594 2259 peregrini
1610 2210 1733 2245 tran-

353 2280 479 2315 seunt
495 2306 506 2326 ,
526 2286 606 2315 nec
634 2270 751 2314 ullus
773 2271 896 2329 quasi
916 2284 1131 2329 possessor
1148 2279 1295 2313 manet
1310 2289 1320 2326 3
1339 2269 1414 2315 sed
1430 2271 1550 2315 omni
1565 2271 1733 2316 homini

353 2340 513 2385 dicitur
535 2359 543 2385 :
569 2359 589 2383 «
613 2339 821 2384 Refectus
843 2355 886 2384 es
902 2375 913 2395 ,
944 2340 1105 2397 transi,
1130 2355 1208 2398 age
1240 2340 1321 2384 iter
1337 2375 1348 2396 ,
1377 2341 1432 2385 da
1452 2349 1637 2385 venturo
1664 2340 1734 2386 lo-

355 2429 377 2452 »
409 2413 550 2456 cum3.
579 2430 600 2453 »
625 2415 713 2457 Aut
734 2409 847 2456 forte
868 2410 922 2456 de
945 2411 1013 2456 via
1034 2409 1147 2455 mala
1165 2445 1176 2466 ,
1201 2412 1285 2455 hoc
1306 2420 1388 2467 est,
1411 2410 1466 2456 de
1487 2412 1575 2457 vita
1595 2411 1730 2467 mala,

352 2480 553 2541 fatigatus
574 2483 719 2528 nescio
746 2482 842 2542 quis
866 2482 1027 2526 amicus
1050 2490 1152 2526 tuus
1172 2502 1183 2539 ς
1207 2497 1298 2526 non
1318 2482 1540 2527 inveniens
1572 2482 1732 2528 verita-

402 2569 411 2586 ¹
432 2567 509 2599 Luc.
532 2577 577 2607 xi,
599 2566 672 2608 5-7.
693 2583 736 2590 -—
756 2573 769 2590 ²
787 2567 836 2600 ld.
856 2576 945 2607 xvm,
964 2573 998 2598 2.
1019 2582 1062 2590 -—
1081 2563 1095 2590 3
1112 2565 1212 2598 Eccli.
1231 2576 1318 2607 xxix,
1336 2566 1388 2598 35.
