1898 3178
413 262 494 303 144
834 275 867 302 s.
903 272 1133 301 ,mausum
1164 274 1345 302 Emscom

409 339 523 384 tolus
544 373 555 390 ‚
596 337 818 398 quomodo
861 337 1131 383 nativitatem
1169 337 1269 382 Filii
1307 340 1433 382 Pater
1475 345 1677 396 operatus
1717 337 1786 382 sit.

411 429 431 452 «
465 412 576 455 Cum
599 419 743 454 autem
767 408 886 453 venit
902 443 913 465 ‚
949 409 1124 470 inquit,
1154 408 1384 468 plenitudo
1409 409 1614 468 temporis
1632 443 1643 464 ,
1673 408 1790 452 misit

409 499 429 523 »
466 485 579 526 Deus
601 480 759 525 Filium
783 495 911 525 suum
928 479 1093 526 factum
1115 496 1165 526 ex
1186 481 1369 526 muliere
1384 515 1395 536 ,
1414 480 1580 525 factum
1603 480 1686 525 sub
1708 483 1792 524 Le-

409 570 429 593 »
465 567 516 610 ge
531 587 542 607 ‚
573 560 624 596 ut
645 566 717 596 eos
737 552 813 612 qui
834 552 916 596 sub
948 555 1061 611 Lege
1083 562 1206 597 erant
1228 551 1499 596 redimeret1.
1525 569 1545 593 »
1574 550 1788 606 Audistis,

405 631 448 667 et
469 622 572 682 quia
602 620 784 681 planum
803 631 847 667 et
877 631 1077 683 apertum
1108 632 1192 678 est,
1218 621 1500 667 intellexistis.
1525 623 1638 665 Ecce
1666 624 1792 665 Pater

403 692 508 736 fecit
543 690 705 737 Filium
729 693 846 737 nasci
867 691 922 737 de
949 692 1143 752 Virgine.
1169 695 1281 738 Cum
1304 691 1421 736 enim
1443 691 1629 736 venisset
1649 690 1791 751 pleni—

407 781 427 804 »
463 760 573 807 tudo
595 763 818 823 temporis,
843 763 958 808 misit
979 766 1093 808 Deus
1126 762 1286 807 Filium
1309 778 1454 818 suum,
1484 762 1636 822 utique
1666 765 1793 806 Pater

409 854 427 875 »
464 834 731 880 Christum.»
744 835 976 888 Quomodo
999 850 1100 880 eum
1121 836 1262 880 misit?
1275 854 1295 876 «
1314 838 1500 879 Factum
1521 848 1572 878 ex
1590 832 1789 887 muliere,

405 922 426 946 »
461 903 627 950 factum
643 906 726 950 sub
739 909 899 966 Lege.»
917 907 1040 952 Fecit
1053 920 1154 965 ergo
1176 921 1277 951 eum
1299 909 1426 951 Pater
1441 921 1493 949 ex
1514 904 1695 949 muliere
1710 904 1792 949 sub

404 978 536 1034 Lege.

461 1049 517 1089 X.
536 1049 605 1091 An
628 1046 740 1091 forte
762 1047 846 1093 hoc
868 1056 1015 1092 movet
1030 1082 1041 1104 ‚
1065 1048 1165 1107 quia
1188 1046 1243 1091 de
1265 1046 1442 1105 Virgine
1460 1045 1547 1090 dixi
1569 1055 1612 1090 et
1633 1045 1794 1090 Paulus

402 1115 509 1160 dicit
522 1136 530 1161 :
550 1135 570 1158 «
581 1120 645 1161 Ex
659 1117 869 1162 muliere?
881 1121 1011 1164 »Non
1023 1127 1212 1174 moveat,
1230 1133 1320 1163 non
1333 1117 1617 1162 immoremur
1631 1132 1794 1178 :neque

403 1187 519 1230 enim
553 1186 734 1232 rudibus
767 1187 941 1247 loquor.
979 1191 1226 1249 Utrumque
1262 1189 1484 1248 Scriptura
1507 1188 1640 1244 dicit,
1679 1197 1722 1232 et
1743 1203 1795 1232 ex

401 1257 586 1316 virgine,
610 1267 654 1303 et
671 1274 722 1303 ex
742 1258 946 1303 muliere.
972 1261 1037 1303 Ex
1056 1259 1223 1317 virgine
1239 1259 1652 1318 quomodo?«Ecce
1674 1259 1796 1316 virgo

406 1346 426 1369 »
461 1328 507 1372 in
528 1339 654 1374 utero
673 1330 856 1389 accipiet
875 1365 886 1385 ,
911 1338 954 1374 et
975 1330 1113 1389 pariet
1144 1329 1305 1373 Filium
1322 1331 1353 1374 2.
1384 1346 1405 1370 »
1426 1331 1492 1373 Ex
1513 1328 1696 1373 muliere
1716 1343 1794 1372 au-

405 1408 514 1453 tem,
542 1400 653 1444 sicut
668 1399 848 1445 audistis
870 1419 878 1444 :
905 1415 996 1445 non
1013 1409 1078 1445 est
1100 1399 1384 1444 contrarium.
1412 1399 1657 1458 Proprietas
1679 1398 1793 1443 enim

403 1467 636 1514 locutionis
659 1470 856 1515 Hebraeae
883 1470 1115 1526 mulieres,
1150 1485 1240 1515 non
1270 1478 1495 1529 corruptas
1523 1469 1767 1527 virginitate
1783 1503 1793 1523 ,

403 1538 481 1582 sed
501 1539 706 1584 foeminas
727 1540 933 1600 appellat.
961 1541 1105 1585 Habes
1137 1540 1384 1584 evidentem
1409 1540 1677 1599 Scripturam
1713 1541 1798 1584 Ge-

404 1625 570 1664 neseos,
591 1609 769 1669 quando
785 1610 876 1669 ipsa
897 1610 1038 1668 primo
1053 1614 1145 1654 Eva
1167 1611 1283 1655 sacta
1300 1619 1365 1656 est
1387 1631 1395 1656 z
1421 1629 1442 1653 «
1463 1611 1686 1655 Formavit
1702 1625 1796 1655 eam

409 1700 428 1723 »
464 1682 511 1725 in
532 1680 761 1725 mulierem
779 1682 811 1724 ³.
827 1698 847 1722 »
875 1681 988 1725 Dicit
1009 1681 1140 1725 etiam
1164 1681 1250 1726 alio
1267 1682 1365 1726 loco
1386 1681 1603 1741 Scriptura
1619 1717 1629 1737 ,
1645 1682 1797 1741 jubere

406 1754 547 1796 Deum
574 1751 762 1811 separari
801 1749 1002 1811 mulieres
1016 1787 1026 1807 ,
1063 1767 1162 1812 quae
1199 1767 1290 1796 non
1323 1761 1623 1812 cognoverunt
1653 1751 1797 1796 cubile

406 1822 529 1865 viri⁴.
559 1824 652 1866 Hoc
675 1835 778 1880 ergo
794 1821 886 1880 jam
915 1831 1069 1866 notum
1093 1837 1182 1866 esse
1216 1821 1380 1879 debet3
1416 1837 1498 1866 nec
1531 1831 1676 1866 teneat
1695 1837 1795 1877 nos,

406 1901 457 1936 ut
477 1892 557 1936 alia
573 1927 584 1947 ‚
606 1908 705 1952 quae
728 1892 882 1938 merito
905 1892 1144 1948 tenebunt,
1171 1892 1357 1937 Domino
1379 1891 1614 1951 adjuvante
1629 1927 1639 1947 ‚
1663 1892 1799 1952 expli-

406 1977 503 2006 care
523 1961 750 2021 possimus.

465 2036 545 2076 XI.
579 2032 864 2077 Probavimus
893 2045 994 2089 ergo
1017 2031 1287 2076 nativitatem
1311 2032 1410 2076 Filii
1433 2048 1455 2076 a
1474 2036 1600 2076 Patre
1618 2034 1794 2087 factam,

407 2104 642 2163 probemus
665 2112 708 2147 et
731 2118 754 2147 a
789 2102 901 2146 Filio
940 2101 1113 2146 factam.
1151 2101 1267 2155 Quid
1295 2112 1359 2147 est
1391 2103 1592 2147 nativitas
1615 2103 1714 2147 Filii
1743 2102 1798 2146 de

407 2175 571 2233 virgine
593 2174 760 2219 Maria?
796 2175 925 2218 Certe
963 2172 1197 2231 assumptio
1231 2172 1383 2217 formae
1405 2174 1515 2217 servi
1546 2173 1593 2216 in
1621 2172 1797 2231 virginis

407 2255 548 2291 utero.
580 2244 910 2305 Numquidnam
930 2253 993 2288 est
1025 2243 1145 2288 aliud
1177 2245 1293 2287 nasci
1324 2244 1435 2286 Filio
1455 2278 1465 2297 ,
1493 2243 1573 2286 nisi
1604 2244 1796 2303 accipere

407 2316 594 2362 formam
625 2316 736 2361 servi
762 2315 807 2359 in
830 2315 1008 2373 virginis
1030 2316 1188 2358 utero?
1217 2312 1333 2357 Audi
1366 2315 1466 2373 quia
1488 2314 1572 2358 hoc
1594 2324 1637 2357 et
1661 2313 1796 2358 Filius

409 2386 511 2431 fecit
533 2407 541 2431 ε
572 2407 592 2430 «
617 2387 699 2442 Qui
721 2402 823 2432 cum
852 2387 898 2429 in
923 2385 1063 2429 forma
1085 2384 1161 2428 Dei
1187 2393 1318 2439 esset,
1344 2399 1435 2429 non
1457 2384 1651 2443 rapinam
1675 2386 1794 2429 arbi-

410 2475 431 2500 »
468 2466 605 2502 tratus
622 2467 785 2503 estesse
807 2456 986 2518 aequalis
1007 2459 1124 2514 Deo3
1147 2455 1219 2500 sed
1242 2457 1519 2515 semetipsum
1541 2455 1790 2512 exinanivit,

457 2562 464 2578 ¹
487 2556 589 2588 Galat.
609 2567 654 2596 iv,
676 2555 709 2596 4,
734 2557 812 2589 5.-
833 2564 845 2580 2
867 2557 939 2590 lsai.
962 2566 1018 2591 vn,
1047 2554 1146 2597 14-
1174 2554 1186 2578 3
1205 2558 1282 2588 Gen.
1302 2567 1341 2597 ιι,
1362 2563 1461 2588 22-
1477 2552 1492 2584 4
1511 2556 1605 2587 Num.
1624 2565 1716 2596 xxx1,
1740 2565 1791 2596 17·
1846 2565 1857 2592 ,ς’
1881 2559 1885 2572 ¹

409 2615 442 2646 et
458 2612 562 2645 Judic.
584 2622 655 2653 xxi,
683 2622 733 2644 11.
