1898 3178
332 225 412 262 158
752 232 787 260 s.
822 230 1055 259 Avensa-nu
1087 230 1268 262 zrrscom

328 318 349 341 »
383 298 570 344 debunt.
608 318 626 339 »
657 300 849 341 Ventum
881 305 946 341 est
978 297 1034 341 ad
1054 298 1389 354 mundicordes,
1420 300 1482 344 ibi
1503 302 1609 346 visio
1637 304 1713 347 Dei

324 370 535 429 promissa
567 377 646 412 est.
682 369 781 413 Non
809 367 901 411 sine
926 382 1075 423 causa,
1106 369 1187 413 nisi
1219 370 1323 429 quia
1349 369 1411 414 ibi
1434 380 1537 415 sunt
1565 372 1712 429 oculi,

324 438 441 484 unde
480 438 653 483 videtur
680 439 812 480 Deus‚
842 439 906 481 De
938 437 1005 481 his
1040 437 1176 483 oculis
1201 439 1362 484 Paulus
1399 441 1620 499 apostolus
1645 441 1715 487 lo-

322 524 459 570 quens
471 508 531 552 ait
551 527 561 552 :
585 525 606 549 «
623 505 897 551 Illuminatos
912 506 1062 553 oculos
1083 509 1224 554 cordis
1236 509 1404 554 vestri1.
1427 528 1448 552 »
1462 510 1597 555 Modo
1610 526 1715 570 ergo

320 579 435 624 oculi
456 578 526 622 isti
549 592 629 637 pro
644 593 723 622 sua
743 577 998 623 infirmitate
1013 578 1321 624 illuminantur
1335 579 1423 624 fide
1441 598 1450 625 z
1471 589 1618 639 postea
1634 596 1716 641 pro

321 665 399 695 sua
419 649 623 693 firmitate
650 646 1019 693 illuminabuntur
1038 650 1197 709 specie.
1225 669 1247 692 «
1272 649 1480 703 Quandiu
1497 651 1614 695 enim
1643 667 1718 696 su-

323 739 345 762 »
380 735 477 764 mus
488 720 535 763 in
546 733 744 779 corpore,
754 720 1085 779 peregrinamur
1100 737 1125 765 a
1138 721 1342 766 Domino.
1359 725 1442 765 Per
1454 720 1588 766 fidem
1601 723 1718 768 enim

324 809 346 832 »
382 790 689 847 ambulamus,
717 805 809 835 non
839 805 917 850 per
948 791 1171 850 speciem2.
1210 808 1231 832 »
1266 790 1475 844 Quandiu
1496 802 1644 837 autem
1672 793 1718 838 in

320 862 401 906 hac
421 861 510 905 fide
532 876 709 917 sumus,
733 861 843 921 quid
869 860 924 905 de
951 861 1078 906 nobis
1095 861 1286 906 dicitur?
1311 880 1332 904 «
1357 860 1568 907 Videmus
1598 877 1718 907 nunc

321 952 341 974 »
375 947 451 991 per
459 932 686 992 speculum
694 931 739 976 in
749 932 980 990 aenigmate
992 953 1003 991 3
1015 941 1122 977 tunc
1136 942 1283 977 autem
1297 931 1406 977 facie
1417 931 1473 977 ad
1481 932 1674 978 faeiemss.
1692 951 1714 975 »

376 1005 478 1047 VII.
511 1005 610 1049 Non
623 1004 695 1048 hic
707 1017 917 1062 corporea
932 1002 1064 1047 facies
1083 1004 1316 1062 cogitetur.
1336 1005 1447 1049 Nam
1464 1003 1499 1047 si
1511 1018 1718 1049 accensus

319 1073 534 1118 desiderio
555 1073 735 1118 videndi
757 1076 898 1118 Deum
915 1108 927 1130 ,
952 1073 1108 1119 faciem
1141 1084 1262 1118 tuam
1283 1075 1594 1134 praeparaveris
1620 1090 1720 1120 cor-

318 1144 515 1205 poralem
539 1145 594 1189 ad
627 1145 891 1203 videndum,
915 1144 1048 1190 talem
1072 1144 1227 1190 faciem
1256 1145 1522 1191 desiderabis
1543 1156 1587 1191 et
1617 1147 1712 1191 Dei.

321 1216 362 1261 Si
393 1226 540 1262 autem
559 1218 650 1277 jam
673 1216 825 1260 saltem
848 1216 1098 1276 spiritaliter
1117 1216 1174 1261 de
1196 1220 1286 1262 Deo
1319 1219 1431 1278 sapis
1445 1253 1457 1274 ,
1491 1227 1543 1262 ut
1573 1221 1714 1264 Deum

318 1303 409 1333 non
431 1288 593 1347 cogites
614 1302 705 1332 esse
726 1301 986 1346 corporeum
1002 1321 1014 1342 ,
1037 1287 1178 1344 (unde
1199 1286 1365 1331 diutius
1395 1288 1489 1330 heri
1517 1289 1684 1346 egimus
1698 1323 1710 1344 ,

318 1358 351 1401 si
372 1367 521 1403 tamen
543 1357 710 1418 aliquid
726 1358 1017 1417 peregimus),
1039 1357 1134 1401 siin
1154 1356 1289 1402 corde
1303 1368 1468 1413 vestro,
1503 1367 1713 1419 tanquam

318 1429 364 1472 in
385 1429 550 1490 templo
577 1430 680 1485 Dei,
703 1427 858 1474 formae
879 1429 1085 1473 humanae
1112 1429 1322 1488 fregimus
1344 1429 1656 1487 simulacrum,
1679 1431 1714 1475 si

314 1502 407 1558 jam
425 1501 550 1545 vobis
577 1500 692 1545 bene
714 1500 836 1545 venit
855 1500 902 1544 in
921 1509 1115 1545 mentem
1134 1534 1146 1556 ,
1183 1509 1228 1545 et
1245 1500 1408 1545 viscera
1436 1510 1579 1547 vestra
1599 1502 1715 1547 inte-

318 1571 433 1615 riora
454 1568 665 1630 possedit,
686 1571 765 1613 ubi
780 1571 1022 1615 detestatur
1042 1571 1279 1630 Apostolus
1297 1587 1395 1617 eos:
1423 1573 1545 1626 «Qui
1564 1572 1716 1618 dicen-

321 1658 342 1682 »
379 1650 441 1685 tes
459 1655 504 1685 se
525 1655 616 1685 esse
627 1639 843 1700 sapientes
859 1675 870 1695 ,
891 1641 1015 1685 stulti
1032 1640 1137 1686 facti
1158 1652 1284 1698 sunt,
1307 1652 1352 1688 et
1370 1644 1715 1689 immutaverunt

320 1730 342 1754 υ
377 1712 558 1771 gloriam
594 1711 941 1771 incorruptibilis
975 1712 1053 1757 Dei
1087 1713 1135 1757 in
1161 1713 1490 1759 similitudinem
1517 1715 1714 1774 imaginis

320 1800 342 1824 »
376 1783 672 1842 corruptibilis
685 1783 873 1828 hominis
893 1785 925 1827 4.
937 1802 956 1825 »
974 1784 1018 1829 Si
1035 1785 1124 1844 jam
1142 1785 1228 1829 tale
1239 1785 1405 1830 malum
1417 1785 1710 1841 detestamini,

317 1854 351 1897 si
381 1853 714 1906 adversamini⁵,
739 1854 773 1898 si
791 1855 988 1900 Creatori
1011 1855 1234 1900 mundatis
1259 1855 1474 1915 templum
1495 1870 1647 1911 suum,
1677 1856 1713 1902 si

317 1922 449 1967 vultis
470 1933 521 1967 ut
530 1925 678 1967 veniat
698 1933 742 1968 et
754 1925 1026 1969 mansionem
1049 1927 1169 1984 apud
1181 1940 1258 1969 vos
1275 1924 1406 1970 faciat
1423 1944 1432 1970 2
1449 1944 1467 1967 «
1481 1927 1645 1972 Sentite
1655 1927 1712 1972 de

321 2013 339 2034 »
375 1994 563 2038 Domino
580 1993 627 2048 in
647 1994 844 2038 bonitate
860 2028 871 2049 ,
891 2003 936 2037 et
951 1994 998 2037 in
1015 1994 1293 2054 simplicitate
1309 1995 1453 2041 cordis
1468 1998 1654 2057 quaerite
1664 1998 1716 2042 ile

318 2081 340 2105 »
373 2063 467 2108 lum
484 2066 548 2109 ⁶.»
563 2062 721 2108 Videte
742 2063 812 2108 cui
824 2063 999 2120 dicatis,
1014 2065 1049 2109 si
1062 2074 1210 2109 tamen
1221 2064 1379 2122 dicitis,
1391 2081 1493 2111 vere
1502 2068 1535 2111 si
1551 2066 1712 2112 dicitis:

321 2154 343 2178 (ι
378 2135 478 2179 Tibi
509 2134 619 2180 dixit
644 2150 721 2181 cor
741 2151 891 2180 meum
906 2170 918 2191 ‚
943 2151 1140 2195 quaeram
1161 2135 1317 2180 faciem
1339 2146 1461 2182 tuam
1484 2139 1517 2181 ⁷.
1543 2156 1564 2180 n
1589 2137 1714 2183 Dicat

319 2215 365 2252 et
382 2222 456 2252 cor
473 2216 625 2264 tuum,
649 2216 693 2252 et
714 2207 849 2253 adde:
869 2207 1054 2252 Vultum
1068 2216 1195 2252 tuum
1208 2242 1219 2263 ,
1246 2208 1447 2259 Domine,
1472 2205 1710 2265 requiram.

318 2280 435 2321 Bene
456 2279 574 2323 enim
596 2280 801 2340 requiris,
825 2280 930 2340 quia
951 2278 1084 2324 corde
1104 2277 1302 2335 requiris.
1326 2275 1494 2320 Dicitur
1514 2277 1592 2324 Dei
1613 2277 1712 2322 vul-

319 2355 405 2402 tus,
421 2348 580 2393 dicitur
593 2350 673 2394 Dei
690 2350 934 2402 brachium,
955 2345 1115 2390 dicitur
1127 2346 1204 2390 Dei
1216 2361 1388 2403 manus,
1408 2346 1617 2392 dicuntur
1633 2346 1711 2395 Dei

320 2417 475 2477 pedes,
509 2418 668 2464 dicitur
689 2418 769 2464 Dei
789 2418 935 2475 sedes,
958 2417 1118 2463 dicitur
1139 2417 1379 2464 scabellum
1399 2417 1563 2478 pedum
1583 2421 1677 2480 ejus
1696 2439 1706 2465 :

367 2519 378 2536 ¹
405 2513 522 2557 Ephes.
545 2525 570 2555 1,
600 2515 653 2546 18.
679 2530 720 2537 =—-
740 2522 753 2538 ²
774 2526 793 2548 2
810 2519 883 2549 Cor.
909 2525 942 2556 v,
959 2514 995 2554 6,
1015 2525 1046 2556 7.
1070 2531 1112 2538 --
1131 2512 1145 2537 3
1167 2526 1180 2548 1
1200 2516 1273 2548 Cor.
1299 2526 1365 2556 xm,
1391 2523 1443 2548 12.
1471 2531 1514 2539 u-
1533 2514 1549 2547 4
1566 2518 1659 2551 Rom.
1684 2528 1707 2558 1,

320 2576 377 2611 22,
396 2569 450 2602 23.
470 2585 512 2593 --
525 2566 541 2593 ⁵
559 2570 665 2603 Forte
684 2570 893 2606 avertamini.
916 2585 957 2596 -u
976 2568 991 2593 6
1009 2572 1084 2614 Sap.
1105 2580 1129 2613 1,
1151 2582 1179 2608 1.
1202 2587 1243 2595 —
1261 2578 1275 2605 7
1291 2570 1371 2604 Psal.
1388 2581 1477 2613 xxvx,
1496 2572 1530 2605 8.
