1898 3178
407 231 544 257 senmo
575 230 668 267 xci,
703 229 756 256 ΒΕ
789 230 934 258 vmuns
964 229 1130 258 ΜΑΤΤΗ.
1166 229 1270 258 xxn.
1433 219 1514 260 487

142 296 282 339 Caesar
303 295 380 338 iste
401 303 444 337 et
464 294 692 351 imaginem
709 308 831 337 suam
852 294 1024 354 quaerit.
1051 296 1193 339 Caesar
1217 309 1305 338 non
1323 295 1418 338 vult
1439 295 1521 340 sibi

142 365 281 424 perire
301 364 423 425 quod
453 365 609 424 jussit,
634 373 678 408 et
714 367 827 409 Deus
849 380 938 410 non
959 364 1054 410 vult
1074 365 1214 425 perire
1245 365 1366 426 quod
1397 365 1516 411 fecit.

141 438 304 491 Caesar,
329 435 481 480 fratres
518 436 630 490 mei,
666 450 754 480 non
791 435 896 480 fecit
916 452 1179 482 nummum:
1203 438 1431 482 monetarii
1452 437 1520 482 fa-

141 507 292 564 ciunt3
314 506 550 550 artificibus
565 506 762 566 jubetur,
787 507 873 550 suis
890 507 1093 551 ministris
1110 508 1352 567 imperavit.
1373 511 1521 566 Imago

141 577 465 636 exprimebatur
486 577 530 620 in
559 592 739 621 nummo
772 596 782 621 z
807 578 852 620 in
873 593 1055 623 nummo
1077 588 1140 623 est
1160 580 1302 638 imago
1323 579 1517 624 Caesaris.

142 650 197 691 Et
213 655 357 691 tamen
379 646 499 707 quod
517 647 587 691 alii
604 648 914 707 impresserunt
939 650 1151 709 quaeritur
1176 668 1185 694 z
1209 649 1283 693 ille
1306 650 1520 693 thesauri-

140 727 236 775 zat3
269 717 342 762 ille
375 733 464 762 non
485 718 579 762 vult
606 719 686 763 sibi
707 718 869 778 negari.
896 722 1072 764 Moneta
1094 720 1254 765 Christi
1278 721 1409 765 homo
1438 729 1517 765 est.

139 789 206 832 Ibi
230 789 372 846 imago
394 789 582 843 Christi,
607 788 669 833 ibi
691 803 852 834 nomen
873 790 1058 846 Christi,
1080 805 1241 835 munus
1267 790 1454 846 Christi,
1477 799 1521 834 et

139 858 281 903 officia
304 858 481 903 Christi.
754 866 760 872 ·

137 1025 170 1040 ΝΛ
176 1025 667 1042 BMWWWWWWMWWWWU
673 1026 1237 1043 UMWWUMWWWWWWVQNVM
1241 1026 1522 1044 WWWUUMMW

605 1155 835 1201 SERMO
880 1155 989 1201 XCI
1005 1153 1032 1199 ¹.

135 1313 212 1358 De
234 1312 391 1359 verbis
417 1314 684 1377 Evangelii
704 1314 886 1361 Mactlz.
913 1335 1007 1361 xxu
1026 1352 1037 1371 ,
1075 1315 1157 1361 ubi
1184 1315 1423 1362 Dominus
1445 1316 1520 1360 z'n—

223 1385 483 1445 terrogavit
529 1384 749 1440 Judoeos,
794 1387 931 1446 elisas
952 1386 1115 1446 silium
1161 1385 1373 1431 dicerent
1420 1402 1522 1431 esse

229 1452 485 1500 Christum.

211 1617 246 1658 Ι.
274 1617 567 1658 Imrennosnr
596 1617 620 1657 J
627 1614 740 1658 udaei
756 1648 767 1669 ,
793 1614 906 1658 sicut
927 1629 1045 1658 nunc
1067 1629 1118 1658 ex
1137 1613 1398 1672 Evangelio,
1417 1629 1519 1658 cum

132 1686 409 1740 recitaretur,
445 1685 712 1741 audivimus,
749 1685 973 1746 quomodo
995 1695 1105 1729 esset
1141 1685 1351 1730 Dominus
1372 1694 1519 1730 noster

131 1759 255 1800 Jesus
273 1756 468 1800 Christus
491 1755 603 1799 filius
630 1756 783 1811 David,
803 1771 934 1816 quem
958 1756 1192 1799 Dominum
1214 1771 1341 1799 suum
1361 1754 1517 1799 dixerit

131 1826 221 1884 ipse
244 1823 396 1878 David,
415 1827 676 1883 respondere
700 1842 790 1870 non
822 1835 1075 1885 potuerunt.
1099 1829 1191 1871 Hoc
1218 1826 1335 1869 enim
1356 1825 1403 1869 in
1424 1828 1515 1870 Do-

132 1896 250 1939 mino
268 1903 478 1940 noverant
498 1929 509 1948 ‚
535 1893 656 1954 quod
683 1894 905 1938 videbant.
928 1898 1175 1953 Apparebat
1197 1898 1312 1940 enim
1327 1897 1386 1940 eis
1402 1896 1516 1941 filius

132 1966 319 2010 hominis
343 1985 352 2010 ι
375 1964 572 2009 occuitus
596 1973 739 2008 autem
767 1973 858 2008 erat
876 1963 1011 2008 Filius
1028 1964 1119 2009 Dei.
1142 1965 1254 2008 Hinc
1277 1973 1368 2020 est,
1393 1966 1515 2025 quod

132 2052 232 2081 eum
266 2046 308 2081 et
338 2037 529 2096 superari
559 2050 682 2095 posse
705 2035 1011 2090 crediderunt,
1037 2045 1081 2079 et
1112 2034 1232 2094 ligno
1254 2051 1512 2095 suspensum

132 2107 370 2161 irriserunt,
392 2107 605 2151 dicentes:
621 2126 637 2146 «
657 2106 698 2151 Si
715 2104 848 2149 Filius
868 2105 944 2150 Dei
968 2115 1046 2156 est,
1062 2105 1296 2150 descendat
1312 2105 1366 2149 de
1383 2122 1512 2152 cruce

134 2196 154 2219 »
188 2187 232 2221 et
253 2177 469 2221 credimus
486 2176 530 2220 in
547 2192 646 2220 eum
663 2180 693 2220 2.
715 2194 734 2217 »
761 2176 893 2220 Aliud
915 2176 1139 2231 videbant,
1166 2175 1284 2220 aliud
1304 2192 1391 2221 non
1408 2193 1511 2236 cog-

130 2249 381 2293 noscebant.
409 2267 428 2288 «
456 2247 498 2291 Si
520 2247 635 2290 enim
660 2248 991 2307 cognovissent,
1018 2263 1246 2307 nunquam
1271 2249 1506 2292 Dominum

133 2337 154 2362 »
189 2319 337 2378 gloriae
360 2317 684 2362 crucifixissent.
705 2318 940 2364 »Sciebant
961 2327 1108 2372 tamen
1125 2318 1346 2363 Christum
1368 2318 1507 2362 filium

130 2389 282 2435 David.
301 2391 409 2435 Nam
422 2388 552 2433 etiam
567 2403 684 2432 nunc
702 2389 845 2448 ipsum
860 2397 1032 2448 sperant
1049 2403 1139 2432 esse
1155 2397 1406 2434 venturum.
1422 2392 1507 2434 La-

131 2469 192 2505 tet
205 2475 277 2505 eos
293 2458 413 2520 quod
426 2458 606 2514 venerit,
623 2458 698 2504 sed
711 2458 905 2505 volentes
921 2458 1042 2504 latet.
1059 2462 1209 2520 Neque
1222 2459 1337 2504 enim
1349 2460 1382 2504 si
1395 2474 1506 2520 pen-

178 2563 188 2580 ¹
207 2556 290 2591 Alias
306 2556 348 2589 de
363 2558 521 2598 Tempore
537 2554 613 2598 234.
630 2571 671 2580 —
687 2561 701 2579 ²
715 2554 829 2589 Matth.
853 2564 953 2596 xxvn,
966 2554 1019 2596 4ο.
