1898 3178
434 229 517 268 530
836 237 870 266 s.
904 236 1135 266 AUGUSTINI
1167 240 1347 267 ssmscom

427 313 537 349 terat
557 304 699 349 facere
718 303 852 348 vivos.
878 303 966 348 Nisi
989 303 1107 347 enim
1129 302 1185 347 ad
1214 313 1410 349 mortuos
1432 304 1699 348 suscitandos
1721 307 1813 349 Do·
1884 359 1885 365 ἵ

427 375 571 419 minus
592 373 799 428 venisset,
824 389 913 418 non
936 373 1171 433 Apostolus
1188 373 1377 419 diceret:
1407 393 1428 417 (ι
1451 376 1588 433 Surge
1605 374 1680 433 qui
1707 373 1812 422 dor-
1858 387 1860 401 ²

430 463 451 486 >›
475 446 554 489 mis
569 479 580 499 ,
606 453 649 488 et
670 458 830 501 exurge
847 459 869 488 a
883 444 1084 498 mortuis,
1111 452 1154 488 et
1176 443 1442 488 illuminabit
1464 452 1507 488 te
1527 444 1764 489 Christus¹.
1789 463 1808 486 n
1888 462 1893 469 ’

426 515 721 560 Dormientem
739 515 882 571 audis,
907 530 1009 559 cum
1025 513 1130 559 dicit
1151 534 1159 560 :
1185 534 1205 557 «
1224 517 1361 574 Surge
1381 515 1457 575 qui
1481 515 1670 573 dormis3
1693 533 1713 556 »
1738 514 1814 560 sed
1854 537 1858 554 s

425 595 649 630 mortuum
670 584 864 643 intellige
879 620 890 640 ,
916 600 1017 629 cum
1039 585 1162 629 audis
1188 601 1196 625 :
1228 604 1247 627 «
1268 588 1324 629 Et
1341 601 1500 645 exurge
1523 601 1544 629 a
1568 586 1764 629 mortuis.
1789 603 1809 626 »

425 656 536 700 Dicti
560 664 662 700 sunt
683 670 796 715 saepe
818 654 1082 700 dormientes
1100 664 1143 700 et
1166 656 1328 699 mortui
1347 655 1587 699 visibiliter.
1609 658 1666 699 Et
1682 654 1812 714 plane
1848 661 1852 694 ἕ
1873 689 1875 698 ,

422 741 594 781 omnes,
619 726 658 769 ei
681 726 756 786 qui
778 735 922 785 potest
949 727 1132 771 excitare
1151 761 1162 780 ,
1200 725 1443 771 dormiunt.
1473 729 1672 770 Mortuus
1694 725 1811 769 enim
1846 733 1853 769 ἶ

422 797 502 842 tibi
524 806 722 842 mortuus
745 806 833 852 est,
854 798 929 858 qui
947 795 1275 857 quantumlibet
1297 796 1440 856 pulses
1457 832 1467 851 ,
1488 795 1812 856 quantumlibet

424 866 621 922 vellices,
646 867 973 927 quantumlibet
993 867 1152 922 lanies,
1175 883 1264 912 non
1288 867 1612 927 expergiscitur.
1638 866 1812 911 Christo
1844 871 1845 874 ’

423 946 569 982 autem
582 936 655 981 ille
673 937 918 982 dormiebat
932 972 942 992 ‚
959 937 1027 981 cui
1042 937 1212 982 dictum
1229 947 1294 981 est
1314 956 1324 983 ι
1346 956 1365 979 «
1388 940 1573 995 Surge&
1599 955 1618 978 »
1643 945 1687 980 et
1704 951 1812 980 con-
1840 928 1842 933 ¹

422 1008 546 1053 tinuo
569 1007 768 1053 surrexit.
789 1010 928 1053 Nemo
942 1016 1032 1051 tam
1054 1007 1181 1052 facile
1204 1008 1361 1052 excitat
1381 1007 1427 1051 in
1448 1005 1579 1062 lecto,
1599 1021 1730 1066 quam
1752 1006 1813 1052 fa·
1838 1007 1843 1023 ‘

421 1077 502 1122 cile
518 1078 715 1124 Christus
732 1078 778 1121 in
797 1079 1013 1137 sepulcro.
1834 1126 1836 1141 μ

481 1151 560 1192 III.
588 1151 690 1191 Tres
712 1157 859 1192 autem
882 1156 1079 1192 mortuos
1099 1147 1348 1191 invenimus
1375 1162 1399 1190 a
1421 1147 1610 1191 Domino
1632 1148 1813 1191 resusei-
1859 1167 1879 1184 ν

423 1227 535 1263 tatos
556 1217 797 1273 visibiliter,
821 1216 957 1261 millia
987 1216 1275 1261 invisibiliter.
1310 1220 1429 1270 Quot
1451 1226 1595 1261 autem
1617 1227 1811 1262 mortuos
1830 1227 1833 1258 ;
1852 1249 1860 1265 ,.

425 1567 500 1612 sed
522 1583 612 1612 non
633 1565 791 1610 frustra
820 1574 906 1609 tres
927 1565 1268 1609 commemorati.
1301 1565 1510 1610 Dominus
1531 1566 1645 1610 enim
1666 1575 1783 1611 nost
1804 1570 1822 1602 J

426 1641 549 1682 Jesus
571 1636 769 1683 Christus
791 1650 841 1679 ea
875 1650 974 1695 quae
1003 1634 1192 1679 faciebat
1211 1635 1508 1694 corporaliter,
1533 1637 1663 1680 etiam
1685 1637 1818 1697 spiri-

426 1706 568 1752 taliter
604 1706 781 1751 volebat
816 1704 1017 1763 intelligi.
1057 1707 1210 1765 Neque
1248 1706 1364 1749 enim
1393 1714 1563 1750 tantum
1602 1707 1809 1752 miracul

425 1785 603 1837 propter
623 1774 833 1820 miracula
847 1773 1036 1819 faciebat
1057 1793 1066 1819 :
1091 1775 1167 1819 sed
1189 1784 1239 1819 ut
1259 1774 1332 1819 illa
1353 1792 1453 1835 quae
1474 1776 1679 1832 faciebat,
1704 1765 1816 1821 mira
1831 1821 1838 1832 Ἴ

427 1990 548 2036 novit
564 1990 725 2048 legere,
749 1987 900 2032 laudat
921 1987 1099 2047 quidem
1122 1988 1352 2046 antiquarii
1371 2003 1568 2043 manum,
1594 1986 1810 2033 admiran
1828 2006 1845 2037 ,·
1895 2033 1898 2048 (

427 2061 597 2120 apicum
621 2057 1021 2118 pulchritudinem,
1043 2057 1119 2101 sed
1141 2056 1249 2117 quid
1268 2057 1347 2101 sibi
1377 2056 1512 2101 velint
1527 2093 1537 2113 ,
1565 2058 1673 2117 quid
1694 2058 1783 2102 indi

429 2139 529 2175 cent
545 2129 607 2174 illi
634 2129 790 2188 apices,
811 2127 948 2171 nescit
968 2144 979 2178 ;
1009 2135 1053 2171 et
1073 2136 1136 2171 est
1158 2126 1294 2171 oculis
1315 2126 1530 2184 laudator,
1555 2137 1701 2172 mente
1721 2143 1807 2173 not

428 2201 625 2260 cognitor
649 2219 658 2244 ;
685 2199 793 2243 alius
814 2207 959 2242 autem
974 2205 1018 2240 et
1036 2196 1187 2241 laudat
1209 2198 1438 2242 artificium
1457 2233 1468 2253 ,
1494 2208 1537 2242 et
1551 2199 1667 2258 capit
1688 2199 1777 2243 int-

428 2272 619 2329 lectum3
643 2269 716 2313 ille
732 2270 886 2328 utique
907 2267 982 2327 qui
998 2283 1087 2312 non
1109 2267 1249 2312 solum
1270 2269 1418 2312 videre
1439 2267 1560 2327 quod
1579 2283 1720 2313 comm
1747 2280 1750 2281 ’

431 2351 494 2387 est
516 2341 720 2386 omnibus
742 2347 884 2399 potest
901 2373 911 2393 ,
937 2337 1013 2381 sed
1033 2338 1161 2382 etiam
1186 2337 1356 2396 legere,
1381 2340 1500 2398 quod
1530 2339 1605 2397 qui
1631 2353 1719 2383 non
1735 2335 1780 2382 ἅ

431 2413 560 2468 dicit,
596 2428 685 2458 non
708 2419 865 2471 potest.
903 2412 968 2453 Ita
999 2409 1073 2468 qui
1100 2410 1303 2454 viderunt
1324 2409 1483 2454 Christi
1510 2409 1744 2465 miracula,
1772 2426 1779 2433 ‘

434 2499 523 2528 non
540 2482 848 2526 intellexerunt
865 2479 973 2540 quid
990 2479 1070 2523 sibi
1088 2479 1264 2534 vellent,
1284 2488 1328 2523 et
1348 2478 1454 2538 quid
1471 2479 1746 2538 intelligenti
1767 2498 1783 2516 e·
1803 2493 1805 2501 ·

490 2569 496 2584 ¹
520 2567 628 2598 Florus
644 2566 684 2598 ad
697 2564 810 2607 Ephes.
830 2575 864 2605 v,
887 2563 936 2605 14.
950 2579 995 2588 ι-
1014 2568 1029 2586 ²
1044 2565 1121 2595 Luc.
1142 2573 1199 2604 vn,
1223 2561 1275 2603 14.
1295 2579 1336 2588 --
1356 2560 1369 2586 3
1386 2564 1478 2596 Jcan.
1494 2572 1561 2604 Συ,
1579 2561 1634 2595 25.
1805 2580 1842 2621 Ἐκ
1855 2605 1868 2628 n
1894 2603 1898 2608 ,

1884 2613 1898 2634 Χ.
