1898 3178
460 163 600 193 smmo
631 165 683 203 L,
717 165 771 192 DE
803 162 949 193 vssnms
980 154 1487 193 AGGAE1.95

106 245 192 291 que
224 230 385 275 habere
415 229 582 290 aliquid
612 229 824 275 dicendus
856 239 944 286 est
986 228 1163 294 quando
1191 229 1304 272 bene
1330 230 1487 274 utitur.

105 302 216 347 Nam
237 299 358 360 quod
371 300 488 359 juste
505 314 596 343 non
615 307 792 354 tractat,
812 300 910 359 jure
931 315 1020 343 non
1037 307 1170 344 tenet.
1191 299 1322 351 Quod
1343 307 1491 343 autem

101 371 200 431 Jure
227 385 316 414 non
342 378 488 424 tenet,
519 369 553 413 si
584 385 712 413 suum
740 384 830 413 esse
860 369 1036 426 dixerit,
1061 385 1152 414 non
1177 369 1259 412 erit
1285 384 1368 413 vox
1385 370 1492 429 justi

109 439 358 500 possessoris
374 475 386 496 ,
410 438 486 484 sed
506 439 774 500 impudentis
796 439 1063 484 incubatoris
1080 440 1346 500 improbitas,
1369 443 1490 494 Qua-

106 519 282 571 propter
303 510 338 554 si
359 510 494 555 homo
516 525 607 554 non
628 511 877 570 importune
900 508 1005 553 dicit
1030 509 1196 570 aliquid
1223 524 1374 565 suum,
1399 525 1491 554 non

105 581 227 641 quod
262 581 413 641 iniqua
443 590 488 625 et
513 579 645 625 stulta
667 579 906 640 cupiditate
939 581 1237 639 occupaverit,
1267 579 1342 624 sed
1369 579 1492 639 quod

102 650 439 709 prudentissima
467 659 680 710 potestate
702 661 745 694 et
756 649 992 709 justissima
1010 648 1308 694 moderatione
1329 658 1491 694 tracta-

103 720 239 777 verit,
262 729 429 780 quanto
451 720 587 779 magis
613 722 728 764 Deus
752 734 852 763 vere
874 734 923 763 ac
941 719 1114 778 proprie
1134 734 1259 762 suum
1279 735 1368 763 esse
1385 719 1492 763 dicit

106 807 262 836 aurum
288 800 331 834 et
353 801 580 848 argentum
598 826 609 845 ,
634 788 755 851 quod
782 799 825 834 et
852 789 1090 849 largissima
1112 789 1308 833 bonitate
1337 789 1492 834 condi-

105 860 171 905 dit
185 895 198 916 ,
217 870 260 906 et
274 861 512 921 justissimo
530 861 804 905 administrat
816 859 999 919 imperio
1017 880 1028 917 3
1050 867 1109 903 ut'
1121 859 1212 903 sine
1229 860 1361 918 ipsius
1377 868 1492 903 nutu

105 939 235 992 atque
258 932 515 987 dominatu,
549 946 628 975 nee
662 929 765 974 mali
800 931 855 974 ad
877 931 1068 974 avaritiae
1090 929 1376 989 supplicium,
1413 944 1494 974 nec

105 999 212 1045 boni
239 1000 295 1046 ad
322 1017 451 1045 usum
482 1000 785 1045 misericordiae
815 1001 978 1059 possint
1000 1001 1161 1044 habere
1184 1015 1340 1044 aurum
1364 1009 1407 1044 et
1429 1015 1495 1043 ar-

105 1074 318 1130 gentum?
342 1072 468 1126 Quod
485 1082 632 1116 tamen
658 1081 702 1115 et
717 1072 946 1115 instituere
965 1081 1014 1115 ut
1036 1072 1112 1127 sit,
1139 1081 1182 1115 et
1199 1081 1249 1115 ut
1273 1071 1395 1115 alteri
1418 1070 1491 1115 ad·

105 1142 160 1186 sit
174 1176 185 1196 ,
206 1141 330 1185 alteri
347 1141 477 1197 desit,
498 1142 758 1185 distribuere
780 1150 911 1200 atque
934 1141 1151 1195 ordinare,
1177 1157 1266 1185 non
1295 1149 1491 1199 possunt.

164 1213 218 1254 V.
234 1211 277 1255 Si
295 1220 440 1254 autem
463 1211 559 1255 solis
579 1210 702 1254 malis
725 1211 770 1253 in
792 1220 1051 1269 potestatem
1074 1210 1252 1254 daretur
1274 1226 1430 1254 aurum
1452 1218 1497 1254 et

109 1289 365 1340 argentum,
391 1290 507 1325 recte
527 1289 756 1340 putaretur
791 1280 955 1323 malum
977 1299 986 1325 ;
1006 1281 1039 1323 si
1074 1280 1173 1324 solis
1195 1281 1320 1325 bonis
1337 1315 1348 1335 ‚
1380 1289 1497 1330 recte

113 1340 341 1412 putaretur
360 1366 570 1410 magnum
590 1349 769 1410 aliquod
794 1351 977 1394 bonum.
1007 1353 1174 1394 Rursus
1194 1351 1228 1394 si
1256 1351 1355 1395 solis
1372 1350 1496 1394 malis

107 1420 296 1476 deesset,
319 1421 542 1465 videretur
562 1435 719 1479 magna
742 1435 873 1479 poena
891 1429 1123 1480 paupertas
1143 1438 1153 1464 :
1175 1420 1209 1463 si
1231 1429 1377 1463 autem
1396 1419 1496 1464 solis

108 1491 234 1535 bonis
251 1491 434 1546 deesset,
451 1489 670 1534 videretur
686 1504 853 1533 summa
869 1489 1096 1533 beatitudo
1112 1498 1358 1550 paupertas.
1370 1492 1497 1535 Nunc

107 1575 211 1606 vero
232 1560 268 1605 si
289 1560 397 1604 scire
422 1561 486 1605 vis
508 1575 663 1604 aurum
690 1574 814 1618 posse
836 1558 948 1602 bene
970 1558 1147 1614 haberi,
1167 1559 1333 1604 habent
1354 1569 1397 1603 et
1420 1560 1496 1604 bo-

109 1632 154 1676 ni
175 1650 184 1675 :
210 1631 244 1676 si
260 1632 368 1675 scire
386 1632 450 1675 vis
469 1646 558 1675 non
580 1646 652 1674 eos
683 1645 759 1688 per
781 1644 938 1673 aurum
966 1629 1103 1673 bonos
1127 1645 1216 1673 esse
1233 1665 1244 1684 ‚
1265 1629 1433 1674 habent
1454 1639 1498 1674 et

46 1740 48 1743 .
98 1701 228 1746 'mali.
255 1705 367 1745 Item
402 1702 436 1744 si
454 1702 562 1745 scire
579 1701 650 1745 'vis
669 1715 802 1759 quam
839 1715 929 1744 non
964 1700 1019 1744 sit
1041 1701 1210 1744 miseria
1233 1709 1463 1760 paupertas
1482 1736 1494 1756 ‚

107 1782 210 1818 sunt
243 1771 423 1832 quidam
457 1786 667 1831 pauperes
703 1771 818 1815 beati
846 1790 855 1815 :
879 1771 913 1814 si
935 1771 1040 1815 seire
1073 1772 1134 1814 vis
1167 1787 1299 1831 quam
1331 1787 1421 1816 non
1443 1773 1498 1817 sit

107 1842 335 1887 beatitudo
367 1851 622 1901 paupertas,
655 1849 757 1884 sunt
785 1841 964 1900 quidam
996 1857 1208 1901 pauperes
1241 1842 1401 1886 miseri.
1430 1845 1497 1887 Ita

107 1928 209 1972 ergo
243 1928 399 1957 aurum
431 1921 474 1956 et
504 1921 730 1970 argentum
769 1910 991 1955 distribuit
1023 1911 1273 1956 hominibus
1296 1907 1497 1958 conditor

107 1998 253 2029 rerum
274 1992 318 2027 et
349 1982 674 2027 administrator
702 1985 841 2037 Deus,
867 1992 917 2025 ut
938 1982 1079 2041 ipsum
1103 1998 1177 2042 per
1204 1998 1247 2026 se
1274 1991 1431 2027 natura
1453 1993 1498 2029 et

109 2067 264 2111 genere
282 2068 361 2097 suo
380 2052 548 2097 bonum
569 2052 639 2108 sit,
654 2052 851 2112 quamvis
865 2054 955 2097 n'on
978 2067 1197 2097 summum
1222 2061 1266 2097 et
1287 2067 1496 2111 magnum

56 2131 59 2134 '
105 2123 275 2180 bonu-m
290 2158 301 2179 ,
326 2132 370 2167 et
395 2138 475 2182 pro
498 2123 638 2182 gradu
659 2122 725 2167 sui
746 2122 910 2167 ordinis
931 2122 1199 2167 laudabilem
1222 2123 1495 2168 conditorem

109 2193 399 2238 universitatis
421 2192 640 2238 ostendat·
631 2193 781 2252 ,copia
798 2207 901 2238 vero
918 2194 953 2254 ej
961 2208 1009 2237 us
1029 2208 1120 2237 non
1142 2192 1320 2239 extollat
1335 2194 1491 2250 bonos,

109 2279 191 2308 nec
208 2262 372 2308 elidat
360 2264 535 2322 1nopia3
560 2229 695 2309 malos
717 2272 863 2309 autem
883 2273 927 2309 et
946 2279 1047 2310 cum
1069 2264 1253 2310 offertur
1274 2274 1490 2323 excaecet,

112 2343 156 2379 et
175 2349 277 2378 eum
299 2333 496 2378 aufertur
516 2334 748 2379 excruciet.

50 2453 54 2458 .
171 2405 247 2448 VI.
273 2407 358 2449 Res
394 2419 497 2464 ergo
531 2404 705 2449 condita
730 2413 773 2449 et
793 2403 849 2449 ad
878 2404 1124 2450 Conditoris
1147 2403 1323 2449 laudem
1338 2439 1350 2462 ,
1374 2414 1419 2450 et
1439 2406 1495 2451 ad

51 2472 53 2474 ’
112 2472 334 2518 bonorum
356 2473 682 2534 probationem,
718 2473 1021 2534 malorumque
1052 2474 1310 2535 supplicium
1331 2509 1342 2534 ,
1377 2486 1493 2522 recte
