1898 3178
372 282 511 309 SERMO
541 282 626 318 cn,
661 282 715 308 DE
747 279 892 309 VERBIS
923 283 1016 309 LUC.
1051 281 1091 308 x.
1333 270 1416 309 563

43 346 186 392 Nolite
201 345 349 391 oculos
369 346 651 404 interrogare,
672 355 715 390 et
732 346 788 391 ad
808 362 882 391 cor
902 346 1053 391 redite.
1077 346 1119 391 Si
1135 347 1252 391 enim
1267 347 1417 391 oculos

43 416 432 475 interrogaveritis,
463 414 570 459 falsa
601 415 725 460 vobis
760 416 1039 476 respondent,
1078 416 1269 466 Multum
1301 417 1419 461 enim

8 529 11 542 ·.
43 485 270 545 splendida
293 495 415 540 sunt,
440 494 484 530 et
498 485 760 530 saeculariter
778 485 944 542 fucata,
965 503 1064 547 quae
1089 487 1153 532 illi
1171 486 1294 532 diviti
1324 501 1420 532 mo-

10 575 11 585 *
44 555 173 599 rienti
193 555 385 599 exhiberi
412 564 665 614 potuerunt.
703 558 812 608 Quae
841 565 1080 616 potuerunt
1101 557 1272 616 agmina
1293 556 1419 616 plan-

10 657 15 669 .
47 625 240 684 gentium
257 640 346 669 esse
372 640 596 670 servorum
619 633 663 668 et
679 626 958 672 ancillarum?
978 643 1079 688 quae
1099 642 1259 687 pompa
1285 626 1422 671 clien-

12 706 16 712 ’
45 695 187 740 tium?
212 696 288 753 qui
319 695 523 754 splendor
554 694 748 739 funeris?
781 696 901 755 quod
932 698 1122 756 pretium
1156 696 1423 756 sepulturae?

13 746 18 797 i
47 766 188 811 Credo
203 780 302 809 eum
317 766 581 810 aromatibus
597 766 823 810 obrutum.
844 767 957 820 Quid
969 782 1073 826 ergo
1084 766 1244 812 dicturi
1257 781 1422 822 sumus,

15 812 20 853 ι
47 835 213 892 fratres,
237 837 350 881 bene
363 837 494 881 istum
513 846 753 892 mortuum,
767 852 822 882 an
835 837 947 882 male
958 840 1207 883 mortuum?
1221 839 1264 884 Si
1276 837 1426 883 oculos

17 882 24 971 ¹⁸.
46 906 320 965 interrogatis
334 941 344 961 ‚
369 907 533 966 optime
556 916 753 952 mortuus
779 916 844 952 est
867 926 877 953 ε
901 908 936 952 si
958 909 1210 968 magistrum
1233 917 1425 954 vestrum

47 977 295 1022 interiorem
315 978 534 1038 requiritis
550 1013 560 1033 ,
585 979 767 1038 pessime
787 988 986 1024 mortuus
1003 988 1083 1024 est.

24 1049 26 1064 ”
108 1050 185 1092 IV.
213 1048 256 1092 Si
275 1063 378 1107 ergo
400 1049 459 1093 sic
481 1049 728 1093 moriuntur
754 1050 928 1109 superbi
951 1065 1096 1094 rerum
1117 1064 1293 1093 suarum
1319 1063 1427 1093 con-

49 1126 307 1172 servatores,
332 1127 376 1161 et
396 1118 506 1162 nihil
526 1118 628 1163 inde
645 1119 908 1178 pauperibus
926 1119 1182 1177 largientes;
1204 1116 1428 1178 quomodo

49 1188 297 1232 moriuntur
315 1189 390 1248 qui
403 1189 577 1247 rapiunt
598 1203 663 1232 res
685 1189 860 1233 alienas1
874 1191 892 1233 Ξ)
906 1191 1069 1233 Verum
1089 1203 1192 1247 ergo
1214 1188 1301 1232 dixi
1325 1203 1333 1228 :
1351 1186 1428 1230 Vi-

0 1271 4 1278 '
49 1258 138 1303 vite
164 1258 277 1302 bene
295 1293 305 1313 ‚
341 1274 396 1301 ne
428 1257 540 1301 male
572 1258 840 1313 moriamini,
876 1274 931 1303 ne
958 1257 1181 1319 quomodo
1208 1258 1326 1302 dives
1358 1256 1430 1300 ille

3 1341 8 1350 ·
31 1339 33 1342 “
50 1329 309 1372 moriamini.
330 1331 428 1373 Non
447 1329 604 1387 probat
622 1329 777 1372 malam
800 1338 986 1373 mortem
1005 1364 1016 1385 ,
1040 1330 1122 1373 nisi
1143 1338 1314 1388 tempus
1333 1336 1430 1387 post

51 1408 250 1444 mortem.
269 1402 303 1442 E
318 1407 467 1443 contra
482 1398 691 1442 attendite
706 1399 831 1442 illum
848 1414 1103 1458 pauperem:
1122 1399 1258 1444 nolite
1274 1397 1426 1443 oculis.

52 1484 154 1514 nam
182 1468 379 1512 errabitis
399 1487 408 1512 :
440 1467 547 1511 fides
568 1466 764 1512 attendat
779 1502 790 1522 ,
815 1484 890 1512 cor
909 1468 1070 1513 videat.
1096 1468 1358 1514 Constituite
1378 1467 1432 1510 '11-

53 1610 275 1654 venientes
297 1624 424 1653 canes
452 1608 695 1666 linguentes
726 1607 872 1652 ulcera
900 1610 1007 1667 ejus.
1051 1608 1135 1652 Sed
1168 1623 1269 1652 cum
1301 1607 1432 1651 talem

57 1679 181 1723 'lum
212 1679 421 1724 revocatis
452 1687 550 1722 ante
579 1677 728 1724 oculos
758 1687 942 1733 vestros,
961 1678 1188 1722 -continuo
1218 1677 1430 1736 expuitis‚

3 2388 42 2417 W
86 2396 153 2426 ur.
178 2380 403 2426 Attendite
423 2395 648 2440 pauperes,
672 2381 760 2425 sive
776 2381 983 2440 jacentes,
1007 2380 1094 2425 sive
1116 2378 1437 2424 ambulantes3:

9 2442 48 2468 '2¹⁵

0 2447 46 2491 Μ’
117 2502 126 2519 ¹
147 2495 224 2529 Cod.
243 2496 328 2528 Cass.
347 2497 388 2528 Et
402 2495 455 2538 qui
470 2506 580 2528 servos
595 2494 645 2528 vel
663 2493 791 2527 ancilbas
814 2505 884 2527 suas
908 2494 1041 2536 eupiunt
1069 2493 1195 2526 tradere
1219 2493 1252 2526 in
1271 2493 1437 2527 servitium

101 2551 223 2598 ienum.
247 2568 288 2574 -—
305 2558 318 2573 ²
336 2553 414 2583 Luc.
434 2561 508 2592 xv1‚
526 2551 580 2583 25.
606 2567 648 2573 ·-
668 2548 681 2573 3
693 2550 770 2582 Cod.
790 2552 875 2583 Cass.
894 2550 969 2582 Sive
985 2549 1082 2582 servis
1111 2548 1163 2582 vel
1186 2550 1307 2582 ancillis
1326 2551 1439 2584 vestris

76 2620 87 2654 ἢ
95 2605 325 2640 enefacientes.

1170 2661 1235 2699 36.
