1898 3178
297 192 300 194 ’
357 195 494 224 salmo
526 196 657 234 Χινῐ,
692 195 746 222 DE
778 191 1027 223 pas‘romnus
1058 195 1104 222 m
1135 194 1283 221 EzEcn.
1453 180 1502 221 41

135 282 156 306 η
191 263 329 323 periet
358 270 526 306 montes
557 261 714 305 umbra
754 262 866 320 ejus,
907 271 949 305 et
987 260 1121 321 gloria
1153 262 1243 319 ejus
1275 259 1405 319 plena
1447 269 1510 304 est

137 353 157 375 >›
192 335 344 378 terra¹.
374 350 394 373 »
422 335 502 375 Per
523 345 672 375 omnes
701 345 802 389 ergo
822 341 970 390 gentes
987 366 998 387 ,
1035 330 1339 391 incipientibus
1362 330 1416 374 ab
1438 332 1512 374 Je-

137 423 157 446 »
193 402 374 448 rusalem
401 421 408 447 :
438 405 550 446 Deus
576 402 632 445 ab
669 400 815 447 Africo
836 402 980 446 veniet
997 436 1008 456 ,
1035 412 1077 446 θῖ
1099 410 1271 446 sanctus
1294 401 1348 444 de
1363 409 1512 445 monte

137 493 157 515 »
190 473 396 518 umbroso
427 481 470 516 et
491 471 734 530 condenso3
753 491 772 513 »
798 472 844 515 id
862 480 950 526 est,
976 487 1000 515 a
1017 481 1164 517 monte
1191 470 1370 526 oliveti,
1395 470 1513 515 unde

133 544 325 588 ascendit
346 544 393 587 in
418 541 596 598 eoelum,
613 543 731 587 unde
753 542 869 587 misit
891 542 1131 602 Discipulos
1154 558 1268 598 suos,
1282 543 1362 586 ubi
1384 542 1512 586 etiam

134 628 384 658 ascensurus
420 613 478 657 ait
505 633 513 657 :
541 633 561 656 «
586 616 683 659 Non
711 613 826 656 enim
847 621 1039 657 vestrum
1064 621 1127 656 est
1151 613 1259 656 scire
1293 621 1510 671 tempora,

137 703 157 725 »
193 699 292 744 quae
310 687 436 728 Pater
457 685 602 743 posuit
622 684 668 727 in
689 699 765 728 sua
786 691 1026 743 potestate3
1047 682 1123 727 sed
1144 683 1360 742 accipietis
1376 683 1516 728 virtu—

139 773 159 795 »
194 763 283 799 tem
299 769 352 798 ex
368 754 472 809 alto,
493 764 536 799 θῖ
556 755 672 799 eritis
689 755 796 798 mihi
809 763 951 799 testes.
975 753 1158 799 »Videte
1175 754 1396 814 quomodo
1409 754 1517 797 inci-

136 842 156 865 »
192 824 256 883 pit
276 823 560 881 Evangelium
584 843 593 868 :
619 827 675 868 Et
697 824 811 868 eritis
837 824 946 868 mihi
963 832 1091 868 testes
1115 823 1162 867 in
1186 823 1424 867 Jerusalem
1439 857 1450 876 ,
1474 831 1516 866 et

137 912 157 934 »
192 894 236 937 in
257 893 410 939 Judaea
424 904 467 939 et
491 895 695 949 Samaria,
712 904 755 939 et
771 909 910 955 usque
927 895 972 938 in
989 903 1126 940 totam
1143 896 1345 938 terram2.
1365 912 1386 935 «
1401 895 1517 951 Ergo

133 968 224 1009 Deo
261 965 463 1009 veniente
498 966 670 1011 Christo
685 1001 696 1021 ,
739 977 783 1011 et
815 981 976 1011 nomen
1020 967 1109 1026 ejus
1127 1000 1137 1020 ,
1184 974 1226 1009 et
1267 963 1518 1024 praedicatio

133 1035 356 1094 Evangelii
378 1038 468 1096 ejus
482 1038 536 1081 ab
556 1037 812 1093 Jerusalem,
837 1037 883 1082 id
905 1046 985 1092 est,
1002 1037 1057 1081 ab
1079 1035 1253 1094 Africo,
1278 1046 1319 1080 et
1334 1051 1356 1079 a
1372 1044 1518 1079 monte

133 1105 365 1164 umbroso3
391 1106 437 1150 id
454 1116 539 1161 θεῖ,
565 1123 588 1151 a
605 1116 754 1152 monte
777 1107 936 1151 Oliveti
962 1126 970 1150 :
993 1108 1094 1164 quia
1116 1121 1193 1163 per
1210 1121 1357 1150 omnes
1373 1114 1520 1162 gentes

134 1175 409 1219 diffamatum
432 1187 495 1221 est
517 1175 828 1233 Evangelium,
853 1174 1029 1233 Operiet
1050 1183 1218 1218 montes
1236 1174 1390 1217 umbra
1409 1175 1516 1233 ejus,

134 1244 179 1288 id
193 1253 272 1298 est,
291 1244 564 1302 refrigerium
582 1246 688 1303 ejus,
710 1244 922 1302 protectio
937 1245 1050 1302 ejus,
1070 1252 1113 1286 et
1129 1242 1268 1287 laudis
1286 1245 1376 1303 ejus
1391 1243 1520 1302 plena

137 1323 198 1358 est
221 1323 348 1358 terra.
367 1316 551 1358 Cantate
572 1329 676 1373 ergo
697 1328 797 1357 cum
823 1322 913 1357 tota
936 1322 1049 1356 terra
1073 1313 1291 1357 canticum
1324 1329 1485 1358 novum
1506 1334 1517 1371 3

138 1399 224 1429 non
247 1385 464 1428 canticum
487 1393 610 1428 vetus
633 1399 732 1428 cum
751 1382 913 1441 angulo
935 1391 1075 1426 terrae.

192 1456 308 1498 XLI.
346 1454 507 1498 Dicunt
528 1463 571 1498 et
586 1454 726 1508 aliud,
752 1472 772 1494 «
797 1455 1033 1510 Cyrenaeus
1051 1488 1061 1506 ,
1088 1453 1316 1513 inquiunt,
1342 1453 1520 1513 quidam

139 1542 159 1565 »
182 1524 330 1569 Simon
346 1525 590 1583 angariatus
603 1533 682 1580 θεῖ,
697 1532 746 1568 ut
760 1522 932 1568 tolleret
952 1538 1128 1567 crucem
1147 1523 1337 1567 Domini3
1348 1558 1355 1566 .
1366 1524 1521 1581 »Legi-

136 1610 232 1638 mus
258 1614 265 1639 :
292 1594 366 1639 sed
383 1594 491 1655 quid
512 1604 554 1639 te
572 1593 762 1655 adjuvet,
789 1595 887 1639 volo
910 1595 1030 1639 scire.
1058 1596 1319 1651 Cyrenaeus,
1343 1595 1487 1654 inquit
1508 1610 1516 1636 :

141 1664 245 1708 Afer
274 1674 512 1724 est:quare
542 1665 632 1723 ipse
664 1665 910 1723 angariatus
937 1673 1000 1708 est
1031 1664 1106 1723 qui
1131 1679 1305 1707 crucem
1334 1664 1517 1708 tolleret.

141 1734 225 1778 Ubi
252 1735 306 1778 sit
327 1736 518 1791 Cyrene,
553 1733 666 1778 forte
687 1734 823 1778 nescis
851 1753 859 1778 ε
886 1734 1025 1791 Lybia
1048 1743 1132 1788 est,
1160 1732 1404 1792 Pentapolis
1434 1744 1518 1789 est,

139 1804 343 1862 contigua
366 1812 428 1847 θεῖ
449 1802 629 1858 Africae,
656 1803 710 1847 ad
733 1804 956 1847 Orientem
984 1804 1117 1861 magis
1148 1803 1349 1862 pertinet.
1376 1803 1454 1847 Vel
1478 1805 1522 1847 in

140 1873 447 1918 distributione
468 1874 789 1933 provinciarum
813 1873 1124 1932 imperatorum
1154 1887 1365 1930 cognosce
1391 1892 1400 1917 ι
1435 1876 1524 1917 Ini-

142 1953 312 2004 perator
353 1944 582 1989 Orientalis
615 1945 750 1989 mittit
779 1943 974 2004 judicem
998 1944 1053 1987 ad
1075 1945 1292 2001 Cyrenen.
1332 1945 1523 1988 Breviter

142 2014 403 2073 respondeo,
429 2014 513 2058 Ubi
537 2023 600 2058 est
629 2030 727 2073 pars
756 2014 935 2069 Donati,
956 2028 1046 2058 non
1075 2013 1294 2057 invenitur
1313 2015 1483 2071 Cyrene
1512 2034 1519 2058 :

142 2083 220 2128 ubi
233 2092 297 2127 est
317 2085 510 2140 Cyrene,
535 2099 624 2128 non
646 2083 866 2128 invenitur
889 2099 986 2142 pars
1002 2084 1174 2127 Donati.
1195 2082 1424 2128 Manifesta
1445 2098 1522 2128 ve-

143 2154 242 2198 ritas
275 2153 495 2198 convincit
516 2168 720 2197 errorem.
745 2156 826 2196 Det
847 2153 953 2196 mihi
980 2154 1180 2210 Cyrenen
1196 2188 1206 2207 ,
1239 2153 1315 2197 ubi
1343 2162 1406 2197 est
1426 2168 1522 2212 pars

143 2223 299 2268 Donati
325 2242 334 2268 z
354 2223 428 2267 det
448 2224 553 2267 mihi
576 2232 742 2283 partem
765 2223 951 2277 Donati,
977 2222 1055 2266 ubi
1076 2232 1138 2267 est
1169 2225 1355 2281 Cyrene.
1380 2225 1523 2268 Mani-

142 2293 300 2337 festum
336 2302 398 2337 est
432 2294 572 2348 enim,
617 2293 797 2346 fratres,
834 2293 879 2337 in
909 2292 1136 2352 Pentapoli
1171 2292 1405 2337 Ecclesiam
1435 2309 1524 2339 esse

142 2363 420 2417 catholicam,
451 2373 616 2422 partem
638 2364 795 2408 Donati
817 2363 879 2407 ibi
913 2379 1002 2407 non
1024 2379 1126 2408 esse.
1157 2363 1241 2408 Sed
1263 2364 1401 2409 securi
1424 2365 1522 2408 irri-

142 2433 320 2478 deamus
342 2433 531 2489 flendos,
557 2444 599 2479 et
621 2435 800 2479 fleamus
816 2433 1071 2479 irridendos.
1098 2433 1214 2486 Quid
1237 2433 1368 2479 dicis?
1392 2437 1524 2480 Meri-

190 2520 201 2538 ¹
219 2517 339 2552 nahae.
359 2530 404 2561 in,
429 2519 459 2551 3.
480 2536 520 2543 -—
541 2526 553 2543 ²
577 2522 648 2552 Act.
666 2531 690 2562 1,
708 2530 740 2561 7,
757 2520 788 2552 8.
811 2535 849 2543 -
869 2518 882 2543 3
902 2519 1013 2553 Matth.
1032 2529 1133 2560 xxvu,
1155 2518 1207 2551 32.
