<?xml version="1.0" encoding="UTF-8"?>
<!DOCTYPE html PUBLIC "-//W3C//DTD XHTML 1.0 Transitional//EN"
    "http://www.w3.org/TR/xhtml1/DTD/xhtml1-transitional.dtd">
<html xmlns="http://www.w3.org/1999/xhtml" xml:lang="en" lang="en">
 <head>
  <title>
</title>
<meta http-equiv="Content-Type" content="text/html;charset=utf-8" />
  <meta name='ocr-system' content='tesseract 3.04.00' />
  <meta name='ocr-capabilities' content='ocr_page ocr_carea ocr_par ocr_line ocrx_word'/>
</head>
<body>
  <div class='ocr_page' id='page_1' title='image "./operaomniaaccura18auguuoft_0593.png"; bbox 0 0 1898 3178; ppageno 0'>
   <div class='ocr_carea' id='block_1_1' title="bbox 0 218 1442 914">
    <p class='ocr_par' dir='ltr' id='par_1_1' title="bbox 0 218 1435 435">
     <span class='ocr_line' id='line_1_1' title="bbox 20 218 25 307; baseline 0 0"><span class='ocrx_word' id='word_1_1' title='bbox 20 218 25 307; x_wconf 74' lang='lat' dir='ltr'>l</span> 
     </span>
     <span class='ocr_line' id='line_1_2' title="bbox 22 311 25 349; baseline 0 0"><span class='ocrx_word' id='word_1_2' title='bbox 22 311 25 349; x_wconf 76' lang='lat' dir='ltr'>l</span> 
     </span>
     <span class='ocr_line' id='line_1_3' title="bbox 0 361 1435 435; baseline 0.001 -29"><span class='ocrx_word' id='word_1_3' title='bbox 0 366 28 435; x_wconf 50' lang='lat' dir='ltr'>*l</span> <span class='ocrx_word' id='word_1_4' title='bbox 61 361 287 420; x_wconf 79' lang='lat' dir='ltr'>Virgilium</span> <span class='ocrx_word' id='word_1_5' title='bbox 303 397 316 416; x_wconf 88' lang='lat'><strong><em>,</em></strong></span> <span class='ocrx_word' id='word_1_6' title='bbox 349 372 391 407; x_wconf 89' lang='lat' dir='ltr'>et</span> <span class='ocrx_word' id='word_1_7' title='bbox 411 363 640 417; x_wconf 70' lang='lat' dir='ltr'>insultare,</span> <span class='ocrx_word' id='word_1_8' title='bbox 672 380 805 424; x_wconf 83' lang='lat' dir='ltr'>quare</span> <span class='ocrx_word' id='word_1_9' title='bbox 826 366 909 409; x_wconf 91' lang='lat' dir='ltr'>hoc</span> <span class='ocrx_word' id='word_1_10' title='bbox 931 363 1085 409; x_wconf 80' lang='lat' dir='ltr'>dixerit</span> <span class='ocrx_word' id='word_1_11' title='bbox 1105 383 1113 408; x_wconf 92' lang='lat'>:</span> <span class='ocrx_word' id='word_1_12' title='bbox 1139 364 1184 407; x_wconf 91' lang='lat' dir='ltr'>in</span> <span class='ocrx_word' id='word_1_13' title='bbox 1205 371 1326 423; x_wconf 84' lang='lat' dir='ltr'>parte</span> <span class='ocrx_word' id='word_1_14' title='bbox 1349 364 1435 408; x_wconf 90' lang='lat' dir='ltr'>tol-</span> 
     </span>
    </p>

    <p class='ocr_par' dir='ltr' id='par_1_2' title="bbox 0 430 1442 914">
     <span class='ocr_line' id='line_1_4' title="bbox 24 430 1436 493; baseline 0.001 -19"><span class='ocrx_word' id='word_1_15' title='bbox 24 440 29 483; x_wconf 67' lang='grc' dir='ltr'><strong><em>ε</em></strong></span> <span class='ocrx_word' id='word_1_16' title='bbox 58 430 165 474; x_wconf 89' lang='lat' dir='ltr'>leret</span> <span class='ocrx_word' id='word_1_17' title='bbox 186 447 278 485; x_wconf 84' lang='lat' dir='ltr'>nos,</span> <span class='ocrx_word' id='word_1_18' title='bbox 296 441 338 475; x_wconf 91' lang='lat' dir='ltr'>et</span> <span class='ocrx_word' id='word_1_19' title='bbox 359 432 519 475; x_wconf 87' lang='lat' dir='ltr'>diceret</span> <span class='ocrx_word' id='word_1_20' title='bbox 535 433 657 476; x_wconf 85' lang='lat' dir='ltr'>nobis</span> <span class='ocrx_word' id='word_1_21' title='bbox 679 449 687 473; x_wconf 80' lang='lat' dir='ltr'>t</span> <span class='ocrx_word' id='word_1_22' title='bbox 715 437 771 477; x_wconf 87' lang='lat' dir='ltr'>Et</span> <span class='ocrx_word' id='word_1_23' title='bbox 793 450 873 493; x_wconf 79' lang='lat' dir='ltr'>ego</span> <span class='ocrx_word' id='word_1_24' title='bbox 893 435 1001 489; x_wconf 80' lang='lat' dir='ltr'>scio,</span> <span class='ocrx_word' id='word_1_25' title='bbox 1025 435 1100 478; x_wconf 88' lang='lat' dir='ltr'>sed</span> <span class='ocrx_word' id='word_1_26' title='bbox 1122 432 1228 493; x_wconf 85' lang='lat' dir='ltr'>quid</span> <span class='ocrx_word' id='word_1_27' title='bbox 1249 432 1436 477; x_wconf 87' lang='lat' dir='ltr'>facerem</span> 
     </span>
     <span class='ocr_line' id='line_1_5' title="bbox 10 488 1439 572; baseline 0.001 -28"><span class='ocrx_word' id='word_1_28' title='bbox 10 488 31 572; x_wconf 37' lang='lat' dir='ltr'>i</span> <span class='ocrx_word' id='word_1_29' title='bbox 57 502 132 560; x_wconf 89' lang='lat' dir='ltr'>qui</span> <span class='ocrx_word' id='word_1_30' title='bbox 165 501 369 545; x_wconf 87' lang='lat' dir='ltr'>Romanis</span> <span class='ocrx_word' id='word_1_31' title='bbox 397 501 527 545; x_wconf 80' lang='lat' dir='ltr'>verba</span> <span class='ocrx_word' id='word_1_32' title='bbox 557 501 817 558; x_wconf 79' lang='lat' dir='ltr'>vendebam,</span> <span class='ocrx_word' id='word_1_33' title='bbox 852 504 929 547; x_wconf 86' lang='lat' dir='ltr'>nisi</span> <span class='ocrx_word' id='word_1_34' title='bbox 968 505 1046 547; x_wconf 82' lang='lat' dir='ltr'>hac</span> <span class='ocrx_word' id='word_1_35' title='bbox 1088 502 1336 547; x_wconf 79' lang='lat' dir='ltr'>adulatione</span> <span class='ocrx_word' id='word_1_36' title='bbox 1361 503 1439 546; x_wconf 86' lang='lat' dir='ltr'>ali-</span> 
     </span>
     <span class='ocr_line' id='line_1_6' title="bbox 4 566 1438 632; baseline 0.003 -19"><span class='ocrx_word' id='word_1_37' title='bbox 4 566 7 572; x_wconf 75' lang='grc'><strong>’</strong></span> <span class='ocrx_word' id='word_1_38' title='bbox 58 571 164 631; x_wconf 87' lang='lat' dir='ltr'>quid</span> <span class='ocrx_word' id='word_1_39' title='bbox 185 572 481 630; x_wconf 78' lang='lat' dir='ltr'>promitterem</span> <span class='ocrx_word' id='word_1_40' title='bbox 509 571 628 632; x_wconf 83' lang='lat' dir='ltr'>quod</span> <span class='ocrx_word' id='word_1_41' title='bbox 654 572 806 616; x_wconf 77' lang='lat' dir='ltr'>falsum</span> <span class='ocrx_word' id='word_1_42' title='bbox 828 576 947 618; x_wconf 78' lang='lat' dir='ltr'>erat?</span> <span class='ocrx_word' id='word_1_43' title='bbox 974 577 1027 618; x_wconf 88' lang='lat' dir='ltr'>Et</span> <span class='ocrx_word' id='word_1_44' title='bbox 1049 583 1195 618; x_wconf 88' lang='lat' dir='ltr'>tamen</span> <span class='ocrx_word' id='word_1_45' title='bbox 1224 582 1267 617; x_wconf 89' lang='lat' dir='ltr'>et</span> <span class='ocrx_word' id='word_1_46' title='bbox 1286 574 1333 617; x_wconf 89' lang='lat' dir='ltr'>in</span> <span class='ocrx_word' id='word_1_47' title='bbox 1354 574 1438 617; x_wconf 94' lang='lat' dir='ltr'>hoc</span> 
     </span>
     <span class='ocr_line' id='line_1_7' title="bbox 59 640 1439 702; baseline 0.001 -16"><span class='ocrx_word' id='word_1_48' title='bbox 59 651 210 686; x_wconf 89' lang='lat' dir='ltr'>cautus</span> <span class='ocrx_word' id='word_1_49' title='bbox 225 640 311 697; x_wconf 82' lang='lat' dir='ltr'>fui,</span> <span class='ocrx_word' id='word_1_50' title='bbox 333 642 510 702; x_wconf 84' lang='lat' dir='ltr'>quando</span> <span class='ocrx_word' id='word_1_51' title='bbox 527 642 614 687; x_wconf 83' lang='lat' dir='ltr'><strong>dixi</strong></span> <span class='ocrx_word' id='word_1_52' title='bbox 634 658 642 683; x_wconf 78' lang='grc' dir='ltr'>ε</span> <span class='ocrx_word' id='word_1_53' title='bbox 669 644 904 702; x_wconf 80' lang='lat' dir='ltr'>Imperium</span> <span class='ocrx_word' id='word_1_54' title='bbox 923 645 1013 688; x_wconf 85' lang='lat' dir='ltr'>sine</span> <span class='ocrx_word' id='word_1_55' title='bbox 1033 645 1121 688; x_wconf 86' lang='lat' dir='ltr'>fine</span> <span class='ocrx_word' id='word_1_56' title='bbox 1138 643 1261 699; x_wconf 80' lang='lat' dir='ltr'>dedi,</span> <span class='ocrx_word' id='word_1_57' title='bbox 1287 647 1439 688; x_wconf 85' lang='lat' dir='ltr'>Jovem</span> 
     </span>
     <span class='ocr_line' id='line_1_8' title="bbox 0 711 1440 774; baseline 0.001 -16"><span class='ocrx_word' id='word_1_58' title='bbox 0 754 1 758; x_wconf 75' lang='grc'>,</span> <span class='ocrx_word' id='word_1_59' title='bbox 59 713 248 772; x_wconf 89' lang='lat' dir='ltr'>ipsorum</span> <span class='ocrx_word' id='word_1_60' title='bbox 266 711 442 767; x_wconf 77' lang='lat' dir='ltr'>induxi,</span> <span class='ocrx_word' id='word_1_61' title='bbox 464 713 541 773; x_wconf 84' lang='lat' dir='ltr'>qui</span> <span class='ocrx_word' id='word_1_62' title='bbox 556 714 638 758; x_wconf 93' lang='lat' dir='ltr'>hoc</span> <span class='ocrx_word' id='word_1_63' title='bbox 657 714 834 758; x_wconf 89' lang='lat' dir='ltr'>diceret.</span> <span class='ocrx_word' id='word_1_64' title='bbox 851 717 947 759; x_wconf 91' lang='lat' dir='ltr'>Non</span> <span class='ocrx_word' id='word_1_65' title='bbox 962 730 1011 759; x_wconf 88' lang='lat' dir='ltr'>ex</span> <span class='ocrx_word' id='word_1_66' title='bbox 1033 730 1217 774; x_wconf 83' lang='lat' dir='ltr'>persona</span> <span class='ocrx_word' id='word_1_67' title='bbox 1234 730 1331 759; x_wconf 90' lang='lat' dir='ltr'>mea</span> <span class='ocrx_word' id='word_1_68' title='bbox 1353 714 1440 759; x_wconf 85' lang='lat' dir='ltr'>dixi</span> 
     </span>
     <span class='ocr_line' id='line_1_9' title="bbox 0 782 1441 844; baseline 0.002 -18"><span class='ocrx_word' id='word_1_69' title='bbox 0 825 21 841; x_wconf 27' lang='grc' dir='ltr'>ξ,</span> <span class='ocrx_word' id='word_1_70' title='bbox 58 798 148 826; x_wconf 88' lang='lat' dir='ltr'>rem</span> <span class='ocrx_word' id='word_1_71' title='bbox 181 782 358 838; x_wconf 84' lang='lat' dir='ltr'>falsam,</span> <span class='ocrx_word' id='word_1_72' title='bbox 384 783 459 827; x_wconf 89' lang='lat' dir='ltr'>sed</span> <span class='ocrx_word' id='word_1_73' title='bbox 482 784 579 828; x_wconf 88' lang='lat' dir='ltr'>Jovi</span> <span class='ocrx_word' id='word_1_74' title='bbox 609 784 796 843; x_wconf 88' lang='lat' dir='ltr'>imposui</span> <span class='ocrx_word' id='word_1_75' title='bbox 813 783 1007 829; x_wconf 85' lang='lat' dir='ltr'>falsitatis</span> <span class='ocrx_word' id='word_1_76' title='bbox 1038 800 1299 844; x_wconf 85' lang='lat' dir='ltr'>personam:</span> <span class='ocrx_word' id='word_1_77' title='bbox 1332 787 1441 829; x_wconf 85' lang='lat' dir='ltr'>sicut</span> 
     </span>
     <span class='ocr_line' id='line_1_10' title="bbox 0 851 1442 914; baseline 0.002 -18"><span class='ocrx_word' id='word_1_78' title='bbox 0 891 4 914; x_wconf 62' lang='lat' dir='ltr'>n</span> <span class='ocrx_word' id='word_1_79' title='bbox 32 874 33 878; x_wconf 45' lang='lat'>¹</span> <span class='ocrx_word' id='word_1_80' title='bbox 58 856 172 897; x_wconf 84' lang='lat' dir='ltr'>Deus</span> <span class='ocrx_word' id='word_1_81' title='bbox 196 851 326 897; x_wconf 85' lang='lat' dir='ltr'>falsus</span> <span class='ocrx_word' id='word_1_82' title='bbox 349 863 462 908; x_wconf 80' lang='lat' dir='ltr'>erat,</span> <span class='ocrx_word' id='word_1_83' title='bbox 486 854 544 897; x_wconf 87' lang='lat' dir='ltr'>ita</span> <span class='ocrx_word' id='word_1_84' title='bbox 565 854 751 898; x_wconf 89' lang='lat' dir='ltr'>mendax</span> <span class='ocrx_word' id='word_1_85' title='bbox 771 864 887 898; x_wconf 89' lang='lat' dir='ltr'>vates</span> <span class='ocrx_word' id='word_1_86' title='bbox 910 864 1016 899; x_wconf 87' lang='lat' dir='ltr'>erat.</span> <span class='ocrx_word' id='word_1_87' title='bbox 1040 859 1148 901; x_wconf 90' lang='lat' dir='ltr'>Nam</span> <span class='ocrx_word' id='word_1_88' title='bbox 1165 856 1295 900; x_wconf 90' lang='lat' dir='ltr'>vultis</span> <span class='ocrx_word' id='word_1_89' title='bbox 1317 871 1442 900; x_wconf 87' lang='lat' dir='ltr'>nosse</span> 
     </span>
    </p>
   </div>
   <div class='ocr_carea' id='block_1_2' title="bbox 0 923 1440 1054">
    <p class='ocr_par' dir='ltr' id='par_1_3' title="bbox 0 923 1440 1054">
     <span class='ocr_line' id='line_1_11' title="bbox 0 923 1440 984; baseline 0.001 -17"><span class='ocrx_word' id='word_1_90' title='bbox 0 944 26 984; x_wconf 25' lang='grc' dir='ltr'>,μ</span> <span class='ocrx_word' id='word_1_91' title='bbox 58 923 159 982; x_wconf 88' lang='lat' dir='ltr'>quia</span> <span class='ocrx_word' id='word_1_92' title='bbox 180 924 259 967; x_wconf 78' lang='lat' dir='ltr'>ista</span> <span class='ocrx_word' id='word_1_93' title='bbox 280 925 514 967; x_wconf 79' lang='lat' dir='ltr'>noveram?</span> <span class='ocrx_word' id='word_1_94' title='bbox 529 923 625 968; x_wconf 89' lang='lat' dir='ltr'>Alio</span> <span class='ocrx_word' id='word_1_95' title='bbox 647 924 760 979; x_wconf 82' lang='lat' dir='ltr'>loco,</span> <span class='ocrx_word' id='word_1_96' title='bbox 781 925 958 984; x_wconf 85' lang='lat' dir='ltr'>quando</span> <span class='ocrx_word' id='word_1_97' title='bbox 978 940 1066 970; x_wconf 93' lang='lat' dir='ltr'>non</span> <span class='ocrx_word' id='word_1_98' title='bbox 1087 928 1238 969; x_wconf 87' lang='lat' dir='ltr'>Jovem</span> <span class='ocrx_word' id='word_1_99' title='bbox 1252 924 1440 984; x_wconf 83' lang='lat' dir='ltr'>lapidem</span> 
     </span>
     <span class='ocr_line' id='line_1_12' title="bbox 0 993 1438 1054; baseline 0.001 -17"><span class='ocrx_word' id='word_1_100' title='bbox 0 1028 4 1054; x_wconf 60' lang='lat'>3</span> <span class='ocrx_word' id='word_1_101' title='bbox 26 1019 29 1037; x_wconf 83' lang='grc'>;</span> <span class='ocrx_word' id='word_1_102' title='bbox 57 993 207 1037; x_wconf 85' lang='lat' dir='ltr'>induxi</span> <span class='ocrx_word' id='word_1_103' title='bbox 227 993 496 1054; x_wconf 83' lang='lat' dir='ltr'>loquentem,</span> <span class='ocrx_word' id='word_1_104' title='bbox 511 993 585 1038; x_wconf 90' lang='lat' dir='ltr'>sed</span> <span class='ocrx_word' id='word_1_105' title='bbox 603 1010 652 1038; x_wconf 89' lang='lat' dir='ltr'>ex</span> <span class='ocrx_word' id='word_1_106' title='bbox 674 1010 855 1054; x_wconf 86' lang='lat' dir='ltr'>persona</span> <span class='ocrx_word' id='word_1_107' title='bbox 874 1010 968 1039; x_wconf 79' lang='lat' dir='ltr'>mea</span> <span class='ocrx_word' id='word_1_108' title='bbox 990 995 1162 1039; x_wconf 88' lang='lat' dir='ltr'>locutus</span> <span class='ocrx_word' id='word_1_109' title='bbox 1180 1010 1291 1051; x_wconf 87' lang='lat' dir='ltr'>sum,</span> <span class='ocrx_word' id='word_1_110' title='bbox 1317 993 1404 1038; x_wconf 84' lang='lat' dir='ltr'>dixi</span> <span class='ocrx_word' id='word_1_111' title='bbox 1429 1013 1438 1038; x_wconf 75' lang='grc' dir='ltr'>ε</span> 
     </span>
    </p>
   </div>
   <div class='ocr_carea' id='block_1_3' title="bbox 389 287 1425 335">
    <p class='ocr_par' dir='ltr' id='par_1_4' title="bbox 389 287 1425 335">
     <span class='ocr_line' id='line_1_13' title="bbox 389 287 1425 335; baseline 0 -12"><span class='ocrx_word' id='word_1_112' title='bbox 389 298 526 324; x_wconf 72' lang='lat' dir='ltr'>sEnMo</span> <span class='ocrx_word' id='word_1_113' title='bbox 556 298 633 335; x_wconf 79' lang='lat' dir='ltr'>cv,</span> <span class='ocrx_word' id='word_1_114' title='bbox 670 299 722 324; x_wconf 80' lang='lat' dir='ltr'>DE</span> <span class='ocrx_word' id='word_1_115' title='bbox 756 297 901 326; x_wconf 65' lang='lat' dir='ltr'>viamus</span> <span class='ocrx_word' id='word_1_116' title='bbox 935 300 1027 326; x_wconf 81' lang='lat' dir='ltr'>Luc.</span> <span class='ocrx_word' id='word_1_117' title='bbox 1063 299 1124 325; x_wconf 77' lang='lat' dir='ltr'>XI.</span> <span class='ocrx_word' id='word_1_118' title='bbox 1350 287 1425 324; x_wconf 79' lang='lat'>581</span> 
     </span>
    </p>
   </div>
   <div class='ocr_carea' id='block_1_4' title="bbox 0 575 95 3178">
    <p class='ocr_par' dir='ltr' id='par_1_5' title="bbox 0 575 95 3178">
     <span class='ocr_line' id='line_1_14' title="bbox 0 575 49 805; baseline 0 -72"><span class='ocrx_word' id='word_1_119' title='bbox 0 575 49 805; x_wconf 95' lang='lat' dir='ltr'>   </span> 
     </span>
     <span class='ocr_line' id='line_1_15' title="bbox 0 805 49 936; baseline 0 0"><span class='ocrx_word' id='word_1_120' title='bbox 0 805 49 936; x_wconf 95' lang='lat' dir='ltr'>  </span> 
     </span>
     <span class='ocr_line' id='line_1_16' title="bbox 0 936 49 1014; baseline 0 2164"><span class='ocrx_word' id='word_1_121' title='bbox 0 936 49 1014; x_wconf 95' lang='lat' dir='ltr'> </span> 
     </span>
     <span class='ocr_line' id='line_1_17' title="bbox 0 1014 49 1280; baseline 0 0"><span class='ocrx_word' id='word_1_122' title='bbox 0 1014 49 1280; x_wconf 95' lang='lat' dir='ltr'>   </span> 
     </span>
     <span class='ocr_line' id='line_1_18' title="bbox 0 1280 54 1560; baseline 0 -140"><span class='ocrx_word' id='word_1_123' title='bbox 0 1280 54 1560; x_wconf 95' lang='lat' dir='ltr'>    </span> 
     </span>
     <span class='ocr_line' id='line_1_19' title="bbox 0 1560 71 1771; baseline 0 -68"><span class='ocrx_word' id='word_1_124' title='bbox 0 1560 71 1771; x_wconf 95' lang='lat' dir='ltr'>   </span> 
     </span>
     <span class='ocr_line' id='line_1_20' title="bbox 0 1771 90 1892; baseline 0 0"><span class='ocrx_word' id='word_1_125' title='bbox 0 1771 90 1892; x_wconf 95' lang='lat' dir='ltr'>   </span> 
     </span>
     <span class='ocr_line' id='line_1_21' title="bbox 53 1892 81 1989; baseline 0.321 -7"><span class='ocrx_word' id='word_1_126' title='bbox 53 1892 81 1989; x_wconf 95' lang='lat' dir='ltr'>  </span> 
     </span>
     <span class='ocr_line' id='line_1_22' title="bbox 62 2548 95 3178; baseline 0 -559"><span class='ocrx_word' id='word_1_127' title='bbox 62 2548 95 3178; x_wconf 95' lang='lat' dir='ltr'>  </span> 
     </span>
    </p>
   </div>
   <div class='ocr_carea' id='block_1_5' title="bbox 255 1102 933 1145">
    <p class='ocr_par' dir='ltr' id='par_1_6' title="bbox 255 1102 933 1145">
     <span class='ocr_line' id='line_1_23' title="bbox 255 1102 933 1145; baseline 0.001 -12"><span class='ocrx_word' id='word_1_128' title='bbox 255 1103 323 1133; x_wconf 83' lang='lat' dir='ltr'>Non</span> <span class='ocrx_word' id='word_1_129' title='bbox 338 1112 387 1134; x_wconf 86' lang='lat' dir='ltr'>res</span> <span class='ocrx_word' id='word_1_130' title='bbox 405 1104 553 1134; x_wconf 78' lang='lat' dir='ltr'>Romanae</span> <span class='ocrx_word' id='word_1_131' title='bbox 571 1102 780 1145; x_wconf 83' lang='lat' dir='ltr'>perituraque</span> <span class='ocrx_word' id='word_1_132' title='bbox 796 1113 893 1145; x_wconf 83' lang='lat' dir='ltr'>regna</span> <span class='ocrx_word' id='word_1_133' title='bbox 907 1110 933 1134; x_wconf 89' lang='lat'>¹.</span> 
     </span>
    </p>
   </div>
   <div class='ocr_carea' id='block_1_6' title="bbox 0 1179 1501 2588">
    <p class='ocr_par' dir='ltr' id='par_1_7' title="bbox 0 1179 1442 1396">
     <span class='ocr_line' id='line_1_24' title="bbox 0 1179 1442 1256; baseline -0.001 -21"><span class='ocrx_word' id='word_1_134' title='bbox 0 1179 12 1256; x_wconf 40' lang='lat' dir='ltr'>f</span> <span class='ocrx_word' id='word_1_135' title='bbox 58 1190 212 1235; x_wconf 89' lang='lat' dir='ltr'>Videte</span> <span class='ocrx_word' id='word_1_136' title='bbox 233 1191 334 1250; x_wconf 83' lang='lat' dir='ltr'>quia</span> <span class='ocrx_word' id='word_1_137' title='bbox 357 1190 444 1234; x_wconf 84' lang='lat' dir='ltr'>dixi</span> <span class='ocrx_word' id='word_1_138' title='bbox 472 1191 663 1249; x_wconf 85' lang='lat' dir='ltr'>peritura</span> <span class='ocrx_word' id='word_1_139' title='bbox 681 1206 828 1250; x_wconf 79' lang='lat' dir='ltr'>regna.</span> <span class='ocrx_word' id='word_1_140' title='bbox 854 1191 947 1236; x_wconf 85' lang='lat' dir='ltr'>Dixi</span> <span class='ocrx_word' id='word_1_141' title='bbox 969 1191 1159 1250; x_wconf 88' lang='lat' dir='ltr'>peritura</span> <span class='ocrx_word' id='word_1_142' title='bbox 1183 1205 1332 1250; x_wconf 76' lang='lat' dir='ltr'>regna,</span> <span class='ocrx_word' id='word_1_143' title='bbox 1353 1206 1442 1235; x_wconf 88' lang='lat' dir='ltr'>non</span> 
     </span>
     <span class='ocr_line' id='line_1_25' title="bbox 57 1261 1440 1322; baseline 0 -16"><span class='ocrx_word' id='word_1_144' title='bbox 57 1261 181 1306; x_wconf 86' lang='lat' dir='ltr'>tacui.</span> <span class='ocrx_word' id='word_1_145' title='bbox 210 1262 402 1305; x_wconf 85' lang='lat' dir='ltr'>Peritura</span> <span class='ocrx_word' id='word_1_146' title='bbox 420 1262 600 1306; x_wconf 85' lang='lat' dir='ltr'>veritate</span> <span class='ocrx_word' id='word_1_147' title='bbox 620 1277 709 1307; x_wconf 91' lang='lat' dir='ltr'>non</span> <span class='ocrx_word' id='word_1_148' title='bbox 726 1263 862 1307; x_wconf 85' lang='lat' dir='ltr'>tacuit</span> <span class='ocrx_word' id='word_1_149' title='bbox 885 1281 894 1307; x_wconf 79' lang='lat' dir='ltr'>z</span> <span class='ocrx_word' id='word_1_150' title='bbox 919 1277 1086 1322; x_wconf 82' lang='lat' dir='ltr'>semper</span> <span class='ocrx_word' id='word_1_151' title='bbox 1103 1277 1304 1307; x_wconf 87' lang='lat' dir='ltr'>mansura</span> <span class='ocrx_word' id='word_1_152' title='bbox 1327 1263 1440 1306; x_wconf 91' lang='lat' dir='ltr'>adu-</span> 
     </span>
     <span class='ocr_line' id='line_1_26' title="bbox 33 1332 440 1391; baseline -0.002 -14.075"><span class='ocrx_word' id='word_1_153' title='bbox 33 1362 37 1378; x_wconf 61' lang='lat'>&gt;</span> <span class='ocrx_word' id='word_1_154' title='bbox 55 1332 216 1377; x_wconf 89' lang='lat' dir='ltr'>latione</span> <span class='ocrx_word' id='word_1_155' title='bbox 231 1333 440 1391; x_wconf 84' lang='lat' dir='ltr'>promisit.</span> 
     </span>
    </p>

    <p class='ocr_par' dir='ltr' id='par_1_8' title="bbox 0 1394 1501 2588">
     <span class='ocr_line' id='line_1_27' title="bbox 5 1394 1440 1460; baseline 0 -14"><span class='ocrx_word' id='word_1_156' title='bbox 5 1394 18 1457; x_wconf 18' lang='grc' dir='ltr'>ξ’</span> <span class='ocrx_word' id='word_1_157' title='bbox 114 1405 194 1446; x_wconf 87' lang='lat' dir='ltr'>XI.</span> <span class='ocrx_word' id='word_1_158' title='bbox 227 1404 324 1448; x_wconf 87' lang='lat' dir='ltr'>Non</span> <span class='ocrx_word' id='word_1_159' title='bbox 372 1416 472 1460; x_wconf 82' lang='lat' dir='ltr'>ergo</span> <span class='ocrx_word' id='word_1_160' title='bbox 510 1401 762 1447; x_wconf 88' lang='lat' dir='ltr'>deficiamus</span> <span class='ocrx_word' id='word_1_161' title='bbox 776 1438 786 1458; x_wconf 84' lang='lat'>‚</span> <span class='ocrx_word' id='word_1_162' title='bbox 824 1402 977 1448; x_wconf 84' lang='lat' dir='ltr'>fratres</span> <span class='ocrx_word' id='word_1_163' title='bbox 1010 1422 1019 1448; x_wconf 90' lang='lat'>:</span> <span class='ocrx_word' id='word_1_164' title='bbox 1047 1403 1143 1447; x_wconf 90' lang='lat' dir='ltr'>finis</span> <span class='ocrx_word' id='word_1_165' title='bbox 1186 1404 1266 1447; x_wconf 87' lang='lat' dir='ltr'>erit</span> <span class='ocrx_word' id='word_1_166' title='bbox 1304 1412 1440 1447; x_wconf 88' lang='lat' dir='ltr'>terre-</span> 
     </span>
     <span class='ocr_line' id='line_1_28' title="bbox 6 1464 1501 1531; baseline -0.001 -14"><span class='ocrx_word' id='word_1_167' title='bbox 6 1464 19 1528; x_wconf 77' lang='lat' dir='ltr'>j²</span> <span class='ocrx_word' id='word_1_168' title='bbox 38 1498 39 1501; x_wconf 23' lang='grc' dir='ltr'>ι</span> <span class='ocrx_word' id='word_1_169' title='bbox 57 1473 121 1517; x_wconf 89' lang='lat' dir='ltr'>nis</span> <span class='ocrx_word' id='word_1_170' title='bbox 153 1473 355 1517; x_wconf 89' lang='lat' dir='ltr'>omnibus</span> <span class='ocrx_word' id='word_1_171' title='bbox 377 1472 534 1531; x_wconf 83' lang='lat' dir='ltr'>regnis.</span> <span class='ocrx_word' id='word_1_172' title='bbox 559 1476 684 1518; x_wconf 92' lang='lat' dir='ltr'>Nunc</span> <span class='ocrx_word' id='word_1_173' title='bbox 708 1474 742 1517; x_wconf 92' lang='lat' dir='ltr'>si</span> <span class='ocrx_word' id='word_1_174' title='bbox 770 1473 867 1516; x_wconf 84' lang='lat' dir='ltr'>finis</span> <span class='ocrx_word' id='word_1_175' title='bbox 896 1482 959 1517; x_wconf 88' lang='lat' dir='ltr'>est</span> <span class='ocrx_word' id='word_1_176' title='bbox 976 1509 987 1528; x_wconf 78' lang='lat'>,</span> <span class='ocrx_word' id='word_1_177' title='bbox 1012 1476 1127 1517; x_wconf 84' lang='lat' dir='ltr'>Deus</span> <span class='ocrx_word' id='word_1_178' title='bbox 1148 1473 1281 1518; x_wconf 86' lang='lat' dir='ltr'>videt.</span> <span class='ocrx_word' id='word_1_179' title='bbox 1309 1476 1440 1517; x_wconf 85' lang='lat' dir='ltr'>Forte</span> <span class='ocrx_word' id='word_1_180' title='bbox 1498 1473 1501 1475; x_wconf 75' lang='grc'><strong>’</strong></span> 
     </span>
     <span class='ocr_line' id='line_1_29' title="bbox 4 1543 1438 1603; baseline 0 -16"><span class='ocrx_word' id='word_1_181' title='bbox 4 1547 11 1567; x_wconf 73' lang='lat'>³</span> <span class='ocrx_word' id='word_1_182' title='bbox 42 1543 169 1588; x_wconf 50' lang='lat' dir='ltr'>«enirn</span> <span class='ocrx_word' id='word_1_183' title='bbox 195 1543 393 1587; x_wconf 84' lang='lat' dir='ltr'>nondum</span> <span class='ocrx_word' id='word_1_184' title='bbox 415 1551 501 1597; x_wconf 83' lang='lat' dir='ltr'>est,</span> <span class='ocrx_word' id='word_1_185' title='bbox 538 1552 579 1586; x_wconf 88' lang='lat' dir='ltr'>et</span> <span class='ocrx_word' id='word_1_186' title='bbox 600 1543 851 1587; x_wconf 86' lang='lat' dir='ltr'>infirmitate</span> <span class='ocrx_word' id='word_1_187' title='bbox 867 1544 1079 1603; x_wconf 87' lang='lat' dir='ltr'>quadam,</span> <span class='ocrx_word' id='word_1_188' title='bbox 1110 1543 1179 1589; x_wconf 88' lang='lat' dir='ltr'>vel</span> <span class='ocrx_word' id='word_1_189' title='bbox 1196 1543 1438 1588; x_wconf 81' lang='lat' dir='ltr'>misericor-</span> 
     </span>
     <span class='ocr_line' id='line_1_30' title="bbox 3 1612 1439 1674; baseline -0.001 -16"><span class='ocrx_word' id='word_1_190' title='bbox 3 1665 20 1674; x_wconf 80' lang='lat'>..</span> <span class='ocrx_word' id='word_1_191' title='bbox 42 1613 148 1668; x_wconf 8' lang='lat' dir='ltr'>adia,</span> <span class='ocrx_word' id='word_1_192' title='bbox 172 1613 240 1658; x_wconf 87' lang='lat' dir='ltr'>vel</span> <span class='ocrx_word' id='word_1_193' title='bbox 264 1614 432 1657; x_wconf 88' lang='lat' dir='ltr'>miseria</span> <span class='ocrx_word' id='word_1_194' title='bbox 453 1614 536 1658; x_wconf 83' lang='lat' dir='ltr'>hoc</span> <span class='ocrx_word' id='word_1_195' title='bbox 558 1623 760 1673; x_wconf 88' lang='lat' dir='ltr'>optamus</span> <span class='ocrx_word' id='word_1_196' title='bbox 775 1648 786 1668; x_wconf 82' lang='lat'>‚</span> <span class='ocrx_word' id='word_1_197' title='bbox 819 1623 869 1657; x_wconf 87' lang='lat' dir='ltr'>ut</span> <span class='ocrx_word' id='word_1_198' title='bbox 890 1612 1089 1658; x_wconf 88' lang='lat' dir='ltr'>nondum</span> <span class='ocrx_word' id='word_1_199' title='bbox 1106 1614 1161 1657; x_wconf 85' lang='lat' dir='ltr'>sit</span> <span class='ocrx_word' id='word_1_200' title='bbox 1188 1633 1197 1658; x_wconf 80' lang='lat' dir='ltr'>z</span> <span class='ocrx_word' id='word_1_201' title='bbox 1221 1613 1439 1673; x_wconf 84' lang='lat' dir='ltr'>numquid</span> 
     </span>
     <span class='ocr_line' id='line_1_31' title="bbox 75 1683 1439 1742; baseline -0.001 -14.092"><span class='ocrx_word' id='word_1_202' title='bbox 75 1699 200 1729; x_wconf 84' lang='lat' dir='ltr'>amen</span> <span class='ocrx_word' id='word_1_203' title='bbox 243 1684 342 1728; x_wconf 90' lang='lat' dir='ltr'>ideo</span> <span class='ocrx_word' id='word_1_204' title='bbox 381 1699 470 1728; x_wconf 91' lang='lat' dir='ltr'>non</span> <span class='ocrx_word' id='word_1_205' title='bbox 500 1684 616 1728; x_wconf 77' lang='lat' dir='ltr'>erit?</span> <span class='ocrx_word' id='word_1_206' title='bbox 659 1683 798 1742; x_wconf 85' lang='lat' dir='ltr'>Figite</span> <span class='ocrx_word' id='word_1_207' title='bbox 840 1698 959 1742; x_wconf 86' lang='lat' dir='ltr'>spem</span> <span class='ocrx_word' id='word_1_208' title='bbox 994 1684 1040 1726; x_wconf 93' lang='lat' dir='ltr'>in</span> <span class='ocrx_word' id='word_1_209' title='bbox 1077 1686 1216 1727; x_wconf 90' lang='lat' dir='ltr'>Deum</span> <span class='ocrx_word' id='word_1_210' title='bbox 1233 1718 1243 1738; x_wconf 81' lang='grc'>,</span> <span class='ocrx_word' id='word_1_211' title='bbox 1279 1693 1439 1727; x_wconf 88' lang='lat' dir='ltr'>aeterna</span> 
     </span>
     <span class='ocr_line' id='line_1_32' title="bbox 80 1754 1435 1814; baseline -0.001 -14.111"><span class='ocrx_word' id='word_1_212' title='bbox 80 1755 347 1814; x_wconf 89' lang='lat' dir='ltr'>oncupiscite</span> <span class='ocrx_word' id='word_1_213' title='bbox 365 1789 375 1809; x_wconf 82' lang='lat'>‚</span> <span class='ocrx_word' id='word_1_214' title='bbox 397 1763 558 1798; x_wconf 79' lang='lat' dir='ltr'>aeterna</span> <span class='ocrx_word' id='word_1_215' title='bbox 583 1764 821 1814; x_wconf 83' lang='lat' dir='ltr'>expectate.</span> <span class='ocrx_word' id='word_1_216' title='bbox 849 1754 1079 1799; x_wconf 83' lang='lat' dir='ltr'>Christiani</span> <span class='ocrx_word' id='word_1_217' title='bbox 1106 1755 1230 1809; x_wconf 82' lang='lat' dir='ltr'>estiS‚</span> <span class='ocrx_word' id='word_1_218' title='bbox 1256 1754 1408 1798; x_wconf 85' lang='lat' dir='ltr'>fratres</span> <span class='ocrx_word' id='word_1_219' title='bbox 1425 1789 1435 1808; x_wconf 84' lang='lat'><strong><em>,</em></strong></span> 
     </span>
     <span class='ocr_line' id='line_1_33' title="bbox 0 1823 1438 1884; baseline -0.001 -15"><span class='ocrx_word' id='word_1_220' title='bbox 0 1824 15 1839; x_wconf 51' lang='lat'><em>⁸</em></span> <span class='ocrx_word' id='word_1_221' title='bbox 34 1862 46 1884; x_wconf 55' lang='lat'>4</span> <span class='ocrx_word' id='word_1_222' title='bbox 92 1825 287 1869; x_wconf 86' lang='lat' dir='ltr'>hristiani</span> <span class='ocrx_word' id='word_1_223' title='bbox 305 1840 468 1868; x_wconf 88' lang='lat' dir='ltr'>sumus.</span> <span class='ocrx_word' id='word_1_224' title='bbox 481 1827 578 1869; x_wconf 90' lang='lat' dir='ltr'>Non</span> <span class='ocrx_word' id='word_1_225' title='bbox 597 1825 652 1869; x_wconf 88' lang='lat' dir='ltr'>ad</span> <span class='ocrx_word' id='word_1_226' title='bbox 672 1823 845 1868; x_wconf 86' lang='lat' dir='ltr'>delicias</span> <span class='ocrx_word' id='word_1_227' title='bbox 862 1824 1059 1869; x_wconf 85' lang='lat' dir='ltr'>Christus</span> <span class='ocrx_word' id='word_1_228' title='bbox 1081 1825 1126 1867; x_wconf 92' lang='lat' dir='ltr'>in</span> <span class='ocrx_word' id='word_1_229' title='bbox 1149 1831 1322 1868; x_wconf 85' lang='lat' dir='ltr'>carnem</span> <span class='ocrx_word' id='word_1_230' title='bbox 1340 1825 1438 1868; x_wconf 87' lang='lat' dir='ltr'>des—</span> 
     </span>
     <span class='ocr_line' id='line_1_34' title="bbox 28 1893 1439 1954; baseline -0.001 -14"><span class='ocrx_word' id='word_1_231' title='bbox 28 1916 52 1939; x_wconf 53' lang='lat' dir='ltr'>’J</span> <span class='ocrx_word' id='word_1_232' title='bbox 80 1895 201 1940; x_wconf 89' lang='lat' dir='ltr'>endit</span> <span class='ocrx_word' id='word_1_233' title='bbox 224 1915 232 1940; x_wconf 91' lang='lat'>:</span> <span class='ocrx_word' id='word_1_234' title='bbox 253 1895 486 1939; x_wconf 86' lang='lat' dir='ltr'>toleremus</span> <span class='ocrx_word' id='word_1_235' title='bbox 507 1895 653 1954; x_wconf 89' lang='lat' dir='ltr'>potius</span> <span class='ocrx_word' id='word_1_236' title='bbox 670 1896 899 1953; x_wconf 82' lang='lat' dir='ltr'>praesentia</span> <span class='ocrx_word' id='word_1_237' title='bbox 921 1910 1053 1954; x_wconf 87' lang='lat' dir='ltr'>quam</span> <span class='ocrx_word' id='word_1_238' title='bbox 1075 1893 1307 1953; x_wconf 84' lang='lat' dir='ltr'>diligamus</span> <span class='ocrx_word' id='word_1_239' title='bbox 1326 1914 1335 1939; x_wconf 73' lang='grc' dir='ltr'>ε</span> <span class='ocrx_word' id='word_1_240' title='bbox 1361 1895 1439 1938; x_wconf 89' lang='lat' dir='ltr'>ad-</span> 
     </span>
     <span class='ocr_line' id='line_1_35' title="bbox 50 1963 1440 2024; baseline -0.002 -13"><span class='ocrx_word' id='word_1_241' title='bbox 50 1984 53 2006; x_wconf 72' lang='lat'><em>÷</em></span> <span class='ocrx_word' id='word_1_242' title='bbox 83 1981 275 2011; x_wconf 87' lang='lat' dir='ltr'>ersorum</span> <span class='ocrx_word' id='word_1_243' title='bbox 287 1974 350 2009; x_wconf 82' lang='lat' dir='ltr'>est</span> <span class='ocrx_word' id='word_1_244' title='bbox 360 1963 585 2010; x_wconf 85' lang='lat' dir='ltr'>manifesta</span> <span class='ocrx_word' id='word_1_245' title='bbox 598 1965 823 2024; x_wconf 86' lang='lat' dir='ltr'>pernicies,</span> <span class='ocrx_word' id='word_1_246' title='bbox 835 1979 1142 2023; x_wconf 86' lang='lat' dir='ltr'>prosperorum</span> <span class='ocrx_word' id='word_1_247' title='bbox 1155 1963 1260 2008; x_wconf 87' lang='lat' dir='ltr'>falsa</span> <span class='ocrx_word' id='word_1_248' title='bbox 1268 1964 1440 2008; x_wconf 87' lang='lat' dir='ltr'>blandi-</span> 
     </span>
     <span class='ocr_line' id='line_1_36' title="bbox 13 2024 1436 2095; baseline -0.001 -14"><span class='ocrx_word' id='word_1_249' title='bbox 13 2024 49 2093; x_wconf 37' lang='grc' dir='ltr'>,Λὲ</span> <span class='ocrx_word' id='word_1_250' title='bbox 73 2038 146 2081; x_wconf 89' lang='lat' dir='ltr'>ies.</span> <span class='ocrx_word' id='word_1_251' title='bbox 161 2037 282 2081; x_wconf 87' lang='lat' dir='ltr'>Time</span> <span class='ocrx_word' id='word_1_252' title='bbox 295 2051 412 2080; x_wconf 87' lang='lat' dir='ltr'>marc</span> <span class='ocrx_word' id='word_1_253' title='bbox 426 2045 469 2080; x_wconf 90' lang='lat' dir='ltr'>et</span> <span class='ocrx_word' id='word_1_254' title='bbox 483 2035 660 2095; x_wconf 89' lang='lat' dir='ltr'>quando</span> <span class='ocrx_word' id='word_1_255' title='bbox 675 2034 854 2078; x_wconf 85' lang='lat' dir='ltr'>malacia</span> <span class='ocrx_word' id='word_1_256' title='bbox 869 2043 946 2078; x_wconf 90' lang='lat' dir='ltr'>est.</span> <span class='ocrx_word' id='word_1_257' title='bbox 969 2034 1160 2078; x_wconf 91' lang='lat' dir='ltr'>Omnino</span> <span class='ocrx_word' id='word_1_258' title='bbox 1176 2049 1265 2077; x_wconf 88' lang='lat' dir='ltr'>non</span> <span class='ocrx_word' id='word_1_259' title='bbox 1280 2032 1436 2079; x_wconf 82' lang='lat' dir='ltr'>frustra</span> 
     </span>
     <span class='ocr_line' id='line_1_37' title="bbox 0 2075 1435 2163; baseline -0.004 -10"><span class='ocrx_word' id='word_1_260' title='bbox 0 2075 48 2163; x_wconf 42' lang='lat' dir='ltr'>hil</span> <span class='ocrx_word' id='word_1_261' title='bbox 81 2106 302 2160; x_wconf 86' lang='lat' dir='ltr'>udiamus‚</span> <span class='ocrx_word' id='word_1_262' title='bbox 326 2107 504 2150; x_wconf 91' lang='lat' dir='ltr'>Sursum</span> <span class='ocrx_word' id='word_1_263' title='bbox 527 2121 616 2150; x_wconf 82' lang='lat' dir='ltr'>cor.</span> <span class='ocrx_word' id='word_1_264' title='bbox 638 2103 751 2158; x_wconf 89' lang='lat' dir='ltr'>Quid</span> <span class='ocrx_word' id='word_1_265' title='bbox 773 2104 973 2163; x_wconf 90' lang='lat' dir='ltr'>ponimus</span> <span class='ocrx_word' id='word_1_266' title='bbox 993 2123 1002 2148; x_wconf 79' lang='lat'>2</span> <span class='ocrx_word' id='word_1_267' title='bbox 1022 2104 1157 2148; x_wconf 87' lang='lat' dir='ltr'>corin</span> <span class='ocrx_word' id='word_1_268' title='bbox 1175 2112 1308 2157; x_wconf 78' lang='lat' dir='ltr'>terra,</span> <span class='ocrx_word' id='word_1_269' title='bbox 1335 2119 1435 2147; x_wconf 92' lang='lat' dir='ltr'>cum</span> 
     </span>
     <span class='ocr_line' id='line_1_38' title="bbox 0 2165 1436 2237; baseline -0.003 -15"><span class='ocrx_word' id='word_1_270' title='bbox 0 2165 57 2234; x_wconf 39' lang='lat' dir='ltr'>*iffi</span> <span class='ocrx_word' id='word_1_271' title='bbox 83 2178 279 2222; x_wconf 87' lang='lat' dir='ltr'>ideamus</span> <span class='ocrx_word' id='word_1_272' title='bbox 296 2177 398 2237; x_wconf 86' lang='lat' dir='ltr'>quia</span> <span class='ocrx_word' id='word_1_273' title='bbox 412 2176 622 2221; x_wconf 85' lang='lat' dir='ltr'>evertitur</span> <span class='ocrx_word' id='word_1_274' title='bbox 642 2177 787 2220; x_wconf 79' lang='lat' dir='ltr'>terra?</span> <span class='ocrx_word' id='word_1_275' title='bbox 807 2177 893 2220; x_wconf 90' lang='lat' dir='ltr'>Nos</span> <span class='ocrx_word' id='word_1_276' title='bbox 913 2190 1003 2219; x_wconf 90' lang='lat' dir='ltr'>non</span> <span class='ocrx_word' id='word_1_277' title='bbox 1020 2189 1245 2234; x_wconf 89' lang='lat' dir='ltr'>possumus</span> <span class='ocrx_word' id='word_1_278' title='bbox 1268 2175 1347 2218; x_wconf 88' lang='lat' dir='ltr'>nisi</span> <span class='ocrx_word' id='word_1_279' title='bbox 1364 2190 1436 2218; x_wconf 87' lang='lat' dir='ltr'>ex-</span> 
     </span>
     <span class='ocr_line' id='line_1_39' title="bbox 5 2228 1436 2308; baseline -0.003 -16"><span class='ocrx_word' id='word_1_280' title='bbox 5 2228 61 2308; x_wconf 60' lang='lat' dir='ltr'>Usi</span> <span class='ocrx_word' id='word_1_281' title='bbox 89 2247 219 2293; x_wconf 87' lang='lat' dir='ltr'>ortari</span> <span class='ocrx_word' id='word_1_282' title='bbox 252 2262 353 2302; x_wconf 85' lang='lat' dir='ltr'>vos,</span> <span class='ocrx_word' id='word_1_283' title='bbox 382 2256 431 2290; x_wconf 92' lang='lat' dir='ltr'>ut</span> <span class='ocrx_word' id='word_1_284' title='bbox 453 2246 648 2291; x_wconf 85' lang='lat' dir='ltr'>habeatis</span> <span class='ocrx_word' id='word_1_285' title='bbox 682 2244 802 2306; x_wconf 89' lang='lat' dir='ltr'>quod</span> <span class='ocrx_word' id='word_1_286' title='bbox 833 2244 1009 2301; x_wconf 78' lang='lat' dir='ltr'>dicatis,</span> <span class='ocrx_word' id='word_1_287' title='bbox 1045 2253 1087 2288; x_wconf 87' lang='lat' dir='ltr'>et</span> <span class='ocrx_word' id='word_1_288' title='bbox 1108 2243 1228 2304; x_wconf 91' lang='lat' dir='ltr'>quod</span> <span class='ocrx_word' id='word_1_289' title='bbox 1246 2259 1324 2303; x_wconf 92' lang='lat' dir='ltr'>pro</span> <span class='ocrx_word' id='word_1_290' title='bbox 1361 2260 1436 2304; x_wconf 91' lang='lat' dir='ltr'>spe</span> 
     </span>
     <span class='ocr_line' id='line_1_40' title="bbox 5 2309 1436 2381; baseline -0.003 -18"><span class='ocrx_word' id='word_1_291' title='bbox 5 2309 53 2381; x_wconf 37' lang='lat' dir='ltr'>‘fl</span> <span class='ocrx_word' id='word_1_292' title='bbox 84 2328 195 2362; x_wconf 84' lang='lat' dir='ltr'>estra</span> <span class='ocrx_word' id='word_1_293' title='bbox 232 2316 526 2377; x_wconf 84' lang='lat' dir='ltr'>respondeatis</span> <span class='ocrx_word' id='word_1_294' title='bbox 570 2315 900 2361; x_wconf 87' lang='lat' dir='ltr'>insultatoribus</span> <span class='ocrx_word' id='word_1_295' title='bbox 941 2325 984 2359; x_wconf 86' lang='lat' dir='ltr'>et</span> <span class='ocrx_word' id='word_1_296' title='bbox 1018 2314 1436 2374; x_wconf 86' lang='lat' dir='ltr'>blasphematoribus</span> 
     </span>
     <span class='ocr_line' id='line_1_41' title="bbox 0 2376 1436 2434; baseline -0.001 -3"><span class='ocrx_word' id='word_1_297' title='bbox 0 2376 31 2420; x_wconf 38' lang='lat' dir='ltr'>*iffi</span> <span class='ocrx_word' id='word_1_298' title='bbox 47 2403 65 2431; x_wconf 69' lang='lat' dir='ltr'>r</span> <span class='ocrx_word' id='word_1_299' title='bbox 89 2389 242 2434; x_wconf 90' lang='lat' dir='ltr'>ominis</span> <span class='ocrx_word' id='word_1_300' title='bbox 273 2387 507 2432; x_wconf 86' lang='lat' dir='ltr'>christiani.</span> <span class='ocrx_word' id='word_1_301' title='bbox 526 2389 663 2433; x_wconf 90' lang='lat' dir='ltr'>Nemo</span> <span class='ocrx_word' id='word_1_302' title='bbox 680 2402 755 2431; x_wconf 87' lang='lat' dir='ltr'>vos</span> <span class='ocrx_word' id='word_1_303' title='bbox 776 2384 1090 2430; x_wconf 85' lang='lat' dir='ltr'>murmurando</span> <span class='ocrx_word' id='word_1_304' title='bbox 1112 2394 1276 2430; x_wconf 86' lang='lat' dir='ltr'>avertat</span> <span class='ocrx_word' id='word_1_305' title='bbox 1297 2385 1352 2429; x_wconf 90' lang='lat' dir='ltr'>ab</span> <span class='ocrx_word' id='word_1_306' title='bbox 1369 2400 1436 2429; x_wconf 87' lang='lat' dir='ltr'>ex-</span> 
     </span>
     <span class='ocr_line' id='line_1_42' title="bbox 6 2455 1433 2517; baseline 0 -17"><span class='ocrx_word' id='word_1_307' title='bbox 6 2475 33 2499; x_wconf 65' lang='grc' dir='ltr'>ιιι</span> <span class='ocrx_word' id='word_1_308' title='bbox 47 2469 68 2502; x_wconf 67' lang='lat' dir='ltr'>tt</span> <span class='ocrx_word' id='word_1_309' title='bbox 113 2459 301 2504; x_wconf 85' lang='lat' dir='ltr'>ctatione</span> <span class='ocrx_word' id='word_1_310' title='bbox 315 2458 580 2503; x_wconf 86' lang='lat' dir='ltr'>futurorum.</span> <span class='ocrx_word' id='word_1_311' title='bbox 594 2459 756 2502; x_wconf 90' lang='lat' dir='ltr'>Omnes</span> <span class='ocrx_word' id='word_1_312' title='bbox 770 2458 845 2517; x_wconf 87' lang='lat' dir='ltr'>qui</span> <span class='ocrx_word' id='word_1_313' title='bbox 860 2466 1035 2516; x_wconf 88' lang='lat' dir='ltr'>propter</span> <span class='ocrx_word' id='word_1_314' title='bbox 1047 2456 1147 2500; x_wconf 85' lang='lat' dir='ltr'>istas</span> <span class='ocrx_word' id='word_1_315' title='bbox 1158 2455 1433 2501; x_wconf 83' lang='lat' dir='ltr'>adversitates</span> 
     </span>
     <span class='ocr_line' id='line_1_43' title="bbox 12 2523 1425 2588; baseline -0.002 -15"><span class='ocrx_word' id='word_1_316' title='bbox 12 2523 30 2557; x_wconf 48' lang='lat'>³5·</span> <span class='ocrx_word' id='word_1_317' title='bbox 52 2546 59 2562; x_wconf 56' lang='grc' dir='ltr'>ι’</span> <span class='ocrx_word' id='word_1_318' title='bbox 85 2528 357 2588; x_wconf 84' lang='lat' dir='ltr'>lasphemant</span> <span class='ocrx_word' id='word_1_319' title='bbox 391 2528 611 2573; x_wconf 88' lang='lat' dir='ltr'>Christum</span> <span class='ocrx_word' id='word_1_320' title='bbox 636 2536 830 2571; x_wconf 85' lang='lat' dir='ltr'>nostrum</span> <span class='ocrx_word' id='word_1_321' title='bbox 847 2562 858 2583; x_wconf 80' lang='lat'>‚</span> <span class='ocrx_word' id='word_1_322' title='bbox 882 2526 1019 2571; x_wconf 84' lang='lat' dir='ltr'>cauda</span> <span class='ocrx_word' id='word_1_323' title='bbox 1053 2525 1288 2585; x_wconf 86' lang='lat' dir='ltr'>scorpionis</span> <span class='ocrx_word' id='word_1_324' title='bbox 1310 2535 1425 2570; x_wconf 88' lang='lat' dir='ltr'>sunt.</span> 
     </span>
    </p>
   </div>
   <div class='ocr_carea' id='block_1_7' title="bbox 104 2623 561 2664">
    <p class='ocr_par' dir='ltr' id='par_1_9' title="bbox 104 2623 561 2664">
     <span class='ocr_line' id='line_1_44' title="bbox 104 2623 561 2664; baseline -0.007 -8"><span class='ocrx_word' id='word_1_325' title='bbox 104 2631 113 2647; x_wconf 86' lang='lat'><em>¹</em></span> <span class='ocrx_word' id='word_1_326' title='bbox 135 2626 247 2663; x_wconf 71' lang='lat' dir='ltr'>Georg.</span> <span class='ocrx_word' id='word_1_327' title='bbox 268 2623 321 2654; x_wconf 83' lang='lat' dir='ltr'>lib.</span> <span class='ocrx_word' id='word_1_328' title='bbox 341 2634 374 2663; x_wconf 86' lang='lat' dir='ltr'>n,</span> <span class='ocrx_word' id='word_1_329' title='bbox 390 2623 561 2664; x_wconf 67' lang='lat' dir='ltr'>vers.498.</span> 
     </span>
    </p>
   </div>
  </div>
 </body>
</html>
