1898 3178
346 199 484 226 szmvm
515 197 643 234 nvi,
678 198 732 223 DE
765 196 1011 225 rAsTonissUs
1042 197 1084 224 m
1118 198 1265 224 Ezsscu.
1441 188 1488 223 13

122 281 143 304 »
178 271 298 307 tuam
321 265 351 306 1.
384 280 404 303 »
436 261 697 320 Exemplum
724 261 849 306 nobis
882 262 1106 322 proposuit
1141 262 1188 305 in
1218 262 1491 321 passionibus

119 332 220 377 suis.

176 404 277 446 XII.
310 400 394 445 Sed
415 416 471 445 ne
491 401 537 444 in
558 398 716 444 futuris
739 401 1053 445 tentationibus
1075 401 1249 465 deliciat
1266 400 1463 445 infirmus
1481 423 1492 458 3

118 487 198 517 nec
217 470 322 515 falsa
339 486 413 530 spe
430 470 710 530 decipiendus
731 480 812 526 est,
828 486 908 515 nec
924 480 1087 515 terrore
1102 471 1406 531 frangendus².
1420 472 1495 516 Dic

118 543 157 585 ei
176 560 185 585 ι
208 544 439 600 «Praepara
456 541 644 584 animam
666 549 787 584 tuam
811 540 866 585 ad
887 541 1172 585 tentationem
1190 542 1251 585 ³.»
1279 541 1363 586 Sed
1383 541 1496 585 forte

118 612 269 671 incipit
291 612 393 666 labi,
418 612 748 656 contremiscere
764 646 775 666 ‚
800 611 917 655 nolle
935 610 1153 656 accedere.
1180 612 1323 656 Habes
1344 612 1460 656 aliud
1485 631 1494 656 ε

122 701 143 725 «
168 682 329 726 Fidelis
344 683 561 742 Dcus,qui
578 698 667 726 non
687 698 762 727 vos
775 682 886 726 sinat
907 683 1064 726 tentari
1086 697 1215 741 supra
1237 698 1368 741 quam
1386 681 1498 726 ferre

122 770 142 792 >›
165 751 360 811 potestis.
381 770 401 792 »
424 751 540 795 Illud
557 760 701 796 autem
718 752 993 811 promittere,
1019 761 1062 795 et
1083 750 1316 810 praedicare
1331 750 1500 796 futuras

118 822 363 881 passiones,
397 821 620 865 infirmum
650 823 907 866 confirmare
929 831 1006 866 est.
1037 822 1224 865 Timenti
1252 831 1396 865 autem
1428 823 1498 864 ni-

118 891 277 946 mium,
302 900 344 935 et
366 906 417 934 ex
438 891 521 935 hoc
552 890 780 946 deterrito,
806 907 907 935 cum
931 891 1145 950 polliceris
1163 890 1498 935 misericordiam

118 961 216 1015 Dei,
235 976 324 1005 non
341 961 443 1020 quia
462 961 722 1005 tentationes
747 961 946 1016 deerunt,
967 961 1041 1005 sed
1064 961 1165 1021 quia
1187 977 1275 1005 non
1291 961 1502 1020 permittit

120 1031 274 1074 tentari
303 1046 432 1089 supra
459 1046 591 1090 quam
613 1030 728 1074 ferre
752 1039 922 1089 potest,
952 1030 1139 1075 fractum
1161 1030 1364 1090 colligare
1390 1032 1495 1074 est4.

121 1103 231 1145 Sunt
251 1100 365 1144 enim
387 1102 463 1160 qui
485 1116 585 1144 cum
608 1101 824 1145 audierint
848 1111 1051 1146 venturas
1078 1101 1403 1157 tribulationes,
1429 1118 1500 1145 ar·-

119 1179 241 1213 mant
275 1185 318 1212 se
352 1170 512 1225 magis,
550 1179 593 1212 et
623 1170 745 1228 quasi
770 1179 921 1227 potum
961 1185 1088 1213 suum
1110 1170 1262 1212 sitiunt
1288 1188 1296 1212 :
1323 1185 1499 1228 parvam

119 1239 233 1282 enim
249 1238 330 1281 sibi
345 1246 500 1296 putant
511 1236 704 1280 fidelium
722 1237 996 1292 medicinam,
1013 1237 1085 1282 sed
1107 1247 1311 1298 quaerunt
1330 1248 1372 1282 et
1390 1255 1502 1283 mar-

119 1318 268 1366 tyrum
286 1307 479 1365 gloriam.
509 1309 618 1350 Sunt
640 1315 785 1350 autem
805 1305 877 1350 alii
899 1307 976 1366 qui
998 1307 1156 1351 auditis
1173 1306 1331 1351 futuris
1355 1317 1398 1351 et
1420 1324 1499 1352 ne-

119 1379 302 1423 cessario
320 1376 595 1420 venientibus
616 1376 950 1432 tentationibus,
992 1393 1100 1436 quas
1134 1378 1306 1437 proprie
1328 1387 1500 1436 oportet

119 1449 265 1492 venire
285 1448 552 1505 Christiano,
575 1463 681 1507 quas
698 1463 826 1491 nemo
842 1448 986 1503 sentit,
1012 1449 1092 1492 nisi
1109 1449 1184 1508 qui
1202 1448 1389 1493 voluerit
1411 1465 1500 1493 esse

120 1517 502 1563 vere'Christianus
522 1536 530 1561 :
556 1517 884 1561 imminentibus
907 1532 1008 1576 ergo
1032 1518 1114 1561 sibi
1131 1518 1366 1578 aliquibus,
1388 1519 1500 1563 fran-

121 1597 282 1646 guntur
314 1597 357 1632 et
378 1586 639 1631 claudicant.
671 1587 792 1630 Affer
814 1587 1120 1632 consolationis
1147 1588 1497 1648 alligamentum,

122 1657 248 1716 alliga
276 1656 396 1717 quod
417 1657 605 1707 fractum
635 1665 713 1700 est.
739 1657 815 1700 Dic
839 1660 928 1702 :Ne
953 1658 1124 1713 timeas,
1151 1674 1240 1703 non
1273 1658 1428 1703 deserit
1456 1660 1501 1703 in

122 1727 435 1772 tentationibus
457 1726 530 1770 ille
546 1728 590 1769 in
615 1742 748 1786 quem
764 1727 983 1771 credidisti
1005 1748 1014 1772 :
1039 1728 1176 1773 fidelis
1198 1732 1312 1773 Deus
1330 1765 1341 1784 ,
1356 1731 1432 1790 qui
1459 1740 1501 1774 te

121 1812 211 1841 non
232 1797 332 1840 sinit
348 1796 505 1840 tentari
519 1811 648 1855 supra
666 1811 797 1855 quam
810 1806 932 1856 potes
945 1798 1073 1841 ferre.
1093 1801 1189 1843 Non
1205 1800 1287 1843 hoc
1298 1815 1321 1842 a
1336 1815 1405 1842 me
1420 1815 1500 1843 au-

123 1867 187 1911 dis
202 1902 214 1921 ,
236 1866 469 1926 Apostolus
494 1867 625 1910 dicit:
647 1867 722 1926 qui
746 1867 876 1910 etiam
903 1866 1034 1911 dicit:
1055 1872 1158 1913 «An
1184 1869 1312 1914 vultis
1338 1870 1502 1929 experi-

125 1956 146 1979 »
181 1946 376 1981 mentum
395 1939 485 1997 ejus
508 1937 702 1996 accipere
719 1972 730 1992 ,
748 1938 824 1997 qui
841 1939 886 1981 in
905 1954 974 1982 me
992 1938 1187 1999 loquitur
1202 1941 1397 1985 Christus
1411 1943 1458 1984 ⁵?
1480 1962 1497 1982 »

125 2010 228 2051 Haec
253 2022 355 2066 ergo
379 2022 479 2051 cum
505 2007 649 2064 audis,
678 2007 841 2066 abipso
865 2008 1039 2053 Christo
1060 2009 1181 2053 audis
1204 2029 1211 2054 :
1240 2010 1362 2054 audis
1386 2020 1429 2054 et
1447 2011 1501 2054 ab

124 2075 199 2120 illo
217 2085 387 2135 pastore
408 2077 484 2135 qui
500 2076 634 2134 pascit
646 2076 792 2120 lsraet
812 2077 879 2120 Illi
904 2079 1019 2122 enim
1039 2078 1207 2123 dictum
1226 2089 1313 2125 est:
1335 2099 1355 2122 «
1372 2084 1502 2124 Pota-

128 2163 149 2186 »
167 2146 230 2189 bis
244 2161 314 2190 eos
328 2147 374 2190 in
385 2145 602 2202 lacrymis,
619 2146 663 2188 in
677 2148 918 2189 mensura⁶.
931 2165 948 2186 »
965 2149 1093 2198 Quod
1106 2150 1222 2190 enim
1236 2151 1294 2191 ait
1313 2153 1502 2208 Aposto-

126 2214 220 2258 lus:
243 2234 263 2256 «
276 2218 373 2259 Non
385 2216 486 2259 sinit
502 2215 657 2258 tentari
668 2230 797 2274 supra
814 2231 946 2275 quam
961 2214 1072 2259 ferre
1084 2218 1261 2276 potestis
1281 2239 1289 2261 ι
1309 2236 1328 2258 »
1341 2219 1424 2262 hoc
1446 2221 1503 2264 ait

129 2285 360 2343 Propheta,
378 2303 398 2325 «
414 2287 466 2327 In
483 2299 699 2328 mensura.
716 2303 735 2325 »
757 2287 944 2347 Tantum
969 2295 1018 2329 tu
1029 2286 1119 2331 noli
1133 2287 1349 2331 dimittere
1369 2290 1503 2333 corri-

176 2409 185 2425 ¹
210 2403 289 2435 Psal.
306 2415 342 2445 ιι,
358 2403 389 2436 8.
412 2420 450 2425 -
467 2410 479 2425 ²
500 2403 606 2436 Florus
624 2403 664 2435 ad
686 2414 696 2434 1
718 2405 788 2435 Cor.
817 2415 849 2435 x.
865 2420 906 2427 --
926 2403 939 2428 3
958 2404 1109 2446 Eceli.11,
1126 2405 1244 2436 1.—4
1267 2418 1279 2438 1
1306 2409 1377 2440 Cor.
1394 2418 1426 2449 x,
1450 2410 1500 2441 13.

132 2475 171 2482 --
191 2456 206 2481 5
224 2468 243 2491 2
263 2462 334 2492 Cor.
352 2470 422 2500 xiii,
444 2459 474 2491 3.
496 2475 537 2481 —
555 2456 570 2482 6
588 2459 666 2494 Psal,
684 2469 789 2500 unx,
807 2459 841 2491 6.
