1898 3178
366 225 416 261 12
794 231 826 261 s.
864 232 1094 263 Acousmm
1127 235 1309 264 EPISCOPI

361 300 423 343 vis
445 298 499 341 ab
516 297 604 342 istis
620 298 839 342 laboribus
856 308 1083 359 exceptum
1100 314 1188 345 esse
1201 300 1494 345 Christianum
1509 299 1614 360 ?qui
1635 301 1736 360 quia

361 369 628 413 Christianus
652 377 736 423 est,
762 367 929 428 aliquid
954 369 1052 428 plus
1081 385 1280 428 passurus
1302 379 1365 413 est
1385 371 1431 412 in
1451 370 1535 414 hoc
1558 370 1733 414 saeculo.

361 439 534 482 Etenim
560 439 618 482 ait
639 438 868 497 Apostolus
890 458 900 483 ι
925 458 945 481 «
964 441 1123 484 Omnes
1141 441 1217 499 qui
1237 440 1392 485 volunt
1412 440 1458 483 in
1479 441 1651 485 Christo
1667 440 1739 500 pie

364 526 383 549 »
420 509 582 563 vivere,
618 510 960 567 persecutionem
990 511 1223 569 patientur.
1253 529 1273 551 »
1297 513 1394 553 Jam
1418 511 1451 553 si
1471 510 1553 553 tibi
1574 509 1737 569 placet,

362 593 387 621 o
405 587 574 637 pastor,
597 587 669 621 tua
687 594 887 638 quaerens
904 613 914 633 ,
941 595 1030 624 non
1046 595 1145 639 quae
1168 582 1271 623 Jesu
1288 580 1471 634 Christi,
1497 578 1570 623 ille
1591 579 1708 622 dicat
1727 597 1737 622 ε

366 667 384 688 κ
419 650 578 692 Omnes
596 649 671 708 qui
693 648 847 692 volunt
865 650 909 693 in
929 650 1101 694 Christo
1120 651 1189 709 pie
1210 651 1369 703 vivere,
1397 650 1742 708 persecutionem

365 736 383 758 »
420 719 659 776 patientur¹
679 738 686 763 :
703 738 721 759 »
746 728 788 762 et
810 728 859 763 tu
876 720 968 763 dic:
989 720 1030 764 Si
1045 719 1232 763 volueris
1246 720 1290 762 in
1308 720 1480 764 Christo
1494 720 1563 778 pie
1579 719 1738 773 vivere,

361 788 651 833 abundabunt
673 790 751 833 tibi
769 791 912 834 omnia
931 790 1044 834 bona
1062 811 1072 846 3
1093 800 1136 834 et
1154 791 1187 834 si
1211 790 1320 834 filios
1342 806 1431 834 non
1449 790 1595 844 habes,
1612 789 1743 833 susci-

360 860 470 918 pies,
498 869 539 902 et
572 861 760 904 enutries
798 876 946 905 omnes
965 897 975 915 ,
1009 876 1137 905 nemo
1169 862 1248 904 tibi
1281 861 1504 905 morietur.
1539 859 1742 904 Haeccine

361 938 424 972 est
441 929 667 974 aedificatio
690 933 797 975 tua?
819 931 1008 975 Attende
1029 931 1137 991 quid
1158 930 1308 986 facias,
1334 931 1411 974 ubi
1434 946 1592 989 ponas:
1613 944 1743 988 super

361 1015 534 1044 arenam
554 1010 616 1044 est
634 1016 764 1060 quem
783 1002 1028 1056 constituis,
1049 1010 1258 1045 venturus
1280 1010 1343 1044 est
1361 1001 1499 1044 imber
1516 1036 1527 1055 ,
1547 1001 1742 1044 influxu-

361 1085 433 1112 rus
455 1080 515 1113 est
540 1070 719 1125 fluvius,
746 1071 928 1114 flaturus
958 1080 1021 1114 est
1051 1080 1228 1122 ventus,
1263 1080 1305 1114 et
1328 1071 1573 1129 impingent
1595 1071 1640 1113 in
1668 1070 1744 1114 do-

361 1153 479 1181 mum
500 1140 621 1181 istam
640 1173 650 1191 ,
678 1149 719 1182 et
739 1139 887 1192 cadet,
913 1148 956 1181 et
977 1140 1052 1182 fiet
1071 1141 1193 1182 ruina
1221 1141 1312 1198 ejus
1330 1143 1524 1196 magna2.
1552 1143 1665 1184 Leva
1689 1138 1743 1183 de

361 1223 488 1251 arena
506 1242 516 1260 ,
543 1222 655 1266 pone
678 1223 806 1266 supra
829 1216 996 1265 petram
1020 1227 1028 1251 z
1059 1209 1103 1250 in
1126 1209 1298 1252 Christo
1320 1209 1373 1252 sit
1405 1223 1536 1267 quem
1565 1209 1628 1252 vis
1654 1224 1743 1252 esse

361 1277 694 1321 Christianumss.
716 1277 905 1320 Attende
938 1278 991 1320 ad
1014 1277 1229 1334 passiones
1261 1277 1447 1331 Christi,
1484 1278 1660 1322 attende
1689 1279 1744 1322 ad

361 1345 485 1390 illum
507 1347 597 1390 sine
620 1345 709 1390 ullo
723 1357 917 1406 peccato,
934 1363 1032 1407 quae
1054 1363 1143 1391 non
1158 1349 1317 1406 rapuit,
1336 1348 1607 1392 exolventem
1622 1351 1638 1374 4
1655 1368 1663 1393 :
1683 1358 1744 1393 at·

363 1416 492 1459 tende
509 1416 774 1474 Scripturam
789 1416 1005 1460 dicentem
1021 1417 1100 1460 tibi
1117 1436 1126 1460 ι
1143 1436 1162 1457 «
1175 1417 1384 1475 Flagellat
1400 1428 1543 1462 autem
1568 1433 1742 1462 omnem

365 1504 385 1527 >›
421 1486 559 1530 filium
583 1502 712 1546 quem
738 1488 932 1546 recipit⁵.
961 1506 981 1528 »
1003 1490 1059 1531 Et
1076 1502 1176 1545 para
1207 1497 1249 1531 te
1272 1487 1507 1545 flagellari,
1534 1496 1609 1531 aut
1628 1497 1743 1532 certe

363 1573 450 1601 non
464 1573 631 1617 quaeras
650 1558 794 1617 recipi.
811 1577 830 1599 «
845 1557 1056 1617 Flagellat
1074 1567 1233 1612 autem,
1246 1552 1407 1618 inquit,
1418 1574 1591 1602 omnem
1605 1559 1742 1602 filium

366 1646 386 1668 »
422 1644 553 1687 quem
571 1628 771 1686 recipit.»
801 1631 855 1671 Et
878 1637 925 1671 tu
950 1626 1060 1671 forte
1079 1637 1280 1686 exceptus
1298 1629 1412 1672 eris?
1432 1629 1473 1672 Si
1496 1638 1698 1687 exceptus
1721 1644 1743 1672 a

363 1697 556 1755 passione
583 1697 871 1755 flagellorum,
888 1700 1092 1755 exceptus
1115 1713 1138 1741 a
1156 1713 1338 1741 numero
1356 1697 1560 1741 filiorum.
1588 1701 1740 1753 Ita-ne,

363 1768 550 1826 inquies,
576 1767 765 1825 flagellat
782 1783 955 1811 ornnem
973 1767 1142 1811 filium?
1163 1772 1339 1812 Prorsus
1358 1769 1417 1812 ita
1440 1767 1629 1825 flagellat
1647 1784 1743 1812 om-

364 1854 464 1882 nem
486 1839 646 1892 filium,
671 1849 719 1883 ut
738 1848 781 1883 et
811 1840 1008 1884 Unicum.
1037 1839 1197 1883 Unicus
1221 1839 1293 1882 ille
1310 1839 1364 1882 de
1389 1839 1524 1883 Patris
1546 1840 1745 1883 substan-

364 1909 422 1951 tia
446 1917 594 1962 natus,
620 1907 798 1967 aequalis
822 1909 937 1952 Patri
959 1909 1005 1951 in
1026 1907 1165 1952 forma
1185 1909 1281 1961 Dei,
1303 1908 1494 1951 Verbum
1514 1923 1590 1966 per
1613 1924 1743 1967 quem

363 1977 475 2021 facta
510 1988 611 2022 sunt
643 1979 816 2022 omnia⁰
832 2014 842 2033 ‚
867 1994 957 2022 non
979 1978 1170 2021 habebat
1192 1977 1310 2021 unde
1333 1977 1624 2035 flagellaretur
1646 1997 1655 2022 ι
1690 1979 1744 2022 ad

363 2049 446 2091 hoc
469 2062 597 2091 carne
620 2049 798 2092 indutus
815 2057 894 2101 est,
911 2056 961 2091 ut
983 2048 1073 2091 sine
1090 2047 1260 2103 flagello
1283 2062 1371 2090 non
1389 2055 1512 2090 esset.
1539 2047 1624 2098 Qui
1644 2061 1745 2104 ergo

365 2117 555 2174 flagellat
578 2119 762 2161 Unicum
784 2118 875 2158 sine
898 2125 1092 2173 peccato,
1119 2113 1335 2172 numquid
1353 2114 1560 2174 relinquit
1579 2115 1746 2174 adopti-

363 2201 465 2229 vum
485 2201 585 2229 cum
608 2187 876 2244 peceato?1n
899 2184 1178 2243 adoptionem
1201 2193 1375 2228 vocatos
1393 2200 1482 2228 non
1498 2199 1587 2228 esse
1609 2189 1746 2244 Apos-

365 2255 478 2299 tolus
507 2254 624 2298 dicit.
650 2254 942 2313 Adoptionem
964 2254 1153 2298 filiorum
1182 2254 1450 2312 accepimus,
1481 2263 1531 2298 ut
1558 2270 1744 2300 essemus

367 2325 488 2368 Unici
517 2323 785 2379 cohaeredes,
819 2338 1004 2367 essemus
1026 2324 1155 2366 etiam
1176 2322 1406 2367 haereditas
1429 2326 1522 2384 ejus
1537 2326 1567 2367 ⁷.
1597 2343 1618 2365 «
1646 2328 1746 2369 Pos-

369 2411 390 2434 »
426 2392 515 2436 tula
533 2427 543 2446 ,
573 2393 743 2451 inquit,
769 2409 793 2437 a
814 2408 909 2448 me,
946 2402 989 2436 et
1015 2393 1130 2436 dabo
1163 2393 1243 2436 tibi
1267 2402 1414 2451 gentes
1442 2392 1744 2438 haereditatem

415 2495 424 2509 ¹
453 2496 471 2519 2
489 2488 568 2519 Tim.
589 2498 634 2528 111,
658 2496 707 2519 12.
727 2504 769 2510 —-
786 2495 798 2510 ²
817 2488 934 2520 Mauh.
955 2499 1011 2527 vn,
1035 2497 1084 2520 12.
1101 2505 1142 2510 —
1162 2486 1174 2510 3
1193 2488 1299 2520 Florus
1313 2489 1352 2520 ad
1372 2488 1470 2520 Hebr.
1492 2500 1547 2521 χιι.
1569 2506 1610 2512 -
1625 2489 1640 2518 4
1659 2489 1742 2522 Psal.

366 2554 479 2583 turni,
502 2543 531 2574 5.
554 2560 593 2566 —-
618 2541 633 2566 5
648 2543 744 2575 Hebr.
765 2555 820 2583 xn,
838 2545 870 2575 6.
888 2561 929 2566 —-
944 2542 959 2566 6
977 2546 1068 2576 Joan.
1088 2556 1108 2577 1,
1130 2545 1159 2577 3.
1183 2561 1223 2568 —-
1238 2552 1250 2576 7
1273 2545 1373 2577 Galat.
1393 2555 1439 2584 iv,
1462 2545 1492 2577 5.
