1898 3178
416 264 498 302 358
808 310 811 312 Ι
853 271 885 299 s.
923 272 1152 301 Aucus'rim
1184 274 1365 301 muscom

417 339 570 399 pulum
599 338 790 392 duxerit,
824 335 963 394 legem
987 338 1224 397 acceperit,
1249 353 1380 398 quam
1413 338 1508 396 ipso
1526 337 1690 397 populo
1714 336 1794 382 de·
1834 343 1835 346 ’
1885 352 1895 378 τ

417 410 571 454 dei-11¹.
596 411 700 452 Erat
721 406 838 451 unde
860 406 1138 453 extolleretur
1162 424 1265 467 gens
1285 411 1309 452 J
1317 408 1438 452 udaea
1455 444 1465 463 ‚
1492 417 1534 452 et
1560 423 1638 467 per
1662 409 1797 467 ipsam
1834 430 1836 438 ν

415 480 663 540 superbiam
686 478 849 523 sactum
872 488 935 523 est
950 514 961 534 ‚
981 488 1030 523 ut
1046 479 1218 524 Christo
1240 479 1376 523 nollet
1392 479 1612 523 humiliari
1631 479 1798 523 auctori
1834 515 1835 539 ἶ

416 550 674 596 humilitatis
689 585 700 605 ,
725 551 953 609 repressori
973 551 1152 596 tumoris
1168 586 1179 605 ,
1203 550 1373 595 medico
1397 554 1501 606 Deo,
1520 551 1597 611 qui
1622 559 1800 610 propter
1833 549 1836 556 ⁴

419 624 501 666 hoc
519 656 530 677 ‚
556 636 658 665 cum
680 624 792 665 Deus
814 631 924 666 esset
939 657 950 677 ‚
987 622 1120 666 homo
1142 621 1280 665 factus
1309 631 1395 676 est,
1420 631 1470 666 ut
1497 637 1540 665 se
1562 623 1694 665 homo
1716 622 1800 666 ho-

418 693 581 736 minem
610 701 902 751 cognosceret.
935 695 1093 751 Magna
1126 692 1355 736 medicina.
1392 694 1496 736 Haec
1524 690 1736 736 medicina
1764 693 1800 736 si

414 762 660 822 superbiam
683 778 771 806 non
794 771 942 817 curat,
963 763 1069 822 quid
1089 777 1182 806 eam
1206 771 1327 806 curet
1344 763 1488 806 nescio
1514 765 1627 806 Deus
1645 771 1732 816 est,
1757 771 1801 806 et

417 834 467 877 fit
488 834 620 877 homo
642 853 651 878 z
672 833 841 892 seponit
862 833 1162 887 Divinitatem‚
1189 832 1234 876 id
1256 841 1319 877 est
1333 867 1345 888 ,
1366 832 1558 893 quodam
1579 832 1711 876 modo
1733 847 1801 876 se-

418 913 627 965 questrat,
648 904 731 948 hoc
754 913 832 959 est,
859 903 1049 948 occultat
1066 902 1185 963 quod
1203 919 1331 947 suum
1354 913 1466 958 erat,
1486 912 1665 963 apparet
1681 902 1802 963 quod
1879 921 1898 949 zi

420 984 659 1035 acceperat.
682 975 747 1018 Fit
764 973 836 1018 ille
852 975 1008 1029 homo,
1029 989 1129 1018 cum
1153 974 1206 1017 sit
1227 977 1365 1019 Deus:
1385 984 1428 1018 et
1442 990 1531 1019 non
1544 989 1587 1018 se
1609 975 1804 1033 agnoscit

419 1048 551 1091 homo
574 1046 811 1101 hominem,
829 1045 874 1089 id
891 1055 975 1100 est,
1001 1060 1090 1089 non
1105 1060 1148 1088 se
1163 1044 1388 1089 mortalem
1412 1045 1627 1104 agnoscit,
1653 1060 1742 1089 non
1759 1059 1802 1088 se

419 1118 612 1177 agnoscit
646 1116 867 1175 fragilem,
899 1133 989 1162 non
1017 1132 1060 1161 se
1092 1117 1286 1176 agnoscit
1319 1127 1613 1176 peccatorem,
1639 1132 1729 1160 non
1761 1132 1804 1159 se

421 1190 613 1247 agnoscit
634 1197 846 1247 aegrotum
863 1223 873 1243 ,
898 1197 948 1232 ut
970 1197 1138 1248 quaerat
1158 1188 1227 1232 vel
1241 1197 1428 1245 aegrotus
1452 1188 1672 1232 medicum
1693 1206 1702 1232 z
1728 1187 1803 1231 sed

419 1261 540 1322 quod
559 1270 623 1304 est
644 1259 949 1319 periculosius,
975 1276 1104 1304 sanus
1125 1260 1207 1304 sibi
1228 1259 1414 1305 videtur.

473 1334 577 1377 XII.
603 1334 719 1390 Ergo
743 1340 918 1391 propter
934 1332 1017 1376 hoc
1040 1330 1112 1375 ille
1132 1330 1319 1390 populus
1339 1346 1427 1375 non
1444 1330 1641 1383 accessit,
1658 1328 1704 1373 id
1722 1339 1802 1384 est,

419 1412 598 1463 propter
619 1403 867 1461 superbiam
886 1421 894 1446 :
920 1411 962 1445 et
985 1402 1090 1446 dicti
1111 1412 1213 1446 sunt
1230 1417 1280 1445 ex
1298 1402 1452 1445 arbore
1470 1400 1576 1445 oleae
1590 1436 1601 1455 ‚
1622 1401 1705 1445 hoc
1723 1410 1801 1456 est,

420 1475 475 1518 de
496 1473 571 1518 illo
590 1474 755 1532 populo
772 1489 794 1516 a
817 1473 1076 1517 Patriarchis
1098 1482 1258 1527 creato,
1284 1471 1410 1517 fracti
1433 1472 1540 1516 rami
1562 1472 1803 1527 naturales,

418 1543 464 1588 id
483 1554 568 1599 est,
595 1547 619 1588 J
626 1544 739 1588 udaei
767 1543 921 1587 merito
951 1542 1115 1588 steriles
1147 1543 1300 1602 spiritu
1329 1543 1566 1602 superbiae3
1597 1551 1639 1586 et
1666 1543 1711 1586 in
1734 1541 1807 1586 illa

418 1616 513 1660 olea
534 1615 721 1658 insertus
745 1623 808 1656 est
831 1612 1026 1657 oleaster.
1060 1612 1253 1657 Oleaster
1271 1612 1458 1672 populus
1480 1628 1531 1656 ex
1554 1612 1754 1671 gentibus
1770 1616 1804 1656 ².

427 1686 495 1730 Sic
517 1683 620 1728 dicit
634 1682 890 1742 ‘Apostolus‚
906 1682 1026 1743 quod
1043 1683 1225 1728 oleaster
1241 1683 1425 1728 insertus
1441 1683 1492 1726 sit
1511 1683 1556 1727 in
1571 1681 1679 1736 olea,
1701 1682 1808 1726 rami
1874 1700 1898 1726 π

423 1765 569 1801 autem
586 1754 805 1799 naturales
823 1753 948 1798 fracti
966 1755 1066 1798 sint.
1090 1754 1159 1798 Illi
1189 1753 1314 1798 fracti
1334 1763 1511 1814 propter
1534 1752 1805 1812 superbiam:
1844 1791 1846 1793 .
1873 1777 1884 1792 ⁴-.

422 1827 606 1870 insertus
629 1826 811 1869 oleaster
831 1834 1009 1884 propter
1026 1823 1333 1868 humilitatem.
1363 1827 1484 1867 Hanc
1512 1823 1806 1866 humilitatem

422 1894 681 1940 ostendebat
702 1894 875 1948 mulier,
901 1893 1076 1937 dicens:
1102 1912 1122 1934 «
1145 1896 1210 1936 Ita
1226 1928 1236 1947 ,
1262 1893 1471 1947 Domine,
1502 1913 1518 1934 »
1545 1892 1662 1936 canis
1685 1908 1804 1947 sum,
1856 1916 1884 1934 ,.

423 1967 553 2011 micas
589 1965 801 2010 desidero.
837 1968 886 2009 In
921 1966 1002 2009 hac.
1037 1964 1284 2008 humilitate
1326 1963 1455 2008 etiam
1486 1964 1695 2008 Centurio
1735 1963 1808 2007 ille

422 2108 585 2162 curari,
607 2116 649 2151 et
667 2107 876 2151 Dominus
894 2105 1056 2149 diceret
1073 2124 1082 2150 ε
1103 2124 1124 2147 «
1140 2108 1232 2163 Ego
1248 2106 1417 2150 veniam
1437 2114 1479 2149 et
1501 2105 1665 2149 curabo
1677 2120 1778 2148 eum
1794 2125 1806 2163 3

420 2037 586 2097 placuit
613 2056 622 2082 ;
657 2036 734 2096 qui
765 2051 865 2079 cum
897 2034 1161 2078 desideraret
1193 2049 1377 2093 puerum
1408 2049 1536 2078 suum
1567 2049 1590 2078 a
1623 2020 1835 2251 Domino,
1873 2045 1898 2085 -252

427 2198 446 2221 »
474 2177 696 2238 respondit
712 2176 786 2221 ille
803 2193 811 2218 :
828 2176 1027 2231 Domine,
1048 2191 1138 2220 non
1158 2191 1254 2220 sum
1273 2175 1430 2234 dignus
1448 2177 1525 2236 qui
1541 2175 1622 2219 sub
1644 2184 1808 2219 tectum
1872 2199 1898 2229 135

429 2269 448 2291 »
477 2264 648 2293 mecum
669 2249 823 2302 intres,
845 2246 920 2292 sed
943 2256 1112 2291 tantum
1133 2247 1202 2292 dic
1222 2247 1373 2302 verbo,
1398 2256 1438 2292 et
1463 2247 1686 2291 sanabitur
1702 2253 1833 2327 puer'

429 2339 448 2361 »
476 2335 595 2364 meus
610 2321 640 2363 ³.
667 2322 765 2365 Non
787 2333 884 2363 sum
900 2317 1056 2375 dignus
1076 2318 1151 2377 qui
1170 2317 1432 2362 subtectum
1448 2332 1594 2361 meum
1610 2317 1759 2360 intres.
1785 2333 1806 2357 »
1828 2333 1833 2379 ι

427 2394 556 2436 Tecto
585 2407 674 2436 non
697 2390 946 2450 recipiebat,
969 2388 1099 2433 corde
1122 2396 1356 2447 receperat.
1386 2390 1560 2441 Quanto
1582 2387 1807 2441 humilior,
1872 2400 1896 2443 1³2

425 2471 589 2520 quanto
611 2462 822 2521 capacior,
862 2469 984 2504 tanto
1012 2458 1198 2518 plenior.
1237 2457 1379 2503 Colles
1409 2457 1525 2500 enim
1558 2473 1716 2517 aquam
1740 2472 1810 2500 re-

425 2531 614 2589 pellunt,
640 2531 769 2576 valles
791 2532 1041 2590 implentur.
1070 2530 1187 2583 Quid
1211 2529 1384 2583 deinde,
1408 2529 1515 2588 quid
1533 2529 1588 2572 ad
1614 2529 1696 2572 hoc
1721 2531 1832 2585 Do-3
1872 2541 1898 2585 --]Ἷ

476 2623 482 2637 ¹
504 2616 582 2646 Psal.
600 2628 648 2647 cv.
672 2633 710 2638 —
727 2623 738 2637 ²
760 2619 848 2647 Rom.
871 2627 912 2656 xi,
938 2620 1068 2657 17,etc.
1093 2631 1132 2637 -
1152 2614 1164 2636 3
1187 2614 1302 2646 Manli.
1323 2625 1392 2654 vni,
1415 2625 1446 2656 7,
1468 2618 1532 2647 etc.

1827 2589 1832 2693 ξ
1896 2632 1898 2658 1

1827 2713 1831 2740 1

1828 2766 1831 2799 l
