1898 3178
1882 0 1898 114 μ

434 257 516 292 212
844 262 877 290 s.
914 263 1143 291 mausum
1177 263 1358 292 izmscom
1457 253 1460 256 ’
1877 202 1898 332 J

426 334 538 376 Cum
562 341 705 375 autem
729 330 972 373 venerimus
994 330 1049 374 ad
1074 328 1197 374 illum
1220 329 1382 385 locum,
1401 329 1477 373 ubi
1497 329 1774 386 regnabimus
1799 362 1810 383 ,

423 418 513 447 non
536 418 643 461 opus
666 410 728 445 est
751 409 799 444 ut
820 400 1017 445 dicamus
1038 400 1305 458 Symbolum
1327 420 1336 445 ι
1369 403 1507 444 Deum
1540 399 1784 443 videbimus
1800 433 1811 454 ‚

424 473 515 533 ipse
527 476 639 517 Deus
653 471 777 516 nobis
793 470 901 516 visio
914 471 1040 530 erit¹3
1054 471 1161 517 visio
1178 471 1256 516 Dei
1270 469 1372 515 fidei
1390 471 1519 530 hujus
1536 485 1700 514 merces
1715 468 1811 513 erit.
1873 482 1876 522 ;

432 639 1819 659 mmmmmmmwmwnwummmmmmmwww
1869 638 1873 679 ἶ

491 943 618 989 Item
647 944 696 988 m
734 941 916 989 Matth.
954 961 998 987 u
1038 961 1047 986 :
1085 940 1164 987 De
1208 938 1442 986 Oratione
1477 938 1765 995 Dominiea,

892 1011 962 1058 ad
988 1012 1338 1072 Competentes.

913 779 1144 827 SERMO
1180 778 1342 825 L1x2.
1866 743 1887 1020 ¹

499 1174 533 1215 l.
564 1174 843 1216 REDmmsTffi
860 1171 981 1232 quod
998 1170 1196 1226 creditis,
1233 1171 1381 1216 audite
1403 1170 1511 1232 quid
1531 1170 1676 1216 oretis.
1713 1174 1829 1224 Quo·
1854 1153 1860 1227 J
1894 1164 1898 1189 ³

440 1242 558 1286 niam
591 1243 792 1286 invocare
815 1257 906 1287 non
933 1243 1135 1301 possetis,
1158 1242 1204 1285 in
1239 1257 1370 1302 quem
1393 1258 1484 1287 non
1506 1241 1792 1286 credidissetis
1814 1275 1826 1297 ‚
1854 1229 1857 1239 ¹
1891 1227 1897 1261 J

441 1313 653 1373 Apostolo
688 1313 862 1358 dicente
892 1332 900 1357 :
935 1332 953 1354 α
973 1312 1204 1366 Quomodo
1228 1313 1498 1358 invocabunt
1519 1313 1564 1356 in
1587 1328 1718 1373 quem
1741 1327 1829 1357 non

439 1403 460 1425 »
497 1383 803 1428 crediderunt³
823 1386 841 1428 Ρ
859 1402 878 1424 »
895 1382 993 1428 ideo
1008 1384 1127 1443 prius
1150 1383 1412 1441 Symbolum
1430 1383 1653 1439 didicistis,
1669 1383 1746 1427 ubi
1767 1389 1828 1428 est

439 1455 589 1513 regula
611 1454 714 1499 fidei
735 1464 889 1499 vestrae
927 1455 1068 1499 brevis
1101 1464 1144 1498 et
1182 1454 1356 1513 grandis
1392 1475 1400 1499 ε
1433 1455 1576 1499 brevis
1596 1490 1606 1510 ‚
1649 1469 1830 1499 numero

434 1528 694 1584 verborum3
714 1526 887 1586 grandis
899 1561 910 1581 ‚
927 1526 1121 1586 pondere
1138 1528 1470 1571 sententiarum.
1495 1527 1647 1571 Oratio
1664 1536 1827 1583 autem,
1885 1520 1898 1547 Γ·

433 1613 568 1657 quam
591 1597 723 1641 hodie
746 1598 936 1656 accipitis
966 1597 1200 1641 tenendam
1217 1632 1228 1652 ,
1255 1607 1298 1641 et
1322 1596 1376 1641 ad
1398 1606 1497 1642 octo
1529 1597 1620 1642 dies
1641 1597 1830 1642 redden·-
1884 1590 1897 1619 ω

435 1668 535 1712 dam
554 1704 564 1723 ‚
604 1669 715 1712 sicut
737 1666 916 1712 audistis
950 1683 1051 1711 cum
1080 1668 1366 1726 Evangelium
1388 1668 1621 1727 legeretur,
1659 1669 1714 1714 ab
1742 1669 1831 1728 ipso

440 1740 621 1784 Domino
657 1738 771 1782 dicta
794 1747 858 1783 est
879 1737 1108 1798 Discipulis
1129 1739 1263 1798 ipsius
1278 1774 1288 1794 ‚
1315 1748 1359 1783 et
1375 1740 1430 1783 ab
1451 1740 1553 1799 ipsis
1565 1740 1763 1800 pervenit
1781 1738 1831 1785 ad
1880 1736 1887 1755 ³²

436 1826 515 1856 nos
530 1846 539 1864 ‚
570 1811 816 1863 «Quoniam
834 1810 880 1853 in
903 1825 1078 1855 omnem
1101 1819 1259 1855 terram
1278 1811 1409 1855 exivit
1425 1826 1557 1857 sonus
1577 1827 1729 1857 eorum
1748 1813 1808 1855 4.»
1830 1835 1834 1846 ·
1875 1803 1898 1832 ³⁹³¹

501 1885 559 1926 ll.
596 1885 713 1941 Ergo
735 1881 870 1927 nolite
886 1882 1098 1926 inhaerere
1120 1882 1330 1938 terrenis,
1356 1883 1432 1943 qui
1456 1886 1627 1927 Patrem
1648 1883 1832 1928 invenis·
1859 1868 1898 1910 Μ

445 1955 496 1998 tis
518 1955 562 1997 in
580 1953 715 1998 coelis.
743 1954 910 1998 Dicturi
938 1954 1053 1997 enim
1075 1953 1174 1998 estis
1195 1973 1203 1998 ι
1237 1957 1404 1997 «Pater
1432 1963 1595 2010 noster,
1621 1955 1698 2015 qui
1719 1970 1762 1999 es
1790 1954 1837 2028 inf
1858 1945 1898 2007 Ψ

447 2045 466 2066 »
503 2024 624 2069 coelis
640 2026 670 2068 ⁵.
687 2043 705 2066 »
734 2023 802 2068 Ad
824 2039 1031 2082 magnum
1047 2038 1182 2081 genus
1196 2024 1412 2083 pertinere
1428 2025 1633 2085 coepistis.
1652 2026 1743 2070 Sub
1757 2026 1834 2287 isa?
1855 2023 1897 2056 f

1846 1332 1848 1335 ·
1870 1331 1873 1339 A

1890 1377 1898 1390 ,Ἴ

1865 1404 1871 1411 ι
1890 1399 1895 1413 ι’

1887 1445 1898 1486 υ

454 2099 578 2140 Patre
601 2093 753 2138 fratres
775 2103 877 2138 sunt
903 2094 1105 2138 dominus
1128 2103 1171 2138 et
1192 2109 1338 2138 servus
1360 2114 1368 2140 ε
1395 2096 1477 2139 sub
1496 2095 1581 2140 isto
1601 2099 1727 2140 Patre
1747 2093 1824 2139 fra·
1855 2085 1898 2137 ‚⁸³st

448 2175 531 2210 tres
559 2174 661 2210 sunt
697 2165 931 2224 imperator
953 2173 997 2209 et
1020 2163 1141 2208 miles
1167 2183 1175 2210 :
1199 2165 1280 2209 sub
1299 2164 1380 2209 isto
1406 2169 1533 2210 Patre
1554 2165 1710 2211 fratres
1738 2181 1815 2211 sun
1855 2156 1898 2203 85¹

448 2237 566 2281 dives
586 2245 628 2280 et
649 2251 830 2295 pauper.
853 2237 1015 2280 Omnes
1037 2236 1271 2280 Christiani
1293 2235 1442 2281 fideles
1457 2236 1648 2283 diversos
1662 2238 1710 2282 in
1725 2247 1819 2283 terr:
1853 2229 1893 2285 1ἶὶς

451 2310 617 2354 habent
640 2317 798 2368 patres,
825 2307 895 2351 alii
911 2307 1104 2363 nobiles,
1131 2307 1200 2351 alii
1220 2308 1463 2367 ignobiles:
1483 2325 1622 2353 unum
1639 2325 1742 2355 vero
1753 2291 1827 2365 PaJ
1854 2296 1898 2336 5¹

453 2387 559 2422 trem
580 2380 809 2433 invocant,
835 2378 910 2437 qui
929 2387 992 2421 est
1014 2378 1059 2421 in
1082 2378 1219 2422 coelis.
1262 2378 1306 2424 Si
1327 2378 1390 2422 ibi
1421 2388 1486 2424 est
1516 2383 1644 2424 Pater
1664 2370 1824 2441 noster}
1864 2361 1898 2440 *hl

447 2449 506 2493 ihi
524 2450 648 2493 nobis
670 2458 937 2509 praeparatur
958 2449 1202 2494 haereditas.
1218 2450 1330 2494 Talis
1345 2458 1409 2494 est
1420 2460 1569 2495 autem
1591 2451 1671 2496 iste
1691 2453 1822 2496 Pater⁴
1863 2445 1898 2487 gin

1816 2483 1821 2560 J
1880 2505 1898 2549 ν

1812 2629 1816 2686 J
1890 2594 1898 2623 η

1809 2789 1812 2818 J

497 2553 503 2567 ¹
528 2548 629 2579 Fut-le
648 2548 739 2579 visus.
758 2565 797 2570 —
824 2555 834 2569 ³
862 2547 950 2579 Alias
977 2547 1017 2580 de
1043 2549 1201 2590 Tempore
1228 2547 1299 2580 135.
1322 2565 1359 2571 -
1383 2546 1396 2571 3
1415 2550 1505 2582 Rom.
1529 2559 1561 2589 x,
1587 2547 1638 2591 14.
1659 2565 1700 2573 —·
1717 2547 1733 2579 4
1755 2550 1808 2581 psa

458 2614 543 2637 xxxv,
563 2603 593 2632 Ῑ),
618 2601 685 2624 -5
713 2604 830 2634 Mam).
852 2615 895 2641 vi,
922 2615 953 2645 0.
