1898 3178
313 257 452 285 SEnMo
483 258 595 294 xcn,
632 257 686 283 DE
720 258 864 284 VERJMS
895 255 1061 284 MATTH.
1097 256 1195 283 xxm
1365 245 1448 284 499

69 321 219 366 decem
247 322 549 366 inveniantur?
577 323 674 366 Non
705 321 764 365 113
786 330 864 365 cst.
890 324 999 367 Nam
1022 320 1056 364 si
1076 319 1186 365 solas
1207 320 1359 364 decem
1381 322 1449 365 in-

68 389 206 450 telligi
227 391 358 436 vellet
378 391 538 446 bonas,
574 406 664 435 non
697 390 758 434 ibi
788 390 1036 435 ostenderet
1065 391 1261 452 quinque
1287 390 1445 435 fatuas.

70 461 113 505 Si
135 461 250 504 enim
273 460 421 505 multae
439 469 540 505 sunt
561 460 749 519 virgines
771 477 870 520 quae
892 471 1121 518 vocantur⁷
1147 476 1281 522 quare
1302 471 1452 507 contra

67 531 262 591 quinque
280 533 385 576 ostia
408 531 564 576 domus
585 546 755 590 magnae
775 531 1070 577 clauduntur?

127 604 186 646 II.
222 601 522 660 Intelligamus
545 617 670 661 ergo,
706 603 971 660 charissimi,
1009 602 1065 648 ad
1087 618 1236 647 omnes
1270 618 1376 658 nos,
1407 602 1454 648 id

67 681 154 728 est,
184 672 238 717 ad
263 674 508 719 universam
534 674 713 719 omnino
735 674 971 719 Ecclesiam
994 675 1210 734 pertinere
1232 675 1357 719 istam
1377 691 1454 735 pa-

67 743 278 800 rabolam,
294 759 383 789 non
402 745 457 788 ad
477 744 589 790 solos
611 745 884 804 praepositos,
909 744 963 788 de
985 745 1143 805 quibus
1165 745 1367 790 hesterno
1384 745 1454 789 die

1 835 8 854 ··
65 813 202 859 locuti
224 830 373 859 sumus
389 850 399 869 ,
418 830 498 859 nec
513 815 569 859 ad
590 815 700 860 solas
721 814 895 875 plebes3
915 814 991 859 sed
1016 830 1187 875 prorsus
1209 815 1264 859 ad
1286 831 1450 860 omnes.

4 894 6 906 '
66 887 210 939 Quare
232 901 335 944 ergo
357 886 553 946 quinque
582 896 626 931 et
653 886 851 946 quinque
880 885 1099 945 virgines?
1128 890 1227 930 Istae
1258 887 1455 946 quinque

7 979 9 982 ·
65 965 109 1000 et
125 957 321 1017 quinque
343 957 531 1016 virgines
546 992 556 1011 ‚
578 973 728 1002 omnes
746 957 926 1002 omnino
943 966 1045 1001 sunt
1065 957 1222 1002 animae
1241 958 1453 1002 Christia—

64 1042 239 1072 norum.
266 1027 352 1072 Sed
374 1037 423 1071 ut
446 1028 641 1072 dicamus
662 1028 812 1084 vobis,
838 1028 958 1088 quod
984 1031 1074 1072 Deo
1096 1029 1332 1087 inspirante
1354 1044 1454 1072 sen-

0 1094 14 1156 s
65 1097 196 1141 timus
211 1132 222 1153 ‚
247 1113 336 1142 non
367 1097 710 1158 qualescumque
738 1099 893 1142 animae
909 1133 920 1154 ,
942 1097 1019 1142 sed
1041 1097 1148 1141 tales
1180 1099 1333 1142 animae
1354 1115 1453 1159 quae

12 1187 17 1192 ·
63 1167 227 1212 habent
245 1168 506 1213 catholicam
525 1168 658 1212 fidem
675 1203 686 1224 ‚
714 1178 757 1213 et
778 1169 938 1213 habere
956 1168 1163 1213 videntur
1184 1169 1300 1214 bona
1323 1185 1454 1229 opera

62 1237 110 1282 in
131 1238 321 1282 Ecclesia
345 1239 421 1283 Dei
448 1258 457 1283 ε
487 1247 529 1282 et
551 1248 698 1282 tamen
720 1254 770 1282 ex
790 1238 888 1297 ipsis
912 1240 1108 1299 quinque
1130 1248 1231 1284 sunt
1260 1240 1455 1299 pruden-

18 1320 21 1321 ’
63 1315 143 1363 tes,
161 1317 204 1350 et
217 1308 410 1367 quinque
424 1306 574 1350 fatuae.
596 1311 740 1358 Quare
756 1323 857 1364 ergo
875 1309 1104 1369 appellatae
1122 1319 1224 1355 sunt
1238 1311 1451 1370 quinque,

0 1386 25 1415 m*
64 1385 108 1422 et
129 1393 262 1438 quare
280 1377 465 1435 virgines
481 1411 492 1432 ‚
509 1377 627 1436 prius
648 1376 872 1421 videamus
889 1397 900 1435 3
926 1387 970 1421 et
990 1377 1149 1422 deinde
1167 1389 1322 1423 caetera
1344 1396 1453 1425 con-

0 1467 3 1486 ι
25 1499 27 1502 ⁴
63 1447 317 1494 sideremus.
339 1447 490 1491 Omnis
513 1447 656 1491 anima
674 1447 719 1491 in
740 1462 920 1506 corpore
937 1446 1036 1492 ideo
1052 1449 1252 1507 quinario
1269 1466 1454 1496 numero

0 1528 9 1556 ss
64 1528 282 1574 censetur,
313 1519 417 1578 quia
449 1518 646 1578 quinque
679 1517 876 1563 sensibus
899 1519 1052 1563 utitur.
1092 1519 1206 1566 Nihil
1238 1530 1302 1565 est
1336 1523 1453 1566 enim

0 1598 21 1626 Ἰθ
64 1589 187 1650 quod
213 1589 424 1634 sentimus
458 1603 509 1631 ex
537 1602 746 1647 corpore,
777 1587 859 1631 nisi
878 1594 1012 1645 janua
1039 1589 1235 1650 quinque
1263 1593 1449 1650 partita,

0 1672 6 1700 1
64 1670 142 1710 aut
161 1659 368 1716 videndo,
392 1668 467 1703 aut
490 1658 727 1713 audiendo,
748 1667 824 1702 aut
840 1657 1066 1702 odorando
1081 1692 1092 1713 ‚
1118 1668 1192 1702 aut
1215 1662 1448 1717 gustando,

2 1737 21 1772 u
64 1740 142 1789 3111
159 1730 392 1789 tangendo.
413 1730 500 1784 Qui
521 1743 623 1788 eigo
641 1743 685 1772 se
707 1727 896 1772 abstinet
918 1727 973 1771 ab
995 1726 1147 1772 illicito
1169 1731 1294 1785 visu,
1319 1732 1375 1774 ab
1398 1732 1453 1776 il-

0 1814 16 1843 n
64 1801 184 1880 licito
205 1802 390 1856 auditu,
423 1800 478 1844 ab
511 1797 662 1843 illicito
684 1796 894 1875 odoratu,
920 1797 975 1841 ab
997 1797 1149 1875 illicito
1172 1807 1370 1876 gustatu,
1395 1803 1451 1847 ab

124 2016 207 2056 ΙΙΙ.
236 2011 321 2057 Sed
352 2012 387 2056 si
420 2012 590 2055 bonum
613 2018 703 2064 est,
730 2008 943 2053 abstinere
974 2007 1030 2052 ab
1052 2007 1213 2054 illicitis
1234 2012 1450 2058 sentiendi

113 2082 288 2138 otibus,
321 2090 366 2125 et
397 2079 497 2125 ideo
531 2093 808 2139 unaquaeque
841 2080 985 2123 anima
1013 2079 1246 2125 christiana
1276 2083 1451 2143 virginis

98 2169 228 2205 omen
245 2153 433 2213 accepit3
466 2166 600 2212 quare
632 2150 826 2210 quinque
848 2150 1156 2209 admittuntur,
1181 2162 1224 2197 et
1256 2155 1452 2216 quinque

90 2225 366 2285 epelluntur?
387 2226 446 2268 Et
466 2223 652 2281 virgines
673 2229 798 2276 sunt,
816 2229 859 2264 et
873 2220 1162 2280 repelluntur.
1190 2227 1348 2269 Parum
1367 2238 1447 2284 est,

98 2296 170 2343 uia
186 2295 374 2355 virgines
395 2302 518 2338 sunt:
536 2301 580 2336 et
599 2291 822 2352 lampades
839 2291 1019 2336 habent.
1042 2293 1256 2351 Virgines,
1277 2307 1454 2357 propter

125 2366 375 2411 stinentiam
393 2365 448 2409 ab
470 2362 629 2407 illicitis
649 2362 869 2421 sensibus3
887 2362 1110 2422 lampades
1131 2364 1310 2423 habent,
1325 2384 1453 2429 prop-

110 2481 113 2486 ,
155 2451 286 2496 opera
302 2436 432 2481 bona.
459 2437 521 2478 De
539 2433 699 2494 quibus
720 2433 923 2494 operibus
946 2434 1156 2480 Dominus
1172 2435 1304 2482 dicit:
1329 2457 1348 2482 «
1365 2443 1455 2485 Lu·-

95 2515 245 2567 ¹ceant
265 2521 397 2566 opera
418 2514 558 2551 vestra
581 2519 727 2549 coram
757 2504 1029 2560 hominibuS,
1063 2514 1114 2549 ut
1133 2505 1311 2553 videant
1336 2509 1455 2556 bona

118 2575 236 2623 facta
257 2586 413 2632 vestra,
434 2585 477 2622 et
494 2574 738 2635 glorificent
759 2578 929 2620 Patrem
946 2583 1154 2634 vestrum,
1170 2577 1247 2638 qui
1266 2578 1312 2624 in
1333 2581 1457 2628 coelis

1250 2649 1318 2691 32.
