1898 3178
286 252 425 281 emmo
455 252 525 289 LI,
559 251 614 278 DE
643 248 878 280 conconma
910 247 1076 279 ΜΑΤΤΗ.
1111 250 1164 278 m·
1194 250 1287 278 Luc.
1390 238 1474 278 123

96 326 181 363 tres
203 325 373 362 nostros
394 314 706 360 fructificantes
727 315 772 359 in
795 316 951 375 gratia,
975 315 1022 360 in
1046 314 1224 360 nomine
1244 314 1404 360 Christi
1425 329 1475 359 ex

94 401 308 433 consensu
330 386 386 430 ab
412 385 599 430 invicem
618 385 843 430 continere
874 384 1269 445 concupiscentiam
1303 386 1441 429 carnis
1461 419 1474 441 ,

94 474 185 503 non
204 465 350 502 autem
372 456 595 501 continere
617 455 673 500 ab
694 455 883 500 invicem
905 455 1159 500 charitatem
1184 454 1473 515 conjugalem.

93 531 268 582 Quanto
298 525 376 571 illa
412 526 687 586 reprimitur,
721 534 844 570 tanto
876 525 956 569 ista
986 525 1142 570 fortius
1175 526 1473 571 confirmatur.

91 601 247 645 Nonne
277 607 379 643 sunt
406 598 611 657 conjuges
632 597 709 658 qui
730 596 790 641 sic
810 597 987 652 vivunt,
1022 612 1113 641 non
1148 605 1392 657 quaerentes
1423 598 1477 641 ab

90 669 278 714 invicem
301 669 497 713 fructum
522 668 683 724 carnis,
708 683 799 712 non
816 668 1034 726 exigentes
1057 667 1113 711 ab
1135 669 1321 713 invicem
1350 667 1477 712 debi-

91 748 187 784 tum
205 739 567 798 concupiscentiae
588 738 852 799 corporalis?
869 740 926 782 Et
946 746 1094 782 tamen
1109 737 1183 782 illa
1205 738 1398 799 subjecta
1415 747 1478 784 est

94 810 188 855 viro
201 844 213 866 ,
238 811 342 870 quia
359 809 418 854 sic
432 809 582 868 decet3
601 818 644 854 et
660 818 783 854 tanto
804 809 1041 869 subjectior
1056 843 1067 864 ‚
1092 817 1258 869 quanto
1291 810 1448 855 castior
1466 828 1474 854 :

91 889 136 925 et
151 879 225 925 ille
244 895 427 925 uxorem
447 879 592 939 diligit
612 895 730 936 vere,
753 889 805 925 ut
820 880 1030 939 scriptum
1048 888 1113 924 est
1128 914 1139 935 ‚
1167 880 1211 923 in
1240 880 1406 925 honore
1435 889 1479 924 et

91 952 431 997 sanctificatione
445 954 478 1007 1,
493 961 705 1011 tanquam
721 951 993 997 cohaeredem
1009 951 1158 1009 gratiae
1169 986 1180 1007 ‚
1198 951 1309 996 sicut
1329 952 1478 997 Chris-

89 1031 176 1079 tus,
195 1023 352 1083 inquit,
378 1022 524 1067 dilexit
539 1022 777 1068 Ecclesiam
792 1027 825 1067 ².
849 1025 965 1081 Ergo
981 1023 1015 1066 si
1032 1022 1188 1082 copula
1206 1031 1270 1067 est
1284 1057 1295 1079 ,
1321 1023 1355 1067 si
1375 1037 1480 1068 con-

13 1111 19 1146 ;·
84 1094 256 1153 jugium
278 1102 341 1138 est
357 1128 368 1149 ‚
394 1094 534 1138 sinon
555 1093 654 1138 ideo
675 1109 765 1139 non
787 1102 851 1138 est
871 1094 1125 1154 conjugium
1140 1127 1151 1148 ‚
1175 1094 1278 1153 quia
1310 1108 1400 1138 non
1430 1094 1480 1137 fit

17 1175 21 1186 ¹
89 1162 198 1207 illud
219 1162 341 1222 quod
362 1163 492 1208 etiam
513 1164 558 1207 in
580 1178 671 1208 non
691 1164 876 1223 conjuge
904 1163 999 1207 fieri
1021 1172 1163 1222 potest
1181 1197 1193 1218 ‚
1228 1162 1304 1207 sed
1330 1161 1480 1207 illicite

18 1249 22 1285 ζ
88 1241 230 1293 potest
257 1234 456 1277 :utinam
477 1243 652 1292 possent
675 1248 847 1288 omnes,
882 1233 959 1277 sed
991 1233 1120 1277 multi
1155 1247 1245 1278 non
1276 1242 1474 1292 possunt.

21 1343 25 1364 ἰ
93 1305 192 1348 Non
215 1317 318 1362 ergo
343 1302 441 1347 ideo
460 1302 708 1362 disjungant
736 1318 809 1348 eos
837 1303 914 1362 qui
940 1312 1146 1361 possunt,
1177 1312 1221 1347 et
1250 1312 1480 1363 propterea

87 1382 249 1432 negent
265 1388 354 1417 esse
370 1372 581 1417 velillum
605 1373 826 1428 maritum,
845 1372 916 1417 vel
938 1373 1058 1418 illam
1071 1388 1251 1418 uxorem
1266 1374 1369 1434 quia
1390 1389 1480 1419 non

23 1434 27 1496 ξ
87 1443 170 1488 sibi
191 1443 422 1488 carnaliter
442 1444 679 1489 miscentur
692 1479 703 1500 ,
724 1443 799 1488 sed
819 1443 1025 1489 cordibus
1048 1453 1387 1489 connectuntur.

145 1515 295 1557 XXII.
321 1514 434 1558 Hinc
447 1513 677 1573 intelligite
692 1549 704 1570 ‚
720 1512 874 1558 fratres
886 1514 993 1568 mei,
1012 1514 1122 1574 quid
1136 1516 1316 1560 senserit
1331 1515 1479 1574 Scrip-

28 1583 31 1626 ὲ
88 1593 185 1629 tura
203 1582 258 1628 de
270 1582 354 1628 illis
375 1584 630 1643 parentibus
650 1585 808 1629 nostris
824 1618 835 1638 ‚
860 1584 937 1643 qui
957 1584 1015 1627 sic
1031 1594 1152 1628 erant
1165 1586 1411 1644 conjugati,
1429 1594 1480 1630 ut

87 1654 223 1700 solam
242 1654 412 1714 prolem
432 1654 487 1699 de
506 1655 768 1714 conjugibus
785 1662 1047 1714 quaererent.
1076 1656 1181 1698 Tam
1212 1665 1327 1700 caste
1360 1657 1478 1701 enim

87 1724 309 1769 habebant
331 1724 422 1779 illi,
454 1725 531 1784 qui
551 1716 631 1784 pro
661 1733 858 1784 tempore
889 1734 933 1769 et
966 1739 1047 1783 pro
1067 1740 1188 1770 more
1219 1727 1356 1784 gentis
1389 1742 1479 1772 suae

32 1794 36 1850 ,ᾗ
89 1794 217 1839 etiam
242 1793 390 1853 plures
412 1794 657 1851 habebant,
681 1804 732 1838 ut
765 1810 856 1839 non
888 1794 1144 1840 accederent
1172 1796 1228 1840 ad
1258 1796 1477 1842 carnalem

34 1863 37 1916 f
89 1864 466 1920 commixtionem,
489 1865 571 1910 nisi
594 1865 904 1925 procreationis
936 1880 1064 1910 causa
1080 1900 1092 1921 ‚
1129 1881 1230 1911 vere
1264 1867 1476 1913 habentes

89 1951 159 1982 eas
176 1937 221 1981 in
237 1937 418 1982 honore.
445 1937 664 1981 Caeterum
682 1937 757 1996 qui
775 1937 922 1981 uxoris
943 1952 1117 1982 carnem
1140 1937 1326 1997 amplius
1350 1953 1478 1998 appe·

29 2009 41 2016 ’“
89 2006 168 2062 tit,
192 2022 324 2067 quam
341 2006 581 2066 praescrihit
595 2006 720 2051 limes
735 2006 810 2051 ille
821 2041 832 2063 ,
851 2007 1089 2053 liberorum
1104 2009 1476 2068 procreandorum

40 2082 43 2114 ἱ
90 2092 246 2134 causa,
270 2086 422 2123 contra
441 2077 552 2138 ipsas
575 2076 746 2123 tabulas
765 2077 891 2134 facit,
916 2079 1078 2139 quihus
1107 2095 1203 2124 eam
1226 2080 1348 2125 duxit
1372 2095 1476 2125 uxo-

40 2150 45 2162 ⁴
89 2163 196 2192 rem.
220 2149 478 2193 Recitantur
500 2147 684 2205 tabulae,
711 2157 755 2193 et
785 2150 1023 2195 recitantur
1043 2151 1089 2195 in
1114 2159 1351 2210 conspectu
1378 2166 1476 2196 om-

42 2226 47 2272 ³.
89 2218 214 2263 nium
231 2220 548 2275 attestantium,
565 2229 609 2264 et
622 2221 828 2265 recitatur
842 2221 1081 2267 liberorum
1104 2222 1476 2281 procreandorum

42 2274 49 2338 l
91 2304 240 2348 causa3
256 2298 299 2334 et
314 2298 528 2334 vocantur
549 2289 711 2334 tabulae
725 2291 1079 2337 Matrimoniales.
1102 2293 1190 2339 Nisi
1204 2293 1259 2337 ad
1272 2293 1357 2338 hoc
1372 2292 1478 2337 den-

45 2336 50 2401 l
91 2369 180 2414 tur,
205 2358 262 2403 ad
283 2360 366 2404 hoc
380 2360 645 2419 accipiantur
659 2375 830 2414 uxores,
847 2362 945 2421 quis
967 2378 1068 2406 sana
1086 2361 1231 2407 fronte
1249 2362 1324 2408 dat
1337 2363 1471 2408 filiam

91 2443 212 2473 suam
234 2429 405 2475 libidini
427 2429 606 2488 alienae'f?
630 2432 715 2476 Sed
742 2441 793 2476 ut
821 2447 910 2477 non
949 2434 1207 2478 erubescant
1241 2443 1471 2493 parentes,

92 2514 193 2543 cum
211 2499 334 2556 dant,
351 2501 588 2546 recitantur
600 2500 762 2546 tabulae
779 2523 790 2561 3
813 2512 863 2548 ut
878 2503 962 2548 sint
979 2503 1139 2559 soceri,
1164 2519 1253 2549 non
1271 2504 1466 2550 lenones.

146 2590 152 2605 ¹
184 2596 194 2615 1
217 2585 322 2619 Thess.
344 2597 390 2628 iv,
405 2585 437 2628 4.
460 2603 497 2610 -
520 2593 532 2609 2
552 2586 671 2629 Ephes.
686 2597 718 2628 v,
739 2587 792 2621 25Δ
