<?xml version="1.0" encoding="UTF-8"?>
<!DOCTYPE html PUBLIC "-//W3C//DTD XHTML 1.0 Transitional//EN"
    "http://www.w3.org/TR/xhtml1/DTD/xhtml1-transitional.dtd">
<html xmlns="http://www.w3.org/1999/xhtml" xml:lang="en" lang="en">
 <head>
  <title>
</title>
<meta http-equiv="Content-Type" content="text/html;charset=utf-8" />
  <meta name='ocr-system' content='tesseract 3.04.00' />
  <meta name='ocr-capabilities' content='ocr_page ocr_carea ocr_par ocr_line ocrx_word'/>
</head>
<body>
  <div class='ocr_page' id='page_1' title='image "./operaomniaaccura18auguuoft_0372.png"; bbox 0 0 1898 3178; ppageno 0'>
   <div class='ocr_carea' id='block_1_1' title="bbox 424 244 1358 282">
    <p class='ocr_par' dir='ltr' id='par_1_1' title="bbox 424 244 1358 282">
     <span class='ocr_line' id='line_1_1' title="bbox 424 244 1358 282; baseline -0.002 0"><span class='ocrx_word' id='word_1_1' title='bbox 424 244 508 282; x_wconf 89' lang='lat'>360</span> <span class='ocrx_word' id='word_1_2' title='bbox 846 251 878 280; x_wconf 87' lang='lat' dir='ltr'>s.</span> <span class='ocrx_word' id='word_1_3' title='bbox 916 252 1144 281; x_wconf 71' lang='lat' dir='ltr'>Auousnm</span> <span class='ocrx_word' id='word_1_4' title='bbox 1178 254 1358 282; x_wconf 76' lang='lat' dir='ltr'>EPISCOPI</span> 
     </span>
    </p>
   </div>
   <div class='ocr_carea' id='block_1_2' title="bbox 421 319 1797 379">
    <p class='ocr_par' dir='ltr' id='par_1_2' title="bbox 421 319 1797 379">
     <span class='ocr_line' id='line_1_2' title="bbox 421 319 1797 379; baseline 0 -15"><span class='ocrx_word' id='word_1_5' title='bbox 421 320 512 364; x_wconf 90' lang='lat' dir='ltr'>dini</span> <span class='ocrx_word' id='word_1_6' title='bbox 534 319 706 364; x_wconf 88' lang='lat' dir='ltr'>cuidam</span> <span class='ocrx_word' id='word_1_7' title='bbox 729 328 901 373; x_wconf 63' lang='lat' dir='ltr'>nosti-az,</span> <span class='ocrx_word' id='word_1_8' title='bbox 931 333 1031 362; x_wconf 90' lang='lat' dir='ltr'>cum</span> <span class='ocrx_word' id='word_1_9' title='bbox 1054 335 1140 379; x_wconf 89' lang='lat' dir='ltr'>qua</span> <span class='ocrx_word' id='word_1_10' title='bbox 1166 320 1398 373; x_wconf 86' lang='lat' dir='ltr'>nascimur,</span> <span class='ocrx_word' id='word_1_11' title='bbox 1425 320 1661 364; x_wconf 83' lang='lat' dir='ltr'>necessaria</span> <span class='ocrx_word' id='word_1_12' title='bbox 1683 329 1797 364; x_wconf 89' lang='lat' dir='ltr'>sunt.</span> 
     </span>
    </p>
   </div>
   <div class='ocr_carea' id='block_1_3' title="bbox 421 389 1854 521">
    <p class='ocr_par' dir='ltr' id='par_1_3' title="bbox 421 389 1854 521">
     <span class='ocr_line' id='line_1_3' title="bbox 421 389 1854 450; baseline -0.001 -15"><span class='ocrx_word' id='word_1_13' title='bbox 421 389 739 448; x_wconf 80' lang='lat' dir='ltr'>AEgritudinem</span> <span class='ocrx_word' id='word_1_14' title='bbox 763 390 887 433; x_wconf 88' lang='lat' dir='ltr'>istam</span> <span class='ocrx_word' id='word_1_15' title='bbox 911 390 1040 433; x_wconf 90' lang='lat' dir='ltr'>sentit</span> <span class='ocrx_word' id='word_1_16' title='bbox 1061 390 1256 450; x_wconf 83' lang='lat' dir='ltr'>quisquis</span> <span class='ocrx_word' id='word_1_17' title='bbox 1274 425 1285 446; x_wconf 86' lang='lat'>‚</span> <span class='ocrx_word' id='word_1_18' title='bbox 1311 405 1410 435; x_wconf 90' lang='lat' dir='ltr'>cum</span> <span class='ocrx_word' id='word_1_19' title='bbox 1441 390 1546 434; x_wconf 91' lang='lat' dir='ltr'>hora</span> <span class='ocrx_word' id='word_1_20' title='bbox 1580 390 1802 434; x_wconf 86' lang='lat' dir='ltr'>reficiendi</span> <span class='ocrx_word' id='word_1_21' title='bbox 1852 430 1854 434; x_wconf 75' lang='grc'><strong>,</strong></span> 
     </span>
     <span class='ocr_line' id='line_1_4' title="bbox 426 460 1853 521; baseline -0.001 -16"><span class='ocrx_word' id='word_1_22' title='bbox 426 461 654 505; x_wconf 81' lang='lat' dir='ltr'>transierit.</span> <span class='ocrx_word' id='word_1_23' title='bbox 676 460 748 503; x_wconf 89' lang='lat' dir='ltr'>Vis</span> <span class='ocrx_word' id='word_1_24' title='bbox 766 460 913 504; x_wconf 86' lang='lat' dir='ltr'>videre</span> <span class='ocrx_word' id='word_1_25' title='bbox 931 469 1094 520; x_wconf 82' lang='lat' dir='ltr'>quanta</span> <span class='ocrx_word' id='word_1_26' title='bbox 1111 460 1325 519; x_wconf 83' lang='lat' dir='ltr'>aegritudo</span> <span class='ocrx_word' id='word_1_27' title='bbox 1342 462 1506 516; x_wconf 81' lang='lat' dir='ltr'>sitista,</span> <span class='ocrx_word' id='word_1_28' title='bbox 1529 470 1577 505; x_wconf 91' lang='lat' dir='ltr'>ut</span> <span class='ocrx_word' id='word_1_29' title='bbox 1596 471 1800 521; x_wconf 79' lang='lat' dir='ltr'>tanquam</span> <span class='ocrx_word' id='word_1_30' title='bbox 1852 489 1853 504; x_wconf 48' lang='lat' dir='ltr'>i</span> 
     </span>
    </p>
   </div>
   <div class='ocr_carea' id='block_1_4' title="bbox 423 529 1801 661">
    <p class='ocr_par' dir='ltr' id='par_1_4' title="bbox 423 529 1801 661">
     <span class='ocr_line' id='line_1_5' title="bbox 423 529 1800 591; baseline -0.001 -15"><span class='ocrx_word' id='word_1_31' title='bbox 423 541 547 576; x_wconf 85' lang='lat' dir='ltr'>acuta</span> <span class='ocrx_word' id='word_1_32' title='bbox 582 529 713 574; x_wconf 87' lang='lat' dir='ltr'>febris</span> <span class='ocrx_word' id='word_1_33' title='bbox 746 540 908 590; x_wconf 82' lang='lat' dir='ltr'><strong>septem</strong></span> <span class='ocrx_word' id='word_1_34' title='bbox 942 532 1095 575; x_wconf 77' lang='lat' dir='ltr'>diebus</span> <span class='ocrx_word' id='word_1_35' title='bbox 1123 534 1278 576; x_wconf 76' lang='lat' dir='ltr'>necet?</span> <span class='ocrx_word' id='word_1_36' title='bbox 1307 535 1370 577; x_wconf 89' lang='lat' dir='ltr'>Ne</span> <span class='ocrx_word' id='word_1_37' title='bbox 1403 541 1445 576; x_wconf 91' lang='lat' dir='ltr'>te</span> <span class='ocrx_word' id='word_1_38' title='bbox 1474 548 1625 577; x_wconf 88' lang='lat' dir='ltr'>sanum</span> <span class='ocrx_word' id='word_1_39' title='bbox 1659 541 1800 591; x_wconf 86' lang='lat' dir='ltr'>putes.</span> 
     </span>
     <span class='ocr_line' id='line_1_6' title="bbox 427 602 1801 661; baseline 0.001 -15"><span class='ocrx_word' id='word_1_40' title='bbox 427 603 592 647; x_wconf 86' lang='lat' dir='ltr'>Sanitas</span> <span class='ocrx_word' id='word_1_41' title='bbox 618 602 917 646; x_wconf 80' lang='lat' dir='ltr'>immortalitas</span> <span class='ocrx_word' id='word_1_42' title='bbox 939 602 1034 645; x_wconf 89' lang='lat' dir='ltr'>erit.</span> <span class='ocrx_word' id='word_1_43' title='bbox 1069 604 1178 647; x_wconf 92' lang='lat' dir='ltr'>Nam</span> <span class='ocrx_word' id='word_1_44' title='bbox 1207 603 1300 646; x_wconf 84' lang='lat' dir='ltr'>haec</span> <span class='ocrx_word' id='word_1_45' title='bbox 1328 602 1457 661; x_wconf 85' lang='lat' dir='ltr'>longa</span> <span class='ocrx_word' id='word_1_46' title='bbox 1485 602 1700 661; x_wconf 80' lang='lat' dir='ltr'>aegritudo</span> <span class='ocrx_word' id='word_1_47' title='bbox 1722 611 1801 647; x_wconf 87' lang='lat' dir='ltr'>est.</span> 
     </span>
    </p>
   </div>
   <div class='ocr_carea' id='block_1_5' title="bbox 423 671 1850 805">
    <p class='ocr_par' dir='ltr' id='par_1_5' title="bbox 423 671 1850 805">
     <span class='ocr_line' id='line_1_7' title="bbox 423 671 1850 732; baseline 0.002 -18"><span class='ocrx_word' id='word_1_48' title='bbox 423 673 530 725; x_wconf 79' lang='lat' dir='ltr'>Quia</span> <span class='ocrx_word' id='word_1_49' title='bbox 553 671 816 732; x_wconf 82' lang='lat' dir='ltr'>quotidianis</span> <span class='ocrx_word' id='word_1_50' title='bbox 840 671 1165 716; x_wconf 78' lang='lat' dir='ltr'>medicamentis</span> <span class='ocrx_word' id='word_1_51' title='bbox 1181 672 1308 716; x_wconf 86' lang='lat' dir='ltr'>fulcis</span> <span class='ocrx_word' id='word_1_52' title='bbox 1331 673 1534 717; x_wconf 89' lang='lat' dir='ltr'>morbum</span> <span class='ocrx_word' id='word_1_53' title='bbox 1556 681 1681 716; x_wconf 89' lang='lat' dir='ltr'>tuum</span> <span class='ocrx_word' id='word_1_54' title='bbox 1700 693 1710 730; x_wconf 80' lang='lat'>3</span> <span class='ocrx_word' id='word_1_55' title='bbox 1735 687 1805 717; x_wconf 85' lang='lat' dir='ltr'>sa·</span> <span class='ocrx_word' id='word_1_56' title='bbox 1848 703 1850 705; x_wconf 97' lang='lat'>-</span> 
     </span>
     <span class='ocr_line' id='line_1_8' title="bbox 425 743 1850 805; baseline -0.001 -18"><span class='ocrx_word' id='word_1_57' title='bbox 425 759 504 788; x_wconf 84' lang='lat' dir='ltr'>nus</span> <span class='ocrx_word' id='word_1_58' title='bbox 526 744 607 788; x_wconf 87' lang='lat' dir='ltr'>tibi</span> <span class='ocrx_word' id='word_1_59' title='bbox 625 759 714 788; x_wconf 89' lang='lat' dir='ltr'>esse</span> <span class='ocrx_word' id='word_1_60' title='bbox 734 743 915 789; x_wconf 87' lang='lat' dir='ltr'>videris:</span> <span class='ocrx_word' id='word_1_61' title='bbox 943 745 1121 789; x_wconf 82' lang='lat' dir='ltr'>detrahe</span> <span class='ocrx_word' id='word_1_62' title='bbox 1149 743 1459 788; x_wconf 87' lang='lat' dir='ltr'>medicamenta</span> <span class='ocrx_word' id='word_1_63' title='bbox 1476 779 1488 800; x_wconf 86' lang='lat'>‚</span> <span class='ocrx_word' id='word_1_64' title='bbox 1514 752 1557 789; x_wconf 90' lang='lat' dir='ltr'>et</span> <span class='ocrx_word' id='word_1_65' title='bbox 1578 744 1677 789; x_wconf 89' lang='lat' dir='ltr'>vide</span> <span class='ocrx_word' id='word_1_66' title='bbox 1698 743 1807 805; x_wconf 90' lang='lat' dir='ltr'>quid</span> <span class='ocrx_word' id='word_1_67' title='bbox 1847 753 1850 784; x_wconf 60' lang='grc' dir='ltr'><strong>ὲ</strong></span> 
     </span>
    </p>
   </div>
   <div class='ocr_carea' id='block_1_6' title="bbox 422 825 559 875">
    <p class='ocr_par' dir='ltr' id='par_1_6' title="bbox 422 825 559 875">
     <span class='ocr_line' id='line_1_9' title="bbox 422 825 559 875; baseline 0.015 -18"><span class='ocrx_word' id='word_1_68' title='bbox 422 825 559 875; x_wconf 86' lang='lat' dir='ltr'>potes.</span> 
     </span>
    </p>
   </div>
   <div class='ocr_carea' id='block_1_7' title="bbox 480 886 1865 947">
    <p class='ocr_par' dir='ltr' id='par_1_7' title="bbox 480 886 1865 947">
     <span class='ocr_line' id='line_1_10' title="bbox 480 886 1865 947; baseline -0.001 -15"><span class='ocrx_word' id='word_1_69' title='bbox 480 889 598 932; x_wconf 86' lang='lat' dir='ltr'>XIV.</span> <span class='ocrx_word' id='word_1_70' title='bbox 627 889 731 932; x_wconf 85' lang='lat' dir='ltr'>Nam</span> <span class='ocrx_word' id='word_1_71' title='bbox 755 902 805 931; x_wconf 84' lang='lat' dir='ltr'>ex</span> <span class='ocrx_word' id='word_1_72' title='bbox 822 902 911 947; x_wconf 84' lang='lat' dir='ltr'>quo</span> <span class='ocrx_word' id='word_1_73' title='bbox 933 887 1167 941; x_wconf 84' lang='lat' dir='ltr'>nascimur,</span> <span class='ocrx_word' id='word_1_74' title='bbox 1198 901 1371 931; x_wconf 89' lang='lat' dir='ltr'>necesse</span> <span class='ocrx_word' id='word_1_75' title='bbox 1392 895 1456 931; x_wconf 83' lang='lat' dir='ltr'>est</span> <span class='ocrx_word' id='word_1_76' title='bbox 1478 896 1527 931; x_wconf 88' lang='lat' dir='ltr'>ut</span> <span class='ocrx_word' id='word_1_77' title='bbox 1550 886 1802 931; x_wconf 86' lang='lat' dir='ltr'>moriamur.</span> <span class='ocrx_word' id='word_1_78' title='bbox 1848 916 1865 929; x_wconf 55' lang='lat'><strong><em>0</em></strong></span> 
     </span>
    </p>
   </div>
   <div class='ocr_carea' id='block_1_8' title="bbox 423 955 1808 1016">
    <p class='ocr_par' dir='ltr' id='par_1_8' title="bbox 423 955 1808 1016">
     <span class='ocr_line' id='line_1_11' title="bbox 423 955 1808 1016; baseline -0.001 -14"><span class='ocrx_word' id='word_1_79' title='bbox 423 958 604 1002; x_wconf 79' lang='lat' dir='ltr'>Morbus</span> <span class='ocrx_word' id='word_1_80' title='bbox 633 958 703 1002; x_wconf 89' lang='lat' dir='ltr'>hic</span> <span class='ocrx_word' id='word_1_81' title='bbox 736 972 908 1001; x_wconf 88' lang='lat' dir='ltr'>neccsse</span> <span class='ocrx_word' id='word_1_82' title='bbox 939 966 1002 1001; x_wconf 88' lang='lat' dir='ltr'>est</span> <span class='ocrx_word' id='word_1_83' title='bbox 1035 966 1085 1001; x_wconf 88' lang='lat' dir='ltr'>ut</span> <span class='ocrx_word' id='word_1_84' title='bbox 1114 955 1171 1000; x_wconf 90' lang='lat' dir='ltr'>ad</span> <span class='ocrx_word' id='word_1_85' title='bbox 1201 965 1389 1001; x_wconf 86' lang='lat' dir='ltr'>mortem</span> <span class='ocrx_word' id='word_1_86' title='bbox 1422 956 1647 1016; x_wconf 87' lang='lat' dir='ltr'>perducat.</span> <span class='ocrx_word' id='word_1_87' title='bbox 1679 958 1808 1002; x_wconf 86' lang='lat' dir='ltr'>Certe</span> 
     </span>
    </p>
   </div>
   <div class='ocr_carea' id='block_1_9' title="bbox 425 1026 1855 1157">
    <p class='ocr_par' dir='ltr' id='par_1_9' title="bbox 425 1026 1855 1157">
     <span class='ocr_line' id='line_1_12' title="bbox 427 1026 1855 1087; baseline -0.001 -16"><span class='ocrx_word' id='word_1_88' title='bbox 427 1027 581 1071; x_wconf 86' lang='lat' dir='ltr'>medici</span> <span class='ocrx_word' id='word_1_89' title='bbox 599 1026 777 1087; x_wconf 84' lang='lat' dir='ltr'>quando</span> <span class='ocrx_word' id='word_1_90' title='bbox 796 1043 932 1086; x_wconf 80' lang='lat' dir='ltr'>aegros</span> <span class='ocrx_word' id='word_1_91' title='bbox 954 1027 1218 1086; x_wconf 85' lang='lat' dir='ltr'>inspiciunt,</span> <span class='ocrx_word' id='word_1_92' title='bbox 1242 1028 1326 1072; x_wconf 91' lang='lat' dir='ltr'>hoc</span> <span class='ocrx_word' id='word_1_93' title='bbox 1348 1026 1516 1071; x_wconf 90' lang='lat' dir='ltr'>dicunt.</span> <span class='ocrx_word' id='word_1_94' title='bbox 1549 1026 1682 1070; x_wconf 85' lang='lat' dir='ltr'>Verbi</span> <span class='ocrx_word' id='word_1_95' title='bbox 1708 1042 1806 1085; x_wconf 83' lang='lat' dir='ltr'>gra·</span> <span class='ocrx_word' id='word_1_96' title='bbox 1848 1054 1855 1062; x_wconf 92' lang='lat'><em>-</em></span> 
     </span>
     <span class='ocr_line' id='line_1_13' title="bbox 425 1098 1848 1157; baseline 0 -16"><span class='ocrx_word' id='word_1_97' title='bbox 425 1099 503 1153; x_wconf 77' lang='lat' dir='ltr'>tia,</span> <span class='ocrx_word' id='word_1_98' title='bbox 541 1098 734 1157; x_wconf 82' lang='lat' dir='ltr'>hydrops</span> <span class='ocrx_word' id='word_1_99' title='bbox 764 1107 828 1141; x_wconf 91' lang='lat' dir='ltr'>est</span> <span class='ocrx_word' id='word_1_100' title='bbox 859 1099 962 1152; x_wconf 80' lang='lat' dir='ltr'>iste,</span> <span class='ocrx_word' id='word_1_101' title='bbox 998 1098 1213 1143; x_wconf 85' lang='lat' dir='ltr'>moritur:</span> <span class='ocrx_word' id='word_1_102' title='bbox 1247 1098 1319 1142; x_wconf 90' lang='lat' dir='ltr'>hic</span> <span class='ocrx_word' id='word_1_103' title='bbox 1350 1098 1530 1142; x_wconf 87' lang='lat' dir='ltr'>morbus</span> <span class='ocrx_word' id='word_1_104' title='bbox 1557 1113 1645 1142; x_wconf 91' lang='lat' dir='ltr'>non</span> <span class='ocrx_word' id='word_1_105' title='bbox 1667 1105 1809 1156; x_wconf 88' lang='lat' dir='ltr'>potest</span> <span class='ocrx_word' id='word_1_106' title='bbox 1845 1115 1848 1123; x_wconf 88' lang='lat'>·</span> 
     </span>
    </p>
   </div>
   <div class='ocr_carea' id='block_1_10' title="bbox 422 1168 1804 1228">
    <p class='ocr_par' dir='ltr' id='par_1_10' title="bbox 422 1168 1804 1228">
     <span class='ocr_line' id='line_1_14' title="bbox 422 1168 1804 1228; baseline -0.001 -16"><span class='ocrx_word' id='word_1_107' title='bbox 422 1169 577 1212; x_wconf 89' lang='lat' dir='ltr'>curari.</span> <span class='ocrx_word' id='word_1_108' title='bbox 606 1168 940 1227; x_wconf 86' lang='lat' dir='ltr'>Elephantiosus</span> <span class='ocrx_word' id='word_1_109' title='bbox 962 1178 1025 1212; x_wconf 89' lang='lat' dir='ltr'>est</span> <span class='ocrx_word' id='word_1_110' title='bbox 1042 1203 1052 1222; x_wconf 82' lang='lat'>‚</span> <span class='ocrx_word' id='word_1_111' title='bbox 1079 1184 1159 1213; x_wconf 88' lang='lat' dir='ltr'>nec</span> <span class='ocrx_word' id='word_1_112' title='bbox 1178 1169 1356 1213; x_wconf 85' lang='lat' dir='ltr'>morbus</span> <span class='ocrx_word' id='word_1_113' title='bbox 1377 1169 1455 1212; x_wconf 86' lang='lat' dir='ltr'>iste</span> <span class='ocrx_word' id='word_1_114' title='bbox 1485 1168 1625 1212; x_wconf 89' lang='lat' dir='ltr'>curari</span> <span class='ocrx_word' id='word_1_115' title='bbox 1647 1176 1804 1228; x_wconf 87' lang='lat' dir='ltr'>potest.</span> 
     </span>
    </p>
   </div>
   <div class='ocr_carea' id='block_1_11' title="bbox 423 1239 1859 1370">
    <p class='ocr_par' dir='ltr' id='par_1_11' title="bbox 423 1239 1859 1370">
     <span class='ocr_line' id='line_1_15' title="bbox 425 1239 1858 1299; baseline -0.001 -17"><span class='ocrx_word' id='word_1_116' title='bbox 425 1240 668 1283; x_wconf 83' lang='lat' dir='ltr'>Phthisicus</span> <span class='ocrx_word' id='word_1_117' title='bbox 683 1248 746 1282; x_wconf 90' lang='lat' dir='ltr'>est</span> <span class='ocrx_word' id='word_1_118' title='bbox 763 1274 774 1294; x_wconf 88' lang='lat'>,</span> <span class='ocrx_word' id='word_1_119' title='bbox 801 1239 896 1299; x_wconf 85' lang='lat' dir='ltr'>quis</span> <span class='ocrx_word' id='word_1_120' title='bbox 915 1240 997 1283; x_wconf 89' lang='lat' dir='ltr'>hoc</span> <span class='ocrx_word' id='word_1_121' title='bbox 1013 1242 1356 1285; x_wconf 78' lang='lat' dir='ltr'>curat?Necesse</span> <span class='ocrx_word' id='word_1_122' title='bbox 1381 1248 1444 1282; x_wconf 89' lang='lat' dir='ltr'>est</span> <span class='ocrx_word' id='word_1_123' title='bbox 1460 1248 1510 1282; x_wconf 88' lang='lat' dir='ltr'>ut</span> <span class='ocrx_word' id='word_1_124' title='bbox 1529 1247 1677 1298; x_wconf 89' lang='lat' dir='ltr'>pereat</span> <span class='ocrx_word' id='word_1_125' title='bbox 1691 1273 1702 1293; x_wconf 87' lang='lat'>‚</span> <span class='ocrx_word' id='word_1_126' title='bbox 1727 1253 1808 1281; x_wconf 83' lang='lat' dir='ltr'>ne·</span> <span class='ocrx_word' id='word_1_127' title='bbox 1844 1265 1858 1298; x_wconf 39' lang='grc' dir='ltr'>ᾗ</span> 
     </span>
     <span class='ocr_line' id='line_1_16' title="bbox 423 1308 1859 1370; baseline 0 -18"><span class='ocrx_word' id='word_1_128' title='bbox 423 1326 536 1354; x_wconf 84' lang='lat' dir='ltr'>cesse</span> <span class='ocrx_word' id='word_1_129' title='bbox 559 1319 620 1353; x_wconf 88' lang='lat' dir='ltr'>est</span> <span class='ocrx_word' id='word_1_130' title='bbox 644 1319 693 1353; x_wconf 90' lang='lat' dir='ltr'>ut</span> <span class='ocrx_word' id='word_1_131' title='bbox 715 1310 938 1354; x_wconf 88' lang='lat' dir='ltr'>moriatur.</span> <span class='ocrx_word' id='word_1_132' title='bbox 966 1313 1079 1354; x_wconf 86' lang='lat' dir='ltr'>Ecce</span> <span class='ocrx_word' id='word_1_133' title='bbox 1098 1312 1188 1370; x_wconf 89' lang='lat' dir='ltr'>jam</span> <span class='ocrx_word' id='word_1_134' title='bbox 1206 1309 1313 1353; x_wconf 79' lang='lat' dir='ltr'>dixit</span> <span class='ocrx_word' id='word_1_135' title='bbox 1334 1308 1543 1352; x_wconf 85' lang='lat' dir='ltr'>medicus.</span> <span class='ocrx_word' id='word_1_136' title='bbox 1565 1308 1808 1353; x_wconf 89' lang='lat' dir='ltr'>Phthisicus</span> <span class='ocrx_word' id='word_1_137' title='bbox 1856 1309 1859 1316; x_wconf 87' lang='lat'>&#39;</span> 
     </span>
    </p>
   </div>
   <div class='ocr_carea' id='block_1_12' title="bbox 421 1379 1812 2213">
    <p class='ocr_par' dir='ltr' id='par_1_12' title="bbox 421 1379 1812 2213">
     <span class='ocr_line' id='line_1_17' title="bbox 424 1379 1808 1440; baseline -0.001 -16"><span class='ocrx_word' id='word_1_138' title='bbox 424 1391 507 1435; x_wconf 84' lang='lat' dir='ltr'>est,</span> <span class='ocrx_word' id='word_1_139' title='bbox 529 1397 617 1425; x_wconf 91' lang='lat' dir='ltr'>non</span> <span class='ocrx_word' id='word_1_140' title='bbox 636 1391 777 1440; x_wconf 86' lang='lat' dir='ltr'>potest</span> <span class='ocrx_word' id='word_1_141' title='bbox 799 1381 879 1424; x_wconf 89' lang='lat' dir='ltr'>nisi</span> <span class='ocrx_word' id='word_1_142' title='bbox 902 1383 1111 1425; x_wconf 87' lang='lat' dir='ltr'>moriatur</span> <span class='ocrx_word' id='word_1_143' title='bbox 1131 1401 1139 1425; x_wconf 74' lang='grc' dir='ltr'>ε</span> <span class='ocrx_word' id='word_1_144' title='bbox 1163 1391 1205 1424; x_wconf 85' lang='lat' dir='ltr'>et</span> <span class='ocrx_word' id='word_1_145' title='bbox 1227 1391 1374 1425; x_wconf 87' lang='lat' dir='ltr'>tamen</span> <span class='ocrx_word' id='word_1_146' title='bbox 1393 1379 1628 1439; x_wconf 86' lang='lat' dir='ltr'>aliquando</span> <span class='ocrx_word' id='word_1_147' title='bbox 1650 1389 1693 1423; x_wconf 89' lang='lat' dir='ltr'>et</span> <span class='ocrx_word' id='word_1_148' title='bbox 1723 1380 1808 1437; x_wconf 89' lang='lat' dir='ltr'>hy-</span> 
     </span>
     <span class='ocr_line' id='line_1_18' title="bbox 423 1449 1806 1511; baseline 0 -17"><span class='ocrx_word' id='word_1_149' title='bbox 423 1452 553 1511; x_wconf 84' lang='lat' dir='ltr'>drops</span> <span class='ocrx_word' id='word_1_150' title='bbox 566 1468 653 1495; x_wconf 87' lang='lat' dir='ltr'>non</span> <span class='ocrx_word' id='word_1_151' title='bbox 666 1452 768 1494; x_wconf 86' lang='lat' dir='ltr'>inde</span> <span class='ocrx_word' id='word_1_152' title='bbox 782 1452 981 1505; x_wconf 87' lang='lat' dir='ltr'>moritur,</span> <span class='ocrx_word' id='word_1_153' title='bbox 999 1461 1041 1495; x_wconf 87' lang='lat' dir='ltr'>et</span> <span class='ocrx_word' id='word_1_154' title='bbox 1056 1450 1377 1511; x_wconf 87' lang='lat' dir='ltr'>elephantiosus</span> <span class='ocrx_word' id='word_1_155' title='bbox 1393 1466 1481 1495; x_wconf 90' lang='lat' dir='ltr'>non</span> <span class='ocrx_word' id='word_1_156' title='bbox 1493 1449 1594 1493; x_wconf 87' lang='lat' dir='ltr'>inde</span> <span class='ocrx_word' id='word_1_157' title='bbox 1606 1451 1806 1505; x_wconf 89' lang='lat' dir='ltr'>moritur,</span> 
     </span>
     <span class='ocr_line' id='line_1_19' title="bbox 424 1521 1811 1581; baseline 0.001 -17"><span class='ocrx_word' id='word_1_158' title='bbox 424 1533 466 1566; x_wconf 82' lang='lat' dir='ltr'>et</span> <span class='ocrx_word' id='word_1_159' title='bbox 492 1523 732 1581; x_wconf 84' lang='lat' dir='ltr'>phthisicus</span> <span class='ocrx_word' id='word_1_160' title='bbox 758 1537 846 1565; x_wconf 86' lang='lat' dir='ltr'>non</span> <span class='ocrx_word' id='word_1_161' title='bbox 869 1521 970 1565; x_wconf 90' lang='lat' dir='ltr'>inde</span> <span class='ocrx_word' id='word_1_162' title='bbox 993 1522 1177 1566; x_wconf 86' lang='lat' dir='ltr'>moritur</span> <span class='ocrx_word' id='word_1_163' title='bbox 1199 1540 1207 1565; x_wconf 91' lang='lat'>:</span> <span class='ocrx_word' id='word_1_164' title='bbox 1241 1531 1282 1565; x_wconf 83' lang='lat' dir='ltr'>et</span> <span class='ocrx_word' id='word_1_165' title='bbox 1306 1531 1452 1564; x_wconf 88' lang='lat' dir='ltr'>tamen</span> <span class='ocrx_word' id='word_1_166' title='bbox 1472 1535 1646 1564; x_wconf 88' lang='lat' dir='ltr'>necesse</span> <span class='ocrx_word' id='word_1_167' title='bbox 1676 1529 1739 1564; x_wconf 91' lang='lat' dir='ltr'>est</span> <span class='ocrx_word' id='word_1_168' title='bbox 1761 1529 1811 1565; x_wconf 86' lang='lat' dir='ltr'>ut</span> 
     </span>
     <span class='ocr_line' id='line_1_20' title="bbox 424 1590 1811 1653; baseline -0.001 -17"><span class='ocrx_word' id='word_1_169' title='bbox 424 1594 619 1653; x_wconf 83' lang='lat' dir='ltr'>quisquis</span> <span class='ocrx_word' id='word_1_170' title='bbox 642 1602 767 1636; x_wconf 88' lang='lat' dir='ltr'>natus</span> <span class='ocrx_word' id='word_1_171' title='bbox 796 1593 947 1647; x_wconf 77' lang='lat' dir='ltr'>fuerit,</span> <span class='ocrx_word' id='word_1_172' title='bbox 969 1592 1070 1636; x_wconf 86' lang='lat' dir='ltr'>inde</span> <span class='ocrx_word' id='word_1_173' title='bbox 1098 1592 1321 1636; x_wconf 89' lang='lat' dir='ltr'>moriatur.</span> <span class='ocrx_word' id='word_1_174' title='bbox 1354 1591 1540 1636; x_wconf 85' lang='lat' dir='ltr'>Moritur</span> <span class='ocrx_word' id='word_1_175' title='bbox 1561 1590 1690 1647; x_wconf 87' lang='lat' dir='ltr'>inde,</span> <span class='ocrx_word' id='word_1_176' title='bbox 1721 1606 1811 1636; x_wconf 92' lang='lat' dir='ltr'>non</span> 
     </span>
     <span class='ocr_line' id='line_1_21' title="bbox 424 1661 1812 1722; baseline 0 -17"><span class='ocrx_word' id='word_1_177' title='bbox 424 1672 564 1722; x_wconf 81' lang='lat' dir='ltr'>potest</span> <span class='ocrx_word' id='word_1_178' title='bbox 586 1662 723 1706; x_wconf 86' lang='lat' dir='ltr'>aliter.</span> <span class='ocrx_word' id='word_1_179' title='bbox 745 1665 836 1707; x_wconf 85' lang='lat' dir='ltr'>Hoc</span> <span class='ocrx_word' id='word_1_180' title='bbox 858 1671 900 1706; x_wconf 89' lang='lat' dir='ltr'>et</span> <span class='ocrx_word' id='word_1_181' title='bbox 922 1661 1116 1707; x_wconf 89' lang='lat' dir='ltr'>medicus</span> <span class='ocrx_word' id='word_1_182' title='bbox 1133 1672 1177 1706; x_wconf 88' lang='lat' dir='ltr'>et</span> <span class='ocrx_word' id='word_1_183' title='bbox 1190 1663 1414 1721; x_wconf 85' lang='lat' dir='ltr'>imperitus</span> <span class='ocrx_word' id='word_1_184' title='bbox 1438 1662 1714 1721; x_wconf 85' lang='lat' dir='ltr'>pronuntiat:</span> <span class='ocrx_word' id='word_1_185' title='bbox 1735 1661 1812 1706; x_wconf 88' lang='lat' dir='ltr'>sed</span> 
     </span>
     <span class='ocr_line' id='line_1_22' title="bbox 424 1731 1810 1792; baseline -0.001 -15"><span class='ocrx_word' id='word_1_186' title='bbox 424 1743 466 1777; x_wconf 82' lang='lat' dir='ltr'>et</span> <span class='ocrx_word' id='word_1_187' title='bbox 484 1735 517 1777; x_wconf 87' lang='lat' dir='ltr'>si</span> <span class='ocrx_word' id='word_1_188' title='bbox 535 1733 695 1777; x_wconf 87' lang='lat' dir='ltr'>tardius</span> <span class='ocrx_word' id='word_1_189' title='bbox 714 1734 913 1787; x_wconf 80' lang='lat' dir='ltr'>moritur,</span> <span class='ocrx_word' id='word_1_190' title='bbox 934 1732 1151 1792; x_wconf 84' lang='lat' dir='ltr'>numquid</span> <span class='ocrx_word' id='word_1_191' title='bbox 1169 1733 1268 1776; x_wconf 92' lang='lat' dir='ltr'>ideo</span> <span class='ocrx_word' id='word_1_192' title='bbox 1289 1748 1378 1776; x_wconf 88' lang='lat' dir='ltr'>non</span> <span class='ocrx_word' id='word_1_193' title='bbox 1396 1733 1605 1776; x_wconf 81' lang='lat' dir='ltr'>moritur?</span> <span class='ocrx_word' id='word_1_194' title='bbox 1626 1731 1810 1785; x_wconf 84' lang='lat' dir='ltr'>Quando</span> 
     </span>
     <span class='ocr_line' id='line_1_23' title="bbox 422 1802 1809 1862; baseline -0.001 -15"><span class='ocrx_word' id='word_1_195' title='bbox 422 1819 522 1861; x_wconf 79' lang='lat' dir='ltr'>crgo</span> <span class='ocrx_word' id='word_1_196' title='bbox 545 1819 643 1847; x_wconf 86' lang='lat' dir='ltr'>vera</span> <span class='ocrx_word' id='word_1_197' title='bbox 662 1804 817 1847; x_wconf 78' lang='lat' dir='ltr'>sanitas</span> <span class='ocrx_word' id='word_1_198' title='bbox 835 1838 845 1856; x_wconf 81' lang='lat'><em>‚</em></span> <span class='ocrx_word' id='word_1_199' title='bbox 866 1804 945 1846; x_wconf 88' lang='lat' dir='ltr'>nisi</span> <span class='ocrx_word' id='word_1_200' title='bbox 969 1802 1145 1862; x_wconf 82' lang='lat' dir='ltr'>quando</span> <span class='ocrx_word' id='word_1_201' title='bbox 1167 1818 1267 1847; x_wconf 85' lang='lat' dir='ltr'>vera</span> <span class='ocrx_word' id='word_1_202' title='bbox 1291 1802 1621 1845; x_wconf 81' lang='lat' dir='ltr'>immortalitas?</span> <span class='ocrx_word' id='word_1_203' title='bbox 1649 1802 1690 1846; x_wconf 91' lang='lat' dir='ltr'>Si</span> <span class='ocrx_word' id='word_1_204' title='bbox 1706 1816 1809 1860; x_wconf 84' lang='lat' dir='ltr'>ergo</span> 
     </span>
     <span class='ocr_line' id='line_1_24' title="bbox 424 1870 1808 1931; baseline 0 -16"><span class='ocrx_word' id='word_1_205' title='bbox 424 1889 523 1915; x_wconf 82' lang='lat' dir='ltr'>vera</span> <span class='ocrx_word' id='word_1_206' title='bbox 547 1872 847 1916; x_wconf 71' lang='lat' dir='ltr'>immortalitas</span> <span class='ocrx_word' id='word_1_207' title='bbox 863 1907 873 1924; x_wconf 78' lang='grc'>,</span> <span class='ocrx_word' id='word_1_208' title='bbox 900 1872 1021 1915; x_wconf 86' lang='lat' dir='ltr'>nulla</span> <span class='ocrx_word' id='word_1_209' title='bbox 1048 1872 1270 1930; x_wconf 83' lang='lat' dir='ltr'>corruptio</span> <span class='ocrx_word' id='word_1_210' title='bbox 1287 1906 1297 1926; x_wconf 90' lang='lat'>,</span> <span class='ocrx_word' id='word_1_211' title='bbox 1324 1870 1444 1914; x_wconf 84' lang='lat' dir='ltr'>nulla</span> <span class='ocrx_word' id='word_1_212' title='bbox 1467 1870 1674 1925; x_wconf 82' lang='lat' dir='ltr'>defectio,</span> <span class='ocrx_word' id='word_1_213' title='bbox 1700 1871 1808 1931; x_wconf 90' lang='lat' dir='ltr'>quid</span> 
     </span>
     <span class='ocr_line' id='line_1_25' title="bbox 427 1941 1809 2002; baseline 0.001 -17"><span class='ocrx_word' id='word_1_214' title='bbox 427 1943 514 1987; x_wconf 90' lang='lat' dir='ltr'>illic</span> <span class='ocrx_word' id='word_1_215' title='bbox 546 1943 758 1987; x_wconf 81' lang='lat' dir='ltr'>alimentis</span> <span class='ocrx_word' id='word_1_216' title='bbox 786 1958 894 2002; x_wconf 91' lang='lat' dir='ltr'>opus</span> <span class='ocrx_word' id='word_1_217' title='bbox 914 1943 1020 1986; x_wconf 78' lang='lat' dir='ltr'>erit?</span> <span class='ocrx_word' id='word_1_218' title='bbox 1046 1945 1162 2001; x_wconf 85' lang='lat' dir='ltr'>Ergo</span> <span class='ocrx_word' id='word_1_219' title='bbox 1184 1957 1283 1986; x_wconf 90' lang='lat' dir='ltr'>cum</span> <span class='ocrx_word' id='word_1_220' title='bbox 1307 1941 1457 1986; x_wconf 83' lang='lat' dir='ltr'>audis:</span> <span class='ocrx_word' id='word_1_221' title='bbox 1487 1960 1506 1982; x_wconf 89' lang='lat'>«</span> <span class='ocrx_word' id='word_1_222' title='bbox 1533 1941 1809 1986; x_wconf 87' lang='lat' dir='ltr'>Recumbent</span> 
     </span>
     <span class='ocr_line' id='line_1_26' title="bbox 427 2013 1804 2071; baseline 0.002 -18"><span class='ocrx_word' id='word_1_223' title='bbox 427 2033 445 2053; x_wconf 65' lang='grc' dir='ltr'>η</span> <span class='ocrx_word' id='word_1_224' title='bbox 472 2029 571 2057; x_wconf 91' lang='lat' dir='ltr'>cum</span> <span class='ocrx_word' id='word_1_225' title='bbox 589 2014 822 2066; x_wconf 77' lang='lat' dir='ltr'>Abraham,</span> <span class='ocrx_word' id='word_1_226' title='bbox 843 2022 884 2056; x_wconf 80' lang='lat' dir='ltr'>et</span> <span class='ocrx_word' id='word_1_227' title='bbox 898 2015 1030 2067; x_wconf 82' lang='lat' dir='ltr'>Isaac,</span> <span class='ocrx_word' id='word_1_228' title='bbox 1049 2022 1092 2056; x_wconf 89' lang='lat' dir='ltr'>et</span> <span class='ocrx_word' id='word_1_229' title='bbox 1106 2013 1241 2056; x_wconf 87' lang='lat' dir='ltr'>Jacob</span> <span class='ocrx_word' id='word_1_230' title='bbox 1258 2014 1268 2037; x_wconf 93' lang='lat'><strong>¹</strong></span> <span class='ocrx_word' id='word_1_231' title='bbox 1285 2028 1292 2052; x_wconf 93' lang='lat'>:</span> <span class='ocrx_word' id='word_1_232' title='bbox 1315 2031 1334 2053; x_wconf 90' lang='lat'>»</span> <span class='ocrx_word' id='word_1_233' title='bbox 1350 2027 1437 2056; x_wconf 88' lang='lat' dir='ltr'>non</span> <span class='ocrx_word' id='word_1_234' title='bbox 1454 2027 1575 2071; x_wconf 86' lang='lat' dir='ltr'>pares</span> <span class='ocrx_word' id='word_1_235' title='bbox 1591 2021 1804 2067; x_wconf 87' lang='lat' dir='ltr'>ventrem,</span> 
     </span>
     <span class='ocr_line' id='line_1_27' title="bbox 421 2082 1808 2141; baseline 0 -15"><span class='ocrx_word' id='word_1_236' title='bbox 421 2083 498 2127; x_wconf 77' lang='lat' dir='ltr'>sed</span> <span class='ocrx_word' id='word_1_237' title='bbox 516 2093 722 2127; x_wconf 82' lang='lat' dir='ltr'>mentem.</span> <span class='ocrx_word' id='word_1_238' title='bbox 751 2083 1004 2141; x_wconf 84' lang='lat' dir='ltr'>Impleheris</span> <span class='ocrx_word' id='word_1_239' title='bbox 1025 2083 1084 2126; x_wconf 90' lang='lat' dir='ltr'>ibi</span> <span class='ocrx_word' id='word_1_240' title='bbox 1106 2102 1114 2127; x_wconf 73' lang='grc' dir='ltr'><em>ι</em></span> <span class='ocrx_word' id='word_1_241' title='bbox 1136 2092 1179 2126; x_wconf 84' lang='lat' dir='ltr'>et</span> <span class='ocrx_word' id='word_1_242' title='bbox 1194 2082 1284 2141; x_wconf 87' lang='lat' dir='ltr'>ipse</span> <span class='ocrx_word' id='word_1_243' title='bbox 1306 2083 1484 2127; x_wconf 83' lang='lat' dir='ltr'>interior</span> <span class='ocrx_word' id='word_1_244' title='bbox 1504 2092 1656 2127; x_wconf 85' lang='lat' dir='ltr'>venter</span> <span class='ocrx_word' id='word_1_245' title='bbox 1677 2083 1808 2127; x_wconf 87' lang='lat' dir='ltr'>habet</span> 
     </span>
     <span class='ocr_line' id='line_1_28' title="bbox 423 2152 1807 2213; baseline -0.001 -16"><span class='ocrx_word' id='word_1_246' title='bbox 423 2154 539 2197; x_wconf 78' lang='lat' dir='ltr'>cibos</span> <span class='ocrx_word' id='word_1_247' title='bbox 561 2169 675 2197; x_wconf 84' lang='lat' dir='ltr'>suos.</span> <span class='ocrx_word' id='word_1_248' title='bbox 705 2152 953 2197; x_wconf 86' lang='lat' dir='ltr'>Secundum</span> <span class='ocrx_word' id='word_1_249' title='bbox 975 2153 1108 2196; x_wconf 89' lang='lat' dir='ltr'>istum</span> <span class='ocrx_word' id='word_1_250' title='bbox 1131 2162 1326 2196; x_wconf 83' lang='lat' dir='ltr'>ventrem</span> <span class='ocrx_word' id='word_1_251' title='bbox 1344 2153 1503 2197; x_wconf 77' lang='lat' dir='ltr'>dicitur</span> <span class='ocrx_word' id='word_1_252' title='bbox 1524 2172 1532 2197; x_wconf 91' lang='grc'>;</span> <span class='ocrx_word' id='word_1_253' title='bbox 1556 2173 1575 2195; x_wconf 91' lang='lat'>«</span> <span class='ocrx_word' id='word_1_254' title='bbox 1593 2154 1713 2197; x_wconf 85' lang='lat' dir='ltr'>Beati</span> <span class='ocrx_word' id='word_1_255' title='bbox 1730 2153 1807 2213; x_wconf 80' lang='lat' dir='ltr'>qui</span> 
     </span>
    </p>
   </div>
   <div class='ocr_carea' id='block_1_13' title="bbox 428 2220 1844 2284">
    <p class='ocr_par' dir='ltr' id='par_1_13' title="bbox 428 2220 1844 2284">
     <span class='ocr_line' id='line_1_29' title="bbox 428 2220 1844 2284; baseline 0.001 -19"><span class='ocrx_word' id='word_1_256' title='bbox 428 2244 446 2264; x_wconf 82' lang='lat'>»</span> <span class='ocrx_word' id='word_1_257' title='bbox 474 2225 669 2268; x_wconf 84' lang='lat' dir='ltr'>esuriunt</span> <span class='ocrx_word' id='word_1_258' title='bbox 692 2233 733 2268; x_wconf 86' lang='lat' dir='ltr'>ct</span> <span class='ocrx_word' id='word_1_259' title='bbox 755 2224 906 2267; x_wconf 84' lang='lat' dir='ltr'>sitiunt</span> <span class='ocrx_word' id='word_1_260' title='bbox 933 2224 1173 2283; x_wconf 74' lang='lat' dir='ltr'>justitiam3</span> <span class='ocrx_word' id='word_1_261' title='bbox 1204 2225 1409 2284; x_wconf 83' lang='lat' dir='ltr'>quoniam</span> <span class='ocrx_word' id='word_1_262' title='bbox 1434 2225 1514 2283; x_wconf 89' lang='lat' dir='ltr'>ipsi</span> <span class='ocrx_word' id='word_1_263' title='bbox 1542 2224 1806 2269; x_wconf 77' lang='lat' dir='ltr'>saturabun-</span> <span class='ocrx_word' id='word_1_264' title='bbox 1838 2220 1844 2224; x_wconf 62' lang='grc'><strong>”</strong></span> 
     </span>
    </p>
   </div>
   <div class='ocr_carea' id='block_1_14' title="bbox 428 2293 1596 2342">
    <p class='ocr_par' dir='ltr' id='par_1_14' title="bbox 428 2293 1596 2342">
     <span class='ocr_line' id='line_1_30' title="bbox 428 2293 1596 2342; baseline 0.002 -7"><span class='ocrx_word' id='word_1_265' title='bbox 428 2315 445 2335; x_wconf 85' lang='lat'>»</span> <span class='ocrx_word' id='word_1_266' title='bbox 474 2299 586 2338; x_wconf 70' lang='lat' dir='ltr'>tur2‚</span> <span class='ocrx_word' id='word_1_267' title='bbox 618 2315 635 2336; x_wconf 63' lang='grc' dir='ltr'>υ</span> <span class='ocrx_word' id='word_1_268' title='bbox 668 2298 723 2338; x_wconf 87' lang='lat' dir='ltr'>Et</span> <span class='ocrx_word' id='word_1_269' title='bbox 744 2310 843 2337; x_wconf 85' lang='lat' dir='ltr'>vere</span> <span class='ocrx_word' id='word_1_270' title='bbox 867 2293 1195 2342; x_wconf 59' lang='lat' dir='ltr'>saturabuntun</span> <span class='ocrx_word' id='word_1_271' title='bbox 1217 2303 1370 2338; x_wconf 86' lang='lat' dir='ltr'>utnon</span> <span class='ocrx_word' id='word_1_272' title='bbox 1394 2294 1596 2338; x_wconf 84' lang='lat' dir='ltr'>esuriant.</span> 
     </span>
    </p>
   </div>
   <div class='ocr_carea' id='block_1_15' title="bbox 480 2343 1893 2423">
    <p class='ocr_par' dir='ltr' id='par_1_15' title="bbox 480 2343 1893 2423">
     <span class='ocr_line' id='line_1_31' title="bbox 480 2343 1893 2423; baseline -0.001 -16"><span class='ocrx_word' id='word_1_273' title='bbox 480 2367 575 2408; x_wconf 81' lang='lat' dir='ltr'>XV.</span> <span class='ocrx_word' id='word_1_274' title='bbox 606 2366 826 2408; x_wconf 85' lang='lat' dir='ltr'>Inserebat</span> <span class='ocrx_word' id='word_1_275' title='bbox 858 2379 959 2422; x_wconf 83' lang='lat' dir='ltr'>ergo</span> <span class='ocrx_word' id='word_1_276' title='bbox 976 2364 1065 2423; x_wconf 86' lang='lat' dir='ltr'>jam</span> <span class='ocrx_word' id='word_1_277' title='bbox 1091 2364 1321 2407; x_wconf 86' lang='lat' dir='ltr'>oleastrum</span> <span class='ocrx_word' id='word_1_278' title='bbox 1354 2364 1561 2407; x_wconf 84' lang='lat' dir='ltr'>Dominus</span> <span class='ocrx_word' id='word_1_279' title='bbox 1579 2398 1589 2418; x_wconf 85' lang='lat'>,</span> <span class='ocrx_word' id='word_1_280' title='bbox 1615 2379 1715 2407; x_wconf 89' lang='lat' dir='ltr'>cum</span> <span class='ocrx_word' id='word_1_281' title='bbox 1738 2362 1807 2407; x_wconf 84' lang='lat' dir='ltr'>di-</span> <span class='ocrx_word' id='word_1_282' title='bbox 1830 2343 1835 2421; x_wconf 64' lang='lat' dir='ltr'>i</span> <span class='ocrx_word' id='word_1_283' title='bbox 1885 2402 1893 2422; x_wconf 24' lang='grc' dir='ltr'>,ἡ</span> 
     </span>
    </p>
   </div>
   <div class='ocr_carea' id='block_1_16' title="bbox 421 2435 1806 2563">
    <p class='ocr_par' dir='ltr' id='par_1_16' title="bbox 421 2435 1806 2563">
     <span class='ocr_line' id='line_1_32' title="bbox 421 2435 1806 2479; baseline 0 -3"><span class='ocrx_word' id='word_1_284' title='bbox 421 2435 548 2478; x_wconf 64' lang='lat' dir='ltr'>uehat</span> <span class='ocrx_word' id='word_1_285' title='bbox 571 2455 578 2479; x_wconf 94' lang='lat'>:</span> <span class='ocrx_word' id='word_1_286' title='bbox 604 2455 622 2476; x_wconf 89' lang='lat'>«</span> <span class='ocrx_word' id='word_1_287' title='bbox 649 2436 774 2478; x_wconf 78' lang='lat' dir='ltr'>Multi</span> <span class='ocrx_word' id='word_1_288' title='bbox 797 2435 850 2478; x_wconf 83' lang='lat' dir='ltr'>ab</span> <span class='ocrx_word' id='word_1_289' title='bbox 873 2435 1049 2478; x_wconf 86' lang='lat' dir='ltr'>Oriente</span> <span class='ocrx_word' id='word_1_290' title='bbox 1067 2444 1109 2477; x_wconf 91' lang='lat' dir='ltr'>et</span> <span class='ocrx_word' id='word_1_291' title='bbox 1126 2435 1362 2479; x_wconf 84' lang='lat' dir='ltr'>Occidente</span> <span class='ocrx_word' id='word_1_292' title='bbox 1379 2435 1554 2478; x_wconf 83' lang='lat' dir='ltr'>venient</span> <span class='ocrx_word' id='word_1_293' title='bbox 1572 2444 1613 2478; x_wconf 75' lang='lat' dir='ltr'>et</span> <span class='ocrx_word' id='word_1_294' title='bbox 1636 2449 1806 2477; x_wconf 86' lang='lat' dir='ltr'>recum-</span> 
     </span>
     <span class='ocr_line' id='line_1_33' title="bbox 425 2503 1802 2563; baseline 0 -16"><span class='ocrx_word' id='word_1_295' title='bbox 425 2523 442 2542; x_wconf 71' lang='lat'>»</span> <span class='ocrx_word' id='word_1_296' title='bbox 485 2504 587 2548; x_wconf 81' lang='lat' dir='ltr'>bont</span> <span class='ocrx_word' id='word_1_297' title='bbox 610 2521 706 2548; x_wconf 87' lang='lat' dir='ltr'>cum</span> <span class='ocrx_word' id='word_1_298' title='bbox 728 2505 942 2549; x_wconf 74' lang='lat' dir='ltr'>Abraham</span> <span class='ocrx_word' id='word_1_299' title='bbox 959 2540 969 2558; x_wconf 80' lang='grc'>,</span> <span class='ocrx_word' id='word_1_300' title='bbox 995 2513 1037 2549; x_wconf 88' lang='lat' dir='ltr'>et</span> <span class='ocrx_word' id='word_1_301' title='bbox 1060 2507 1191 2559; x_wconf 78' lang='lat' dir='ltr'>Isaac,</span> <span class='ocrx_word' id='word_1_302' title='bbox 1218 2515 1258 2548; x_wconf 70' lang='lat' dir='ltr'>et</span> <span class='ocrx_word' id='word_1_303' title='bbox 1282 2505 1417 2549; x_wconf 84' lang='lat' dir='ltr'>Jacob</span> <span class='ocrx_word' id='word_1_304' title='bbox 1442 2504 1484 2547; x_wconf 91' lang='lat' dir='ltr'>in</span> <span class='ocrx_word' id='word_1_305' title='bbox 1507 2519 1641 2563; x_wconf 81' lang='lat' dir='ltr'>regno</span> <span class='ocrx_word' id='word_1_306' title='bbox 1664 2503 1802 2549; x_wconf 81' lang='lat' dir='ltr'>coelo-</span> 
     </span>
    </p>
   </div>
   <div class='ocr_carea' id='block_1_17' title="bbox 476 2589 1052 2629">
    <p class='ocr_par' dir='ltr' id='par_1_17' title="bbox 476 2589 1052 2629">
     <span class='ocr_line' id='line_1_34' title="bbox 476 2589 1052 2629; baseline 0 -10"><span class='ocrx_word' id='word_1_307' title='bbox 476 2591 479 2604; x_wconf 94' lang='lat'>¹</span> <span class='ocrx_word' id='word_1_308' title='bbox 505 2590 702 2628; x_wconf 67' lang='lat' dir='ltr'>Ma1111.vn1,</span> <span class='ocrx_word' id='word_1_309' title='bbox 728 2601 775 2620; x_wconf 79' lang='lat'>¹1.</span> <span class='ocrx_word' id='word_1_310' title='bbox 799 2608 835 2612; x_wconf 61' lang='grc' dir='ltr'>-ψ</span> <span class='ocrx_word' id='word_1_311' title='bbox 861 2598 871 2611; x_wconf 81' lang='lat'>²</span> <span class='ocrx_word' id='word_1_312' title='bbox 893 2590 940 2621; x_wconf 72' lang='lat' dir='ltr'>ld.</span> <span class='ocrx_word' id='word_1_313' title='bbox 960 2600 990 2629; x_wconf 79' lang='lat' dir='ltr'>v,</span> <span class='ocrx_word' id='word_1_314' title='bbox 1020 2589 1052 2619; x_wconf 85' lang='lat'>6.</span> 
     </span>
    </p>
   </div>
   <div class='ocr_carea' id='block_1_18' title="bbox 1829 2424 1836 2550">
    <p class='ocr_par' dir='ltr' id='par_1_18' title="bbox 1829 2424 1836 2550">
     <span class='ocr_line' id='line_1_35' title="bbox 1829 2424 1836 2550; baseline 0 628"><span class='ocrx_word' id='word_1_315' title='bbox 1829 2424 1836 2550; x_wconf 95' lang='lat' dir='ltr'> </span> 
     </span>
    </p>
   </div>
   <div class='ocr_carea' id='block_1_19' title="bbox 1842 227 1846 327">
    <p class='ocr_par' dir='ltr' id='par_1_19' title="bbox 1842 227 1846 327">
     <span class='ocr_line' id='line_1_36' title="bbox 1842 227 1846 327; baseline 0 -18"><span class='ocrx_word' id='word_1_316' title='bbox 1842 227 1846 327; x_wconf 65' lang='lat' dir='ltr'>l</span> 
     </span>
    </p>
   </div>
   <div class='ocr_carea' id='block_1_20' title="bbox 1827 346 1866 3178">
    <p class='ocr_par' dir='ltr' id='par_1_20' title="bbox 1827 346 1866 3178">
     <span class='ocr_line' id='line_1_37' title="bbox 1827 346 1866 3178; baseline 1.308 -916"><span class='ocrx_word' id='word_1_317' title='bbox 1827 346 1866 3178; x_wconf 95' lang='lat' dir='ltr'>    </span> 
     </span>
    </p>
   </div>
   <div class='ocr_carea' id='block_1_21' title="bbox 1824 2772 1831 3178">
    <p class='ocr_par' dir='ltr' id='par_1_21' title="bbox 1824 2772 1831 3178">
     <span class='ocr_line' id='line_1_38' title="bbox 1828 2772 1831 2828; baseline 0 0"><span class='ocrx_word' id='word_1_318' title='bbox 1828 2772 1831 2828; x_wconf 67' lang='lat' dir='ltr'>i</span> 
     </span>
     <span class='ocr_line' id='line_1_39' title="bbox 1826 3047 1830 3125; baseline 0 0"><span class='ocrx_word' id='word_1_319' title='bbox 1826 3047 1830 3125; x_wconf 62' lang='lat' dir='ltr'>i</span> 
     </span>
     <span class='ocr_line' id='line_1_40' title="bbox 1824 3139 1829 3178; baseline 0 -10"><span class='ocrx_word' id='word_1_320' title='bbox 1824 3139 1829 3178; x_wconf 51' lang='lat'><em>2</em></span> 
     </span>
    </p>
   </div>
  </div>
 </body>
</html>
