1898 3178
371 221 454 259 602
799 233 831 258 s.
869 231 1097 259 AUGUSTINI
1133 233 1310 260 EPISCOPI

372 314 393 337 »
422 313 443 339 a
462 295 577 340 malo
593 332 604 351 ,
625 305 667 340 et
686 295 752 339 fae
771 295 934 339 bonum
958 311 966 337 :
997 315 1016 337 »
1042 297 1160 356 prius
1175 297 1538 355 aecingelumbos
1560 306 1657 342 tuos
1674 334 1684 352 ,
1709 308 1751 342 et

369 376 474 411 tunc
493 367 679 411 accende
700 367 939 410 lucernam.
965 370 1138 411 Etcum
1159 368 1243 411 hoe
1271 366 1420 411 feceris
1437 403 1448 422 ,
1477 383 1654 413 securus
1676 385 1750 413 ex-

370 446 493 497 pecta
520 456 539 478 «
567 437 710 480 Vitam
738 445 780 480 et
807 436 897 480 dies
916 437 1068 481 bonos.
1103 440 1258 491 Quaere
1289 453 1437 497 pacem
1455 473 1465 492 ‚
1499 448 1541 482 et
1572 454 1751 498 sequere

374 528 391 547 »
418 522 512 551 eam
540 526 548 551 :
581 525 598 546 ι)
624 516 667 551 et
690 515 794 551 tune
818 507 933 551 bona
956 507 1101 551 fronte
1129 506 1245 552 dices
1263 508 1447 553 Domino
1473 527 1482 553 z
1509 509 1609 553 Feci
1631 510 1750 568 quod

364 578 552 638 jussisti,
574 578 707 622 redde
728 578 848 638 quod
873 579 1116 638 promisisti.

368 734 504 750 υῑὶἱψῑὶἱ
511 736 1752 754 mmmwmmwwm¹mmm¹wwmwwwwwwwwm

846 853 1074 900 SERMO
1127 852 1277 900 C1X1.

369 1006 430 1048 De
453 1003 593 1048 verbis
625 1003 849 1062 Evangelii
880 1007 1011 1049 Lucae
1041 1022 1105 1048 ΧΠ
1130 1023 1138 1049 :
1165 1003 1370 1048 Faciem
1398 1001 1509 1048 coeli
1539 1011 1584 1047 et
1613 1011 1751 1048 ter-rte

406 1104 408 1107 -
428 1075 575 1119 nostis
594 1073 832 1133 probare,
858 1085 945 1119 ete.
971 1074 1114 1135 deque
1148 1076 1236 1119 istis
1262 1094 1270 1120 ε
1296 1075 1354 1120 Si
1371 1072 1511 1119 vnclis
1531 1089 1639 1118 cum
1661 1072 1752 1118 acl-

429 1147 639 1190 versario
663 1156 742 1190 tuo
764 1144 834 1190 ad
849 1147 1134 1206 principem,
1160 1144 1226 1190 (la
1248 1161 1447 1205 operam
1467 1145 1517 1189 in
1538 1145 1619 1189 via
1645 1142 1753 1189 libe-

430 1218 534 1262 rari
553 1216 616 1262 ab
636 1217 717 1262 illo
732 1253 743 1273 ,
775 1227 863 1262 ete.

429 1366 463 1408 Ι.
491 1367 787 1409 EVANGELIUM
817 1363 1081 1419 audivimus,
1102 1373 1144 1408 et
1175 1364 1220 1407 in
1248 1378 1300 1407 eo
1327 1362 1561 1407 Dominum
1584 1376 1655 1406 eos
1683 1377 1753 1406 ar-

372 1444 606 1493 guentem‚
638 1436 713 1494 qui
749 1434 903 1479 faeiem
939 1434 1040 1479 coeli
1071 1443 1233 1478 norunt
1266 1434 1473 1492 probare,
1512 1442 1555 1476 et
1585 1441 1755 1491 tempus

370 1505 470 1548 fidei
500 1505 619 1562 regni
647 1505 860 1549 coelorum
891 1505 1278 1564 appropinquantis
1311 1503 1510 1548 nesciunt
1542 1503 1752 1546 invenire.

370 1575 530 1618 Judaeis
551 1585 694 1619 autem
720 1575 802 1619 hoe
825 1574 1025 1632 dicebat3
1057 1574 1131 1619 sed
1155 1576 1283 1618 etiam
1308 1573 1361 1617 ad
1384 1589 1461 1618 nos
1485 1588 1624 1616 sermo
1654 1588 1755 1632 per-

369 1645 501 1688 venit.
539 1645 745 1689 Dominus
773 1654 920 1689 autem
952 1645 1043 1704 ipse
1070 1647 1193 1688 Jesus
1221 1644 1418 1689 Christus
1440 1643 1664 1702 Evangelii
1692 1644 1757 1687 sui

369 1715 722 1774 preedieationem
745 1716 803 1759 ita
825 1715 959 1774 coepit
988 1734 996 1759 :
1034 1734 1054 1755 «ι
1086 1715 1212 1773 Agite
1234 1714 1562 1774 poenitentiam,
1595 1728 1755 1773 appro—

371 1805 392 1827 »
418 1787 647 1847 pinquavit
663 1787 779 1831 enim
792 1801 974 1845 regnum
989 1786 1238 1831 eoelorum2.
1255 1805 1274 1827 »
1294 1785 1496 1830 Similiter
1510 1794 1553 1829 et
1566 1787 1590 1828 J
1595 1799 1757 1828 oannes

369 1857 560 1916 Baptista
583 1867 626 1901 et
648 1873 887 1916 praeeursor
916 1858 1048 1917 ipsius
1069 1857 1126 1901 ita
1151 1857 1284 1913 eoepit
1306 1875 1314 1898 ;
1345 1873 1364 1895 «
1385 1855 1514 1911 Agite
1532 1855 1756 1912 poeniten-

372 1945 392 1966 »
419 1928 546 1979 tiam,
587 1928 954 1984 appropinquavit
983 1925 1098 1967 enim
1130 1939 1315 1982 regnum
1354 1922 1611 1967 coelorumss.
1641 1941 1660 1964 »
1701 1926 1757 1967 Et

369 1995 500 2040 modo
523 1996 701 2055 corripit
724 2011 795 2040 eos
831 1996 1061 2050 Dominus,
1095 1997 1170 2054 qui
1194 1995 1351 2039 nolunt
1373 2010 1500 2053 agere
1535 1995 1755 2054 poeniten-

371 2067 495 2121 tiam,
523 2066 901 2125 appropinquante
929 2081 1063 2124 regno
1094 2065 1324 2110 coelorum.
1371 2084 1390 2107 «
1427 2069 1630 2123 Regnum
1663 2080 1756 2109 coe-

374 2156 392 2177 »
418 2137 582 2191 lorum,
608 2137 719 2181 sicut
746 2138 836 2196 ipse
855 2138 940 2191 ait,
962 2153 1050 2181 non
1069 2137 1212 2181 veniet
1237 2152 1338 2181 eum
1361 2137 1704 2181 observatione⁴.
1731 2156 1751 2179 »

369 2209 425 2251 Et
454 2208 612 2252 iterum
641 2209 732 2267 ipse
754 2209 813 2252 ait
843 2227 851 2253 z
881 2212 1116 2266 «Regnum
1140 2208 1351 2253 coelorum
1371 2210 1485 2253 intra
1507 2224 1582 2253 vos
1604 2211 1711 2254 est⁵.
1731 2227 1751 2250 »

370 2278 613 2323 Prudenter
636 2294 736 2337 ergo
755 2279 936 2339 accipiat
953 2280 1254 2340 unusquisque
1271 2281 1435 2324 monita
1458 2281 1750 2339 praeceptoris,

370 2360 419 2393 ut
442 2365 530 2393 non
549 2349 702 2408 perdat
724 2359 894 2410 tempus
913 2350 1213 2395 misericordiae
1235 2351 1479 2405 salvatoris,
1501 2367 1600 2410 quae
1620 2351 1752 2395 modo

370 2420 663 2479 impenditur,
701 2421 897 2481 quandiu
927 2422 1071 2479 generi
1100 2422 1293 2466 humano
1326 2421 1531 2481 parcitur.
1569 2420 1637 2465 Ad
1666 2422 1748 2466 hoe

432 2515 517 2547 Alias
538 2527 547 2547 ι
571 2517 610 2548 de
632 2516 737 2548 verbis
759 2517 893 2549 Domini.
915 2534 956 2539 —
971 2523 983 2539 2
1011 2517 1131 2549 Matth.
1153 2528 1199 2557 ιν,
1224 2528 1272 2558 ¹7·
1304 2533 1343 2539 —
1366 2515 1501 2557 31‹l.1n‚
1521 2524 1554 2548 2.
1571 2532 1612 2539 —
1630 2514 1646 2545 4
1670 2518 1748 2549 Luc.

371 2581 452 2611 xvn,
473 2580 524 2603 20.
545 2588 587 2594 —
602 2571 616 2594 5
641 2572 721 2604 lbid.
743 2583 798 2604 2¹.
