1898 3178
407 205 460 242 30
469 203 488 241 4
841 214 873 242 s.
910 214 1139 242 Aueus‘nm
1173 217 1350 243 Emscom

463 281 561 323 XX.
587 282 748 324 Contra
768 279 852 322 hoc
886 279 1052 322 donum
1086 280 1320 339 gratuitum
1341 315 1351 335 ,
1378 290 1531 325 contra
1561 281 1685 325 istam
1708 282 1784 326 Dei

404 349 583 407 gratiam
600 348 794 408 loquitur
806 363 880 392 cor
902 348 1196 407 impoenitens.
1220 353 1318 410 Ipsa
1340 365 1444 410 ergo
1467 351 1786 410 impoenitentia
1805 344 1812 350 ’

404 429 467 463 est
489 419 670 478 Spiritus
692 417 959 478 blasphemia
971 454 982 474 ,
1001 436 1101 480 quae
1118 436 1207 465 non
1222 421 1467 465 remittetur
1485 436 1627 481 neque
1643 420 1690 465 in
1702 422 1786 465 hoc

403 489 561 534 saeculo
582 524 593 544 ,
613 504 757 549 neque
776 489 822 532 in
841 488 1007 535 futuro.
1026 493 1187 536 Contra
1207 492 1414 551 Spiritum
1433 492 1547 536 enim
1570 501 1784 546 sanctum,

402 577 491 621 quo
516 560 790 620 baptizantur
811 577 1000 621 quorum
1028 571 1205 621 peccata
1238 563 1382 606 omnia
1409 562 1716 616 dimittuntur,
1745 571 1788 607 et

402 646 533 689 quem
557 631 723 690 accepit
745 630 935 675 Ecclesia
953 666 964 686 ,
994 640 1044 675 ut
1076 631 1147 676 cui
1169 631 1380 675 dimiserit
1402 641 1577 691 peccata
1594 667 1605 683 ,
1640 632 1788 676 dimit-

405 710 550 746 tantur
577 703 644 757 ei,
670 702 851 746 verbum
880 702 1006 746 valde
1039 702 1200 746 malum
1238 712 1281 746 et
1307 703 1434 746 nimis
1458 704 1668 762 impium,
1700 704 1787 747 sive

401 772 660 830 cogitatione
675 808 685 827 ,
722 773 810 817 sive
837 773 967 817 etiarn
989 773 1137 831 lingua
1161 772 1285 827 dicit,
1319 788 1449 833 quem
1484 774 1689 833 patientia
1712 774 1787 819 Dei

401 858 500 887 cum
524 843 577 887 ad
599 844 905 903 poenitentiam
925 843 1114 888 adducat
1137 863 1145 888 :
1165 862 1185 885 «
1208 847 1304 902 Ipse
1323 844 1563 888 secundum
1581 844 1784 888 duritiam

404 933 423 955 »
459 914 600 958 cordis
618 915 683 957 sui
700 923 742 958 et
760 929 834 958 cor
851 913 1130 973 impoenitens
1149 914 1409 958 thesaurizat
1430 914 1509 957 sibi
1527 914 1634 958 iram
1656 914 1701 958 in
1718 914 1788 957 die

405 1002 424 1024 »
460 984 533 1027 irae
547 993 590 1027 et
606 983 877 1028 revelationis
889 984 993 1042 justi
1002 982 1155 1043 judicii
1173 984 1265 1038 Dei,
1285 983 1362 1044 qui
1380 982 1534 1028 reddet
1550 984 1787 1044 unicuique

403 1071 423 1093 »
458 1053 701 1097 secundum
731 1069 861 1112 opera
887 1054 1023 1112 ejus'.
1052 1071 1071 1094 »
1100 1055 1203 1096 Haec
1231 1068 1336 1111 ergo
1357 1053 1704 1112 impoenitentia,
1727 1054 1788 1097 sic

400 1122 515 1166 enim
545 1138 632 1166 uno
668 1122 815 1181 aliquo
836 1122 1015 1166 nomine
1051 1137 1278 1181 possumus
1300 1132 1541 1182 utcumque
1569 1122 1787 1182 appellare

399 1201 443 1235 et
471 1192 808 1252 blasphemiam,
834 1199 877 1235 et
907 1191 1086 1235 verbum
1125 1201 1277 1235 contra
1315 1192 1526 1251 Spiritum
1562 1202 1786 1247 sanctum,

399 1263 519 1323 quod
537 1263 828 1307 remissionem
851 1278 941 1307 non
962 1263 1096 1307 habet
1111 1263 1157 1306 in
1176 1273 1391 1307 aeternum
1412 1283 1421 1308 2
1443 1264 1537 1308 haee
1553 1298 1564 1318 ,
1589 1263 1785 1323 inquam,

400 1334 735 1393 impoenitentia,
761 1342 912 1377 contra
931 1347 1065 1392 quam
1082 1331 1332 1376 clamabant
1351 1341 1393 1376 et
1414 1348 1560 1391 praeco
1575 1343 1618 1377 et
1633 1333 1783 1392 judex,

400 1403 591 1447 dicentes
617 1422 624 1447 :
647 1422 668 1444 «
694 1402 1002 1446 Poenitentiam
1023 1402 1152 1460 agite,
1171 1402 1538 1461 appropinquavit
1559 1402 1674 1446 enim
1695 1417 1789 1461 reg-

403 1491 424 1513 »
460 1488 566 1515 num
598 1471 836 1516 coetorum2
854 1492 865 1528 3
886 1490 904 1512 »
931 1480 1082 1515 contra
1119 1487 1251 1531 quam
1281 1471 1492 1516 Dominus
1524 1488 1570 1516 os
1598 1488 1788 1531 evange·-

399 1542 494 1587 licae
517 1541 837 1602 praedicationis
858 1542 1051 1601 aperuit,
1076 1551 1119 1585 et
1148 1551 1297 1586 contra
1321 1557 1453 1601 quam
1475 1542 1616 1601 ipsum
1640 1546 1788 1587 Evan-

402 1613 561 1671 gelium
592 1613 637 1655 in
685 1621 775 1656 toto
814 1612 920 1655 orbe
959 1612 1287 1670 praedicandum
1325 1626 1414 1655 esse
1450 1612 1674 1671 praedixit3
1711 1613 1788 1656 ubi

400 1694 682 1743 posteaquam
705 1682 935 1726 resurrexit
952 1698 974 1726 a
990 1682 1192 1737 mortuis,
1234 1683 1292 1726 ait
1314 1682 1543 1742 Discipulis
1570 1702 1578 1728 :
1601 1702 1621 1725 «
1647 1684 1789 1743 Opor-

404 1773 423 1795 »
460 1754 579 1797 tebat
601 1754 688 1812 pati
710 1753 956 1807 Christum,
983 1761 1025 1795 et
1047 1767 1269 1810 resurgere
1293 1768 1316 1796 a
1334 1752 1514 1797 mortuis
1532 1753 1660 1798 tertio
1681 1753 1752 1797 die
1773 1789 1783 1808 ,

405 1845 424 1867 »
460 1835 501 1869 et
517 1824 741 1885 praedicari
759 1825 804 1868 in
819 1824 993 1869 nomine
1008 1828 1099 1884 ejus
1114 1825 1416 1884 poenitentiam
1434 1835 1476 1868 et
1493 1824 1787 1869 remissionem

404 1915 424 1937 »
459 1905 735 1955 peccatorum
769 1910 845 1954 per
867 1909 1015 1938 omnes
1039 1903 1186 1952 gentes
1208 1928 1218 1948 ,
1250 1893 1559 1952 incipientibus
1578 1894 1633 1938 ab
1655 1896 1785 1938 Jeru-

404 1986 423 2008 »
459 1966 619 2010 salem3
641 1984 649 2010 ι
678 1984 696 2006 »
720 1966 812 2009 haec
832 1964 1011 2009 omnino
1033 1964 1352 2023 impoenitentia
1369 1979 1459 2008 non
1483 1965 1615 2008 habet
1633 1964 1785 2009 remis—

400 2038 587 2091 sionem,
625 2052 767 2096 neque
800 2036 846 2079 in
877 2037 961 2079 hoc
992 2034 1173 2087 saeculo,
1199 2049 1342 2093 neque
1369 2034 1414 2077 in
1450 2032 1600 2079 futuro
1637 2054 1646 2079 :
1682 2036 1784 2094 quia

402 2107 658 2168 poenitentia
680 2107 881 2166 impetrat
899 2105 1190 2149 remissionem
1214 2105 1257 2148 in
1279 2105 1362 2149 hoc
1380 2104 1560 2160 saeculo,
1585 2121 1684 2166 quae
1707 2121 1782 2150 va-

401 2179 543 2223 leatin
560 2178 722 2222 futuro.

459 2252 581 2293 XXI.
609 2247 693 2293 Sed
709 2248 787 2290 ista
813 2245 1131 2304 impoenitentia
1150 2245 1216 2287 vel
1239 2260 1313 2289 cor
1334 2245 1613 2305 impoenitens
1638 2261 1782 2306 quan-

403 2321 478 2364 diu
500 2320 683 2379 quisque
713 2318 757 2361 in
778 2317 857 2360 hac
883 2331 1011 2360 carne
1038 2315 1170 2370 vivit,
1195 2331 1285 2359 non
1318 2325 1459 2375 potest
1487 2316 1687 2376 judicari.
1719 2319 1781 2360 De

401 2390 523 2435 nullo
547 2392 662 2434 enim
702 2387 1018 2447 desperandum
1039 2396 1123 2441 est,
1157 2386 1355 2445 quandiu
1387 2387 1596 2446 patientia
1617 2386 1694 2430 Dei
1726 2385 1780 2430 ad

403 2461 704 2521 poenitentiam
733 2459 933 2513 adducit,
949 2473 1029 2502 nec
1051 2458 1105 2501 de
1136 2459 1216 2502 hae
1237 2459 1326 2502 vita
1348 2458 1459 2517 rapit
1480 2458 1678 2517 impium,
1704 2458 1779 2518 qui

451 2554 458 2567 ¹
479 2548 569 2578 Rom.
596 2557 630 2586 11,
650 2548 684 2583 5,
702 2545 737 2578 6.
756 2561 794 2567 -
820 2551 831 2567 ²
852 2542 964 2576 Matth.
986 2553 1036 2584 ιιι,
1056 2548 1321 2584 2,e11V,17.·-
1344 2541 1356 2566 3
1374 2544 1452 2576 Luc.
1474 2553 1566 2583 xxiv,
1583 2542 1637 2584 46,
1657 2540 1711 2583 47.
