1898 3178
358 210 440 247 382
783 215 814 246 s.
852 220 1082 248 Aucus‘nm
1115 214 1295 249 Emscor'l

355 284 577 344 quomodo
596 293 639 328 et
663 286 838 328 Satanas
862 286 1047 330 Domino
1071 304 1080 330 ι
1109 287 1364 346 «Scriptum
1383 295 1447 330 est
1463 286 1518 330 de
1543 294 1608 331 te:
1629 288 1740 340 Quia

359 374 376 394 »
411 354 587 413 Angelis
623 354 710 398 suis
741 355 960 400 mandavit
994 355 1050 399 de
1072 364 1140 411 te,
1167 371 1223 400 ne
1245 355 1443 401 offendas
1473 355 1529 400 ad
1549 355 1740 415 lapidem

354 442 374 466 >1
409 424 567 483 pedem
590 433 716 468 tuum
735 426 765 468 1.
796 443 816 466 »
842 428 973 470 Forte
992 434 1035 470 et
1052 426 1132 470 iste
1153 427 1318 470 amicus
1341 436 1443 471 tuus
1458 462 1469 481 ,
1496 428 1598 486 quia
1620 425 1741 471 videt

355 503 394 538 te
410 494 727 549 Christianum,
751 493 808 538 de
826 497 939 553 Lege
963 495 1040 539 tibi
1062 496 1156 540 vult
1177 496 1453 555 persuadere,
1473 493 1593 555 quod
1615 505 1740 555 putat

353 574 395 608 te
433 564 592 608 debere
614 563 773 609 facere.
799 568 832 609 F
838 581 886 610 ac
907 565 1030 626 quod
1050 565 1171 610 dicit.
1206 566 1356 619 Quid?
1380 568 1472 610 Hoc
1499 565 1620 626 quod
1647 565 1742 610 vult

351 633 438 677 ille.
467 634 552 678 Sed
572 634 849 680 mendacium
872 645 957 692 est,
980 634 1138 680 falsum
1155 644 1233 679 est.
1260 638 1358 681 Non
1378 635 1539 693 legisti:
1559 637 1741 680 «Omnis

356 721 376 744 »
411 704 544 749 homo
567 704 756 749 mendax
770 708 816 747 2?
836 726 852 747 »
870 708 967 750 Jam
984 706 1064 750 iste
1085 705 1340 750 scandalum
1363 715 1441 750 est.
1463 707 1638 750 Amicus
1659 714 1738 761 est,

351 774 460 835 quid
480 774 679 820 facturus
702 778 778 820 es?
798 776 964 821 Oculus
985 786 1049 821 est
1066 812 1076 832 ,
1103 791 1258 820 manus
1291 784 1354 820 est
1375 795 1384 821 ;
1413 795 1434 818 «
1458 780 1647 836 Amputa
1663 811 1674 831 ,
1699 785 1743 821 et

355 865 374 887 »
412 846 573 906 projice
596 847 673 891 ahs
697 856 786 891 te.»
807 847 925 901 Quid
947 857 1026 900 est,
1049 852 1274 907 «Amputa
1296 856 1340 891 et
1357 847 1518 907 projice
1541 847 1615 891 abs
1631 848 1703 891 te?
1719 865 1738 888 »

350 917 450 963 Noli
484 919 741 963 consentire.
774 922 869 963 Hoc
891 919 1103 977 significat
1124 937 1133 963 ε
1162 937 1182 960 «
1208 922 1399 978 Amputa
1422 927 1465 962 et
1487 918 1647 978 projice
1669 918 1744 962 abs

355 1005 376 1028 »
411 997 456 1032 te
473 1024 484 1046 ‚
510 1006 529 1029 »
553 987 644 1033 noli
666 989 925 1033 consentire.
952 989 1149 1033 Membra
1180 988 1297 1032 enim
1321 997 1467 1032 nostra
1494 988 1540 1031 in
1563 1003 1743 1048 corpore

350 1067 500 1103 nostro
520 1060 802 1104 consensione
820 1059 990 1105 faciunt
1007 1061 1219 1105 unitatem
1231 1095 1241 1115 ,
1267 1060 1550 1105 consensione
1569 1060 1740 1115 vivunt,

351 1131 634 1175 consensione
652 1131 839 1175 invicem
862 1140 1202 1176 connectuntur.
1216 1131 1301 1175 Ubi
1313 1130 1537 1186 dissensio,
1552 1131 1613 1175 ibi
1632 1147 1744 1176 mor-

350 1201 433 1245 bus
461 1210 536 1245 aut
570 1201 731 1246 vulnus
768 1211 846 1246 est.
875 1205 993 1261 Ergo
1026 1203 1276 1246 membrum
1309 1211 1435 1246 tuum
1464 1211 1528 1246 est
1558 1221 1567 1246 :
1594 1201 1744 1260 diliges

351 1286 467 1315 eum.
497 1272 580 1316 Sed
603 1272 866 1317 scandalizat
889 1281 930 1317 te
956 1292 964 1317 :
989 1291 1010 1315 «
1038 1276 1229 1332 Amputa
1257 1288 1358 1316 eum
1377 1308 1388 1327 ,
1418 1282 1462 1316 et
1483 1272 1645 1332 projice
1667 1274 1744 1316 abs

351 1359 373 1383 υ
408 1351 493 1385 te.»
507 1342 604 1389 Noli
619 1344 862 1388 consentire
880 1364 890 1400 3
909 1352 1056 1389 averte
1076 1344 1204 1388 illum
1229 1344 1284 1388 ab
1307 1344 1486 1388 auribus
1502 1345 1604 1398 tuis,
1630 1343 1743 1387 forte

351 1422 570 1457 correctus
587 1413 738 1458 rediet.

430 1485 484 1527 V.
528 1482 759 1536 Quomodo
786 1482 980 1527 facturus
1004 1497 1048 1526 es
1075 1482 1195 1542 quod
1216 1483 1316 1528 dico
1335 1519 1345 1538 ,
1373 1493 1678 1543 amputaturus
1701 1494 1744 1529 et

352 1555 618 1614 objecturus,
645 1563 688 1598 et
705 1569 755 1598 eo
777 1554 957 1599 fortasse
978 1556 1284 1598 correcturus?
1306 1555 1532 1614 quomodo
1548 1554 1744 1600 facturus

353 1640 420 1679 es,
460 1623 688 1683 responde.
717 1628 777 1668 De
814 1627 929 1683 Lege
950 1624 1090 1669 voluit
1127 1625 1309 1669 suadere
1344 1625 1636 1671 mendacium.
1664 1625 1744 1670 Ille

352 1695 467 1738 enim
489 1695 547 1739 ait
570 1713 578 1739 ε
603 1696 699 1740 Dic.
726 1698 783 1739 Et
805 1693 918 1739 forte
940 1710 1029 1739 non
1053 1710 1181 1739 ausus
1211 1705 1274 1739 est
1302 1695 1445 1740 dicere
1473 1716 1481 1740 ;
1508 1697 1585 1741 Dic
1618 1711 1743 1741 men-

352 1764 525 1809 dacium
547 1784 555 1809 :
581 1766 658 1809 sed
680 1766 739 1809 sic
766 1784 773 1809 :
801 1765 878 1809 Dic
907 1764 1028 1825 quod
1049 1764 1160 1809 vult.
1189 1769 1255 1809 Tu
1278 1766 1384 1810 dicis
1407 1786 1416 1811 2
1445 1766 1530 1812 Sed
1559 1767 1744 1811 menda-

353 1835 471 1878 cium
492 1845 570 1880 est.
607 1838 664 1880 Et
685 1835 757 1879 ille
775 1871 786 1883 ‚
812 1845 861 1880 ut
884 1844 1057 1878 excuset
1085 1854 1094 1873 ι
1118 1854 1138 1871 «
1164 1837 1313 1875 Omnis
1336 1837 1469 1876 homo
1491 1832 1692 1878 mendaX.
1719 1853 1739 1876 »

353 1901 408 1942 Et
440 1908 489 1942 tu
521 1908 694 1953 contra,
733 1900 894 1954 frater,
923 1918 944 1941 «
967 1901 1025 1943 Os
1059 1901 1182 1960 quod
1204 1903 1441 1957 mentitur,
1467 1904 1626 1949 occidit
1648 1907 1742 1949 ani-

357 1986 377 2009 »
411 1984 527 2012 mam
541 1971 603 2013 ³.»
624 1968 834 2024 Attende,
856 1984 946 2013 non
964 1979 1029 2014 est
1048 1969 1143 2015 leve
1161 1972 1279 2031 quod
1303 1972 1484 2018 audisti:
1509 1993 1528 2016 «
1549 1976 1606 2019 Os
1622 1976 1743 2035 quod

357 2057 377 2079 »
412 2040 641 2095 mentitur,
673 2039 833 2083 occidit
858 2040 1098 2083 animam.»
1138 2041 1254 2094 Quid
1275 2042 1380 2086 mihi
1407 2042 1510 2089 facit
1539 2045 1739 2091 inimicus

354 2109 432 2155 iste
455 2119 608 2170 potens
627 2145 637 2165 ,
663 2110 740 2170 qui
769 2125 839 2153 me
861 2111 1019 2168 premit
1036 2145 1047 2165 ,
1078 2112 1179 2170 quia
1202 2113 1412 2157 miseraris
1432 2130 1501 2158 me
1521 2151 1531 2170 ,
1553 2125 1596 2160 et
1612 2116 1739 2161 mise·

355 2191 420 2226 ret
454 2181 714 2227 conditionis
733 2181 779 2224 in
800 2196 896 2236 me,
923 2190 966 2225 et
988 2197 1078 2226 non
1106 2183 1167 2226 vis
1190 2198 1259 2227 me
1289 2199 1377 2229 esse
1406 2185 1450 2229 in
1475 2185 1616 2243 malo,
1639 2202 1740 2230 cum

353 2254 458 2299 velis
485 2269 556 2298 me
580 2269 669 2298 esse
698 2253 894 2297 malum?
921 2254 1035 2306 Quid
1063 2254 1169 2297 mihi
1198 2253 1301 2299 facit
1322 2265 1475 2313 potens
1503 2256 1607 2310 iste,
1632 2257 1740 2315 quid

355 2326 540 2383 premit?
563 2327 764 2370 Carnem.
807 2325 976 2382 Corpus
995 2358 1006 2377 ,
1044 2324 1150 2367 dicis
1188 2332 1236 2367 tu
1251 2358 1263 2379 ,
1293 2324 1451 2383 premit
1473 2344 1481 2369 :
1507 2325 1606 2370 dico
1629 2342 1709 2385 ego
1724 2363 1735 2382 ,

355 2395 541 2453 perimit.
573 2400 744 2448 Quanto
780 2394 925 2437 mitius
958 2407 1130 2437 mecum
1166 2394 1254 2452 agit
1291 2394 1390 2450 ille,
1424 2411 1556 2455 quam
1578 2411 1680 2454 ego,
1705 2399 1738 2442 si

354 2466 558 2510 mentitus
578 2465 738 2510 fuero?
772 2463 851 2509 Ille
887 2463 1047 2508 occidit
1082 2479 1258 2508 carnem
1288 2480 1454 2510 meam:
1485 2480 1565 2524 ego
1585 2467 1736 2512 occido

406 2554 415 2572 ¹
429 2548 542 2582 Matth.
564 2549 653 2590 1v‚6.
675 2566 716 2572 —
730 2555 742 2572 ²
761 2548 844 2582 Psal.
864 2559 937 2589 cxv,
959 2558 1009 2581 11.
1027 2564 1068 2571 —
1091 2545 1104 2572 3
1124 2550 1196 2590 Sap.
1214 2558 1238 2590 1,
1262 2559 1313 2581 ιι.
