1898 3178
292 286 430 313 semro
468 283 631 321 vam,
668 285 720 310 DE
752 283 896 312 vi-:nms
929 281 1091 311 MA'rTH.
1128 286 1188 310 XL
1356 274 1433 310 277

64 352 212 394 «Deus
231 349 347 393 enim
370 349 452 392 illis
469 348 760 392 manifestavit
775 351 803 391 ¹.
828 368 847 390 »
868 349 1023 393 Adhuc
1045 349 1202 409 quaeris
1220 349 1442 409 quomodo

58 419 396 464 manifestaverit
425 418 512 472 eis,
543 418 705 477 ‚quibus
738 417 878 476 legem
909 434 997 462 non
1021 418 1165 462 dedit?
1210 419 1442 472 Quomodo

4 497 7 526 ·ῑ
58 490 195 547 ergo?
222 506 242 529 «
284 487 521 532 Invisibilia
546 487 659 531 enim
684 489 775 547 ejus
805 503 827 531 a
853 489 1164 533 constitutione
1183 488 1338 534 mundi
1367 503 1443 548 per

7 602 10 610 ζ
61 578 78 598 »
115 573 165 601 ea
188 573 288 617 quae
311 555 423 601 facta
446 566 547 601 sunt
568 556 787 601 intellecta
814 559 1216 617 conspiciul1lui·².»
1243 563 1442 603 Fuerunt

7 639 13 679 g
55 641 157 684 ergo
180 627 359 687 quidam
375 662 391 682 ,
417 642 506 671 non
522 629 632 671 sicut
653 630 824 685 Moyses
860 627 1048 672 famulus
1078 629 1178 683 Dei,
1218 644 1308 673 non
1329 629 1442 673 sicut

55 697 183 741 multi
205 698 434 757 Prophetae
457 699 535 742 ista
558 698 777 742 intuentes
799 706 843 741 et
863 698 1171 758 intelligentes,
1190 700 1328 759 adjuti
1343 700 1442 759 Spi-

55 768 144 811 ritu
162 768 261 822 Dei,
286 783 417 827 quem
438 769 645 828 Spiritum
663 767 749 812 fide
770 769 1024 824 hauserunt,
1053 768 1252 814 faucibus
1274 770 1444 829 pietatis

57 838 290 892 biberunt,
315 853 390 882 ore
412 839 626 883 interioris
642 839 831 883 hominis
853 848 1182 883 ructuaverunt.
1215 842 1313 884 Non
1341 853 1444 897 ergo

54 907 160 952 tales
186 927 195 952 :
221 907 295 952 sed
318 907 499 952 fuerunt
518 909 587 952 alii
610 909 851 964 dissimiles,
867 910 942 969 qui
964 925 1040 969 per
1058 911 1180 954 istam
1200 919 1442 954 creaturam

17 1003 19 1014 ι
53 987 292 1036 potuerunt
306 979 531 1037 pervenire
546 978 600 1023 ad
618 978 1227 1038 intelligendumCreatorem‚
1243 989 1287 1024 et
1299 980 1442 1024 dicere

53 1049 107 1091 de
130 1048 197 1092 his
219 1064 318 1108 quae
333 1048 437 1093 fecit
460 1052 573 1093 Deus
599 1068 607 1094 :
631 1052 745 1094 Ecce
767 1065 867 1109 quae
889 1048 1015 1104 fecit,
1042 1050 1258 1109 gubernat
1279 1059 1322 1093 et
1336 1065 1443 1093 con-

0 1332 5 1340 '
52 1346 74 1371 «
94 1331 145 1371 In
168 1327 243 1372 illo
262 1329 377 1371 enim
402 1328 586 1372 vivimus
608 1336 651 1371 et
671 1343 898 1372 movemur
911 1338 954 1373 et
971 1331 1145 1373 sumus3
1164 1348 1202 1387 3»
1230 1331 1439 1389 quoniam

19 1426 22 1431 ·
49 1399 166 1457 apud
188 1399 474 1443 Athenienses
495 1397 759 1457 loquebatur
775 1432 787 1451 ‚
821 1398 898 1441 ubi
926 1398 995 1442 isti
1019 1399 1254 1442 doctissimi
1286 1401 1440 1443 extite-

48 1476 170 1522 rant,
198 1468 395 1527 adjunxit
411 1468 622 1512 continuo
644 1486 653 1511 :
677 1485 698 1509 «
717 1467 838 1511 Sicut
854 1476 898 1511 et
912 1466 1092 1526 quidam
1107 1468 1350 1512 secundum
1363 1484 1440 1513 vos

50 1555 70 1579 »
106 1538 355 1581 dixerunt.»
370 1540 468 1583 Non
477 1547 539 1582 est
548 1537 642 1582 leve
657 1538 778 1597 quod
794 1537 1018 1583 dixerunt:
1035 1539 1277 1592 «Quoniam
1288 1540 1333 1583 in
1347 1542 1438 1585 Deo

48 1627 69 1650 2)
102 1610 291 1653 vivimus
313 1618 357 1653 et
378 1624 605 1669 movemur
627 1617 670 1651 et
693 1624 857 1653 sumus.
878 1627 899 1649 »

105 1681 182 1723 IV.
221 1678 347 1723 Unde
397 1693 498 1736 ergo
547 1677 811 1722 dissimiles?
850 1677 970 1721 unde
1009 1679 1273 1736 vituperati?
1318 1679 1438 1723 unde

33 1758 161 1794 recte
177 1749 364 1793 accusati
378 1750 396 1790 ‘3
410 1748 526 1793 Audi
537 1748 734 1807 Apostoli
747 1747 894 1803 verba,
910 1762 1010 1806 quae
1026 1747 1171 1791 dicere
1189 1762 1432 1807 coeperam:

48 1839 69 1863 «
93 1819 344 1874 Revelatur‚
368 1819 513 1879 inquit
528 1854 539 1873 ‚
569 1819 632 1862 ira
654 1818 734 1862 Dei
765 1817 820 1861 de
851 1817 966 1862 coelo
988 1832 1117 1876 super
1138 1816 1313 1862 omnem
1351 1819 1436 1863 im-

28 1908 68 1932 »
102 1891 356 1950 pietatem»
382 1898 598 1934 et-eorum
612 1889 775 1933 scilicet
795 1888 872 1947 qui
888 1888 1029 1946 legem
1041 1903 1131 1932 non
1143 1899 1431 1948 acceperunt:

2 1958 16 1989 ²¹
47 1978 69 2003 «
105 1963 244 2019 Super
261 1975 435 2004 omnem
453 1960 721 2019 impietatem
743 1967 787 2002 et
807 1958 1061 2017 injustitiam
1079 1958 1331 2014 hominum,
1357 1961 1434 2019 qui

0 2032 16 2060 ³2*
31 2042 68 2072 »
101 2029 618 2088 veritatemininiquitate
633 2028 846 2074 detinent.
859 2030 1024 2081 »Quam
1036 2028 1308 2072 veritatem?«
1319 2030 1433 2083 Quia

8 2100 35 2128 ἐ
57 2117 68 2142 ›
101 2099 221 2160 quod
243 2108 398 2143 notum
420 2107 485 2142 est
503 2100 606 2153 Dei,
631 2099 912 2144 manifestum
928 2107 993 2143 est
1008 2098 1190 2143 inillis.»
1216 2101 1315 2153 Quo
1334 2115 1430 2145 ma-

0 2150 42 2231 m}
