1898 3178
511 261 650 288 sunno
683 261 777 298 ενι,
811 259 865 286 DE
897 255 1044 287 vEnms
1075 258 1169 285 Luc.
1204 258 1266 285 xr.
1484 244 1565 284 587

192 344 213 367 »
248 325 391 370 facere
409 361 420 381 ,
441 335 485 370 et
501 325 573 370 illa
595 341 683 370 non
702 326 917 370 omittere.
939 344 959 366 »
977 327 1084 378 Quae
1108 322 1282 368 facere?
1307 341 1326 364 «
1349 321 1566 366 ,Iudicium

192 414 211 436 »
248 404 290 438 et
313 396 590 450 charitatem,
618 395 827 455 justitiam
852 404 895 438 et
917 393 1280 451 misericordiam3
1313 401 1355 436 ct
1383 392 1454 437 illa
1477 408 1566 436 non

191 483 213 507 »
248 467 462 511 omittere.
491 484 510 506 η
537 465 684 510 Facite
706 465 805 523 illa,
829 465 904 510 sed
926 465 1003 508 ista
1025 463 1278 523 praeponite.

248 539 324 581 IV.
353 537 395 582 Si
414 537 508 581 haec
536 537 595 580 ita
617 545 719 580 sunt
734 571 744 591 ‚
770 536 876 596 quid
898 534 980 579 illis
1002 535 1109 579 dixit
1133 555 1142 580 ε
1166 555 1185 577 «
1207 534 1353 579 Facite
1378 533 1565 578 eleemo-

190 624 210 648 »
245 622 396 664 synam
411 641 422 661 ,
443 616 486 650 et
509 621 609 651 ecce
635 606 780 666 omnia
803 605 967 649 munda
989 614 1090 649 sunt
1119 604 1269 649 vobis?
1295 623 1313 645 »
1336 604 1448 658 Quid
1469 614 1532 649 est
1551 639 1561 659 ,

190 695 207 716 «
244 677 390 721 Facite
409 676 759 734 eleemosynam?
777 693 797 717 »
814 676 959 719 Facite
977 674 1326 719 misericordiam.
1346 674 1461 728 Quid
1483 684 1560 729 est,

185 747 331 792 Facite
352 747 719 792 misericordiam?
743 747 785 792 Si
806 746 1024 805 intelligis,
1048 762 1070 790 a
1089 755 1130 790 te
1151 746 1307 805 incipe.
1333 745 1564 798 Quomodo

185 817 301 861 enim
321 833 364 861 es
382 818 620 862 misericors
638 817 761 862 alteri
779 851 790 869 ‚
815 817 849 861 si
872 816 1059 861 crudelis
1076 817 1130 860 sis
1152 816 1265 861 tibi?
1291 835 1310 857 «
1335 818 1441 860 Date
1457 816 1563 860 elee-

187 905 207 929 »
242 901 486 944 mosynam‚
513 896 557 931 et
584 887 728 932 omnia
746 885 909 931 munda
931 895 1033 930 sunt
1052 886 1190 931 vobis.
1214 904 1234 927 »
1251 887 1397 931 Facite
1417 902 1564 931 veram

186 957 521 1016 eleemosynam.
545 960 661 1013 Quid
689 967 753 1004 est
781 957 1083 1015 eleemosyna?
1115 956 1423 1002 Misericordia.
1450 957 1563 1001 Audi

186 1029 451 1088 Scripturam
475 1050 483 1076 ς
512 1050 531 1072 «
561 1031 763 1074 Miserere
790 1029 944 1073 animae
967 1038 1054 1073 tuae
1076 1028 1248 1088 placens
1270 1031 1359 1072 Deo
1375 1031 1402 1071 ¹.
1435 1048 1452 1069 »
1479 1031 1563 1072 Fac

185 1097 523 1158 eleemosynam,
539 1102 770 1146 «Miserere
789 1099 943 1144 animae
960 1108 1046 1143 tuae
1063 1098 1237 1158 placens
1252 1101 1383 1142 Deo.»
1398 1098 1564 1142 Mendi—

184 1178 253 1214 cat
266 1180 366 1214 ante
380 1181 423 1216 te
441 1172 581 1216 anima
602 1181 690 1226 tua,
703 1171 794 1216 redi
807 1169 860 1215 ad
876 1170 1182 1215 conscientiam
1201 1178 1335 1213 tuam.
1351 1169 1563 1222 Quicum-

183 1257 268 1301 que
291 1241 405 1286 male
426 1243 554 1298 vivis,
571 1245 837 1304 quicumque
859 1240 1091 1285 infideliter
1111 1241 1238 1296 vivis,
1264 1240 1356 1284 redi
1383 1240 1437 1284 ad
1458 1256 1563 1285 con-

181 1313 406 1358 scientiam
443 1323 563 1358 tuam
600 1334 607 1359 :
649 1324 691 1359 et
724 1314 784 1359 ibi
819 1313 985 1358 invenis
1018 1312 1337 1358 mendicantem
1377 1313 1561 1356 animam

181 1390 325 1439 tuam,
345 1382 511 1427 invenis
533 1394 746 1442 egentem,
763 1383 929 1427 invenis
952 1398 1203 1442 pauperem,
1228 1382 1394 1426 invenis
1409 1397 1564 1426 aerum-

181 1467 329 1495 nosam
344 1487 354 1506 ,
380 1453 546 1497 invenis
561 1453 672 1498 forte
694 1469 774 1498 nec
796 1462 1012 1511 egentem,
1037 1453 1112 1497 sed
1135 1461 1321 1511 egestate
1339 1452 1562 1496 obtumes-

180 1530 366 1566 centem.
387 1525 496 1567 Nam
513 1524 547 1567 si
565 1523 781 1568 mendicat
799 1559 809 1578 ,
830 1523 962 1566 esurit
978 1523 1205 1582 justitiam.
1228 1523 1410 1575 Quando
1437 1523 1561 1567 invo-

179 1593 291 1635 neris
313 1591 441 1635 talem
466 1593 652 1637 animam
678 1603 814 1647 tuam,
839 1593 986 1650 (intus
1003 1593 1047 1635 in
1066 1592 1195 1636 corde
1217 1602 1293 1636 tuo
1316 1602 1418 1636 sunt
1439 1592 1528 1647 illa,
1547 1597 1562 1650 )

179 1661 248 1705 fac
269 1662 388 1721 prius
414 1661 732 1720 eleemosynam
747 1697 757 1717 ,
783 1663 837 1706 da
860 1661 922 1705 illi
942 1677 1114 1721 panem.
1148 1664 1288 1715 Quem
1310 1665 1497 1721 panem?
1519 1664 1561 1707 Si

179 1731 421 1775 Pharisaeus
448 1732 762 1791 interrogaret,
792 1731 954 1776 diceret
972 1731 1036 1775 illi
1058 1732 1298 1777 Dominus:
1330 1735 1415 1776 Fac
1445 1732 1559 1777 elee-

177 1817 403 1858 mosynam
439 1818 539 1846 cum
562 1804 704 1847 anima
737 1812 826 1846 tua.
855 1805 947 1847 Hoc
984 1804 1100 1846 enim
1132 1802 1195 1846 illi
1224 1802 1330 1847 dixit
1356 1823 1363 1846 :
1390 1803 1464 1847 sed
1486 1803 1560 1848 ille

177 1886 268 1915 non
304 1869 543 1926 intellexit,
569 1871 746 1931 quando
781 1873 994 1916 enarravit
1025 1872 1107 1916 illis
1140 1871 1432 1930 eleemosynas
1453 1890 1559 1933 quas

177 1939 419 1995 faciebant,
439 1949 483 1985 et
503 1941 718 2000 putabant
739 1940 872 1985 latere
894 1941 1142 1999 Christum3
1166 1950 1209 1984 et
1230 1943 1289 1985 ait
1308 1941 1391 1986 illis
1417 1961 1426 1987 :
1451 1944 1558 1988 Novi

177 2011 278 2071 quia
297 2010 433 2055 facitis
448 2046 459 2066 ,
481 2012 703 2056 decimatis
734 2021 925 2056 mentam
949 2021 992 2057 et
1015 2012 1222 2057 anethum
1239 2047 1250 2067 ‚
1268 2014 1493 2071 cyminum
1515 2024 1558 2060 et

177 2091 342 2127 rutam:
363 2083 437 2126 sed
457 2098 536 2142 ego
559 2083 661 2128 alias
678 2083 972 2141 eleemosynas
988 2083 1145 2144 loquor
1165 2103 1173 2128 z
1195 2085 1470 2129 contemnitis
1486 2086 1558 2145 ju-

177 2152 338 2197 dicium
359 2162 402 2197 et
423 2153 690 2199 charitatem.
719 2157 768 2198 In
787 2153 953 2214 judicio
983 2163 1025 2198 et
1046 2155 1254 2199 charitate
1282 2153 1351 2199 fac
1367 2155 1556 2201 eleemo-

176 2239 328 2282 synam
351 2240 451 2268 cum
474 2225 616 2269 anima
646 2234 735 2269 tua.
764 2224 873 2278 Quid
910 2234 973 2269 est
1002 2225 1047 2268 in
1065 2224 1263 2285 judicio?
1286 2226 1488 2285 Respice,
1513 2237 1556 2272 et

176 2295 322 2340 inveni
342 2316 353 2352 3
372 2294 548 2355 displice
570 2296 666 2351 tibi,
686 2295 922 2356 pronuntia
938 2295 980 2339 in
997 2305 1055 2339 te.
1072 2298 1128 2339 Et
1142 2296 1249 2356 quid
1263 2305 1326 2340 est
1340 2297 1556 2342 charitas?

181 2384 202 2408 «
236 2365 375 2425 Dilige
402 2367 635 2410 Dominum
650 2370 787 2412 Deum
805 2367 849 2410 in
867 2375 959 2411 toto
977 2366 1109 2410 corde
1130 2376 1223 2421 tuo,
1243 2375 1286 2411 et
1305 2375 1392 2411 tota
1413 2367 1554 2413 anima

178 2453 199 2478 »
233 2445 333 2492 tua,
368 2445 411 2480 et
442 2445 532 2481 tota
559 2446 705 2481 mente
727 2446 834 2495 tua;
867 2435 998 2495 dilige
1020 2437 1264 2496 proximum
1286 2446 1412 2482 tuum
1454 2448 1552 2483 tan-

179 2524 199 2547 »
234 2522 366 2566 quam
383 2515 425 2550 te
442 2507 609 2566 ipsum:
631 2516 674 2551 et
695 2507 834 2552 fecisti
854 2506 1188 2552 misericordiam
1207 2508 1326 2567 prius
1343 2524 1442 2553 cum
1466 2510 1554 2553 ani-

222 2598 232 2613 ¹
254 2591 354 2624 Eccli.
374 2602 449 2634 xxx,
466 2591 520 2633 24.
