1898 3178
835 106 855 117 ῃ

374 222 454 260 160
818 229 852 257 s.
889 228 1120 257 AUGUSTINI
1154 230 1335 257 EPISCOPI

302 302 308 307 “
371 316 391 339 υ
423 296 647 357 justitiam.
673 314 692 336 »
719 295 824 348 Quis
847 293 1039 338 esuriens
1069 303 1113 338 et
1134 294 1281 338 sitiens
1315 309 1405 338 non
1426 294 1663 338 satietatem
1687 310 1756 339 re-

368 369 531 428 quirit?
557 386 577 409 «
598 369 655 411 Et
677 365 780 425 ipsi,
805 364 976 424 inquit,
1012 365 1334 410 saturabuntur.
1369 364 1490 408 Beati
1511 364 1756 410 misericor-

369 457 390 479 »
427 438 514 482 des.
534 456 553 479 »
575 436 676 491 Quis
690 435 958 491 misericors,
976 436 1058 480 nisi
1075 436 1151 496 qui
1169 444 1291 496 optat
1307 450 1358 479 ex
1375 435 1468 494 ipso
1487 450 1617 494 opere
1634 435 1758 480 reddi

367 508 445 552 sibi
468 525 491 552 a
513 511 603 551 Deo
623 506 762 551 vicem
777 540 788 561 ,
812 514 863 550 ut
887 506 1001 551 circa
1033 522 1077 550 se
1099 507 1174 551 fiat
1190 541 1201 562 ‚
1227 505 1348 566 quod
1378 506 1492 550 circa
1522 521 1760 565 pauperem

366 577 492 622 facit?
529 576 688 621 «Beati
707 611 718 632 ,
751 576 921 636 inquit,
957 577 1285 631 misericordes,
1323 575 1533 636 quoniam
1566 576 1758 635 ipsorum

369 667 388 690 n
422 647 696 692 miserebitur
718 650 848 692 Deus.
876 667 894 690 υ
919 646 1154 701 Quomodo
1175 662 1252 706 per
1273 646 1367 705 ipsa
1388 645 1560 705 singula
1582 645 1761 704 singuiis

366 720 538 780 propria
560 719 755 780 apposita
776 728 879 764 sunt
894 754 906 775 ‚
932 729 976 764 et
999 719 1109 763 nihil
1131 718 1379 763 adhibitum
1402 727 1466 763 est
1486 717 1533 761 in
1550 718 1758 778 proemio3

364 790 486 851 quod
505 806 595 836 non
616 799 875 849 congrueret
894 791 1143 849 praecepto?
1164 792 1441 847 Praeceptum
1463 797 1528 832 est
1544 788 1659 832 enim
1673 824 1684 844 ,
1710 797 1763 832 ut

365 862 419 906 sis
433 877 598 922 pauper
615 861 794 922 spiritu:
815 861 1047 921 praemium
1069 869 1155 915 est,
1180 867 1230 903 ut
1251 858 1412 902 habeas
1428 872 1612 916 regnum
1630 858 1762 902 coelo-

366 948 478 976 rum.
508 936 777 993 Praeceptum
797 941 883 986 est,
909 940 960 975 ut
981 931 1035 975 sis
1058 930 1198 974 mitis:
1221 929 1454 989 praemium
1477 937 1562 984 est,
1592 938 1642 973 ut
1664 944 1763 988 pos-

366 1004 503 1048 sideas
518 1013 694 1048 terram.
714 1006 988 1062 Praeceptum
1003 1010 1082 1056 est‚
1104 1010 1154 1045 ut
1175 1000 1230 1044 sis
1243 1000 1397 1058 lugens
1415 1019 1422 1044 :
1442 999 1688 1059 praemium,
1713 1008 1763 1043 ut

367 1074 618 1120 consoleris.
654 1078 927 1133 Praeceptum
951 1082 1014 1117 est
1029 1108 1040 1128 ‚
1069 1081 1119 1116 ut
1145 1072 1304 1116 esurias
1324 1081 1368 1116 et
1390 1071 1506 1116 sitias
1523 1071 1758 1131 justitiam:

366 1146 596 1206 praemium
614 1181 625 1201 ,
649 1154 700 1190 ut
716 1145 934 1190 satureris.
958 1148 1232 1204 Praeceptum
1251 1152 1340 1199 est,
1360 1152 1411 1187 ut
1427 1143 1481 1187 sis
1494 1143 1758 1187 misericors:

365 1217 594 1277 praemium
610 1252 622 1272 ‚
654 1225 704 1260 ut
733 1214 1075 1260 misericordiam
1097 1214 1392 1275 consequaris.
1428 1215 1470 1259 Si
1493 1223 1762 1274 praeceptum

368 1298 453 1345 est,
475 1299 525 1333 ut
547 1287 733 1333 mundes
754 1304 829 1333 cor
848 1307 857 1332 :
882 1287 1136 1346 praemium,
1157 1295 1207 1329 ut
1229 1284 1376 1330 videas
1398 1288 1555 1329 Deum.

426 1363 505 1404 IX.
539 1363 638 1407 Non
672 1374 773 1418 ergo
801 1359 861 1403 ita
883 1357 1022 1417 sapias
1052 1358 1099 1401 in
1120 1357 1186 1401 his
1209 1356 1437 1416 praeceptis
1459 1365 1502 1400 et
1544 1356 1730 1415 praemiis
1746 1391 1757 1410 ,

368 1439 417 1475 ut
461 1447 563 1475 cum
599 1429 723 1475 audis
761 1449 770 1474 ι
812 1448 833 1471 «
874 1428 995 1472 Beati
1036 1426 1345 1472 mundicordes
1369 1462 1380 1482 ‚
1429 1426 1638 1487 quoniam
1682 1426 1762 1485 ipsi

371 1519 392 1541 »
428 1505 568 1546 Deum
589 1501 820 1556 videbunt,
840 1519 860 1542 »
883 1509 1010 1560 putes
1037 1513 1248 1559 pauperes
1271 1497 1425 1557 spiritu
1452 1514 1543 1543 non
1569 1498 1759 1552 visuros,

369 1580 445 1615 aut
478 1586 569 1615 non
596 1572 765 1615 visuros
786 1571 933 1624 mites⁷
966 1585 1056 1613 non
1076 1570 1244 1614 visuros
1264 1568 1491 1627 lugentes,
1525 1584 1615 1613 non
1647 1569 1764 1613 visu-

369 1657 438 1685 ros
477 1640 716 1685 esurientes
752 1648 795 1684 et
819 1639 1011 1684 sitientes
1035 1640 1273 1699 justitiam,
1311 1656 1402 1686 non
1436 1641 1602 1685 visuros
1635 1639 1763 1683 mise-

370 1712 574 1757 ricordes.
614 1714 712 1758 Non
751 1711 970 1756 arbitreris
1009 1726 1080 1756 eos
1112 1720 1286 1756 tantum
1325 1713 1449 1773 quasi
1491 1712 1656 1756 visuros
1686 1710 1764 1771 qui

369 1784 537 1829 mundo
569 1793 672 1828 sunt
699 1784 852 1839 corde,
878 1783 962 1827 illis
985 1800 1008 1827 a
1029 1783 1194 1829 visione
1220 1785 1439 1844 separatis.
1465 1784 1622 1828 Omnia
1647 1783 1762 1826 enim

370 1855 465 1899 haec
482 1854 615 1898 iidem
637 1854 717 1914 ipsi
736 1863 854 1899 sunt.
874 1854 962 1912 Ipsi
981 1853 1213 1908 videbunt,
1230 1862 1274 1897 et
1295 1869 1386 1897 non
1407 1854 1506 1897 ideo
1527 1853 1761 1908 videbunt,

371 1926 475 1984 quia
494 1940 705 1983 pauperes
721 1926 879 1982 spiritu
896 1934 1015 1979 sunt,
1031 1925 1133 1982 quia
1150 1924 1275 1967 mites
1293 1933 1411 1979 sunt,
1429 1923 1529 1984 quia
1543 1923 1760 1982 lugentes,

371 1996 475 2054 quia
493 1994 728 2039 esurientes
750 1993 1032 2053 sitientesque
1049 1993 1279 2053 justitiam,
1305 1996 1408 2054 quia
1430 1993 1727 2039 misericordes
1751 2014 1760 2039 ι

372 2066 446 2110 sed
465 2067 566 2127 quia
588 2065 742 2109 mundi
762 2074 867 2109 sunt
888 2063 1033 2110 corde.
1060 2066 1444 2118 Quemadmodum
1467 2067 1500 2111 si
1522 2065 1763 2126 corporalia

371 2147 501 2197 opera
547 2137 752 2182 membris
791 2137 1089 2196 corporalibus
1128 2147 1436 2197 coaptarentur
1451 2174 1462 2194 ,
1504 2154 1553 2183 ac
1599 2137 1763 2182 diceret

370 2209 522 2264 (verbi
555 2209 689 2268 gratia
710 2211 726 2266 )
760 2209 991 2269 quisquam
1013 2228 1021 2252 :
1045 2210 1166 2252 Beati
1190 2209 1266 2269 qui
1290 2211 1420 2268 pedes
1444 2210 1630 2260 habent,
1660 2206 1761 2265 quia

370 2280 449 2338 ipsi
467 2281 761 2325 ambulabunt
780 2299 788 2324 ε
815 2281 933 2324 beati
955 2280 1030 2340 qui
1052 2295 1206 2324 manus
1227 2277 1392 2320 habent
1406 2312 1416 2329 ‚
1439 2277 1541 2336 quia
1564 2277 1641 2335 ipsi
1662 2293 1759 2335 ope-

372 2351 586 2395 rabuntur
609 2372 618 2396 :
645 2352 762 2396 beati
783 2352 857 2408 qui
879 2362 1030 2393 vocem
1054 2347 1245 2402 habent,
1264 2348 1474 2407 quoniam
1495 2348 1575 2406 ipsi
1598 2345 1759 2392 clama-

371 2421 485 2464 bunt
508 2439 517 2464 :
541 2421 659 2464 beati
685 2419 760 2479 qui
786 2434 832 2463 os
858 2427 901 2463 et
922 2417 1114 2476 linguam
1139 2417 1326 2473 habent,
1352 2418 1558 2478 quoniam
1580 2417 1660 2477 ipsi
1690 2417 1757 2462 lo-

370 2499 563 2551 quentur
584 2508 594 2533 2
615 2490 733 2534 beati
755 2490 830 2549 qui
863 2488 1011 2534 oculos
1044 2488 1231 2542 habent,
1258 2488 1338 2547 ipsi
1370 2489 1485 2532 enim
1523 2488 1751 2533 videbunt.

374 2562 440 2607 Sic
462 2569 669 2620 tanquam
697 2559 906 2619 spiritalia
928 2559 1123 2604 membra
1150 2574 1443 2619 componens,
1477 2558 1627 2605 docuit
1648 2557 1756 2618 quid
