1898 3178
387 221 470 259 120
823 226 857 254 s.
893 222 1126 254 Aucusnm
1157 224 1340 254 EPISCOPI

384 298 482 342 Non
504 292 690 339 attendit
710 291 775 336 sui
804 290 915 335 uteri
935 289 1193 350 dignitatem
1220 311 1229 337 :
1255 292 1331 336 sed
1353 290 1549 336 attendit
1575 290 1772 337 ordinem

385 364 677 426 conjugalem.
702 364 799 407 Non
832 361 949 405 enim
979 360 1155 407 humilis
1176 363 1373 408 Christus
1392 398 1403 418 ‚
1438 371 1621 407 matrem
1650 377 1771 407 suam

386 436 610 497 superbire
632 433 864 478 docuisset.
892 450 911 472 «
940 435 1068 477 Pater
1089 442 1190 477 tuus
1212 442 1255 478 et
1277 448 1358 493 ego
1381 432 1579 478 dolentes
1601 447 1773 493 quaere-

387 526 408 550 »
444 507 597 551 bamus
639 512 697 548 te.
742 506 870 548 Pater
910 511 1032 560 tuus,
1075 504 1250 564 inquit,
1287 512 1330 548 et
1362 518 1477 562 ego:
1506 520 1527 544 »
1563 504 1665 563 quia
1707 519 1777 548 ca·

387 587 468 638 put
489 576 680 621 mulieris
693 575 760 620 vir
773 577 803 619 ¹.
825 577 1000 628 Quanto
1019 576 1162 620 minus
1179 574 1342 619 debent
1360 574 1585 634 superbire
1605 584 1775 619 caeterae

386 649 612 695 foeminae?
633 649 743 694 Nam
769 655 812 690 et
832 646 924 706 ipsa
946 647 1081 692 Maria
1108 646 1264 691 mulier
1289 645 1405 690 dicta
1427 655 1512 701 est,
1545 661 1635 691 non
1675 661 1774 691 cor-

384 728 512 779 rupta
540 718 810 777 virginitate,
846 717 921 762 sed
952 717 1242 777 appellatione
1278 716 1453 776 propria
1487 717 1627 776 gentis
1666 731 1771 762 suae.

384 791 501 835 Dixit
517 790 634 834 enim
652 789 707 834 de
733 789 915 834 Domino
937 790 1040 833 Jesu
1061 789 1235 834 Christo
1257 796 1301 832 et
1323 786 1557 846 Apostolus
1583 806 1593 833 z
1622 806 1643 830 «
1664 790 1775 832 Fac-

386 880 407 904 »
444 870 539 907 tum
562 876 612 906 ex
633 859 841 905 muliere²
867 875 876 902 ε
905 877 926 902 ))
951 874 1042 905 non
1063 868 1212 904 tamen
1234 859 1468 918 interrupit
1503 858 1704 903 ordinem
1733 868 1776 904 et

386 941 556 977 textum
586 931 688 976 fidei
717 940 898 987 nostrae,
931 946 1020 992 qua
1051 931 1313 976 confitemur
1340 939 1494 974 natum
1528 929 1584 975 de
1613 930 1777 989 Spiritu

386 1013 557 1059 sancto,
583 1013 626 1047 et
654 1003 821 1062 virgine
843 1002 994 1047 Maria.
1020 1001 1098 1046 Illa
1127 1002 1242 1046 enim
1269 1002 1392 1060 virgo
1407 1002 1630 1061 concepit,
1655 1002 1777 1059 virgo

386 1075 580 1134 peperit,
616 1074 739 1131 virgo
767 1073 1020 1132 permansit.
1055 1072 1139 1117 Sed
1167 1071 1370 1116 mulieres
1399 1086 1548 1116 omnes
1572 1072 1779 1115 foeminas

384 1145 448 1188 illi
471 1144 824 1204 appellaverunt,
843 1143 1108 1202 proprietate
1131 1142 1295 1201 linguae
1317 1142 1530 1186 Hebraeae.
1552 1141 1669 1186 Audi
1690 1142 1779 1186 evi-

386 1215 689 1260 dentissimum
712 1214 960 1273 exemplum
980 1233 989 1257 2
1011 1213 1153 1257 Prima
1176 1211 1373 1266 foemina,
1397 1227 1529 1272 quam
1547 1211 1650 1256 fecit
1666 1215 1780 1256 Deus

384 1297 603 1347 sumptam
621 1285 676 1330 de
691 1286 826 1331 latere
844 1286 940 1340 viri,
959 1293 1194 1344 autequam
1217 1298 1319 1328 cum
1338 1284 1431 1328 viro
1447 1283 1777 1339 concumberet,

386 1358 507 1417 quod
530 1366 813 1417 posteaquam
843 1355 899 1399 de
919 1353 1120 1414 paradiso
1137 1354 1335 1398 exierunt
1365 1354 1569 1398 scribitur
1587 1352 1776 1408 factum,

388 1437 533 1474 tamen
562 1426 719 1471 mulier
735 1428 825 1486 jam
856 1424 1095 1470 vocabatur
1111 1459 1122 1480 ‚
1151 1423 1325 1469 dicente
1349 1424 1598 1483 Scriptura:
1620 1441 1641 1466 «
1667 1426 1778 1469 For-

390 1517 410 1539 »
446 1497 582 1542 mavit
602 1511 697 1541 eam
715 1497 763 1540 in
785 1495 1051 1539 mulieremss.
1079 1513 1099 1536 »

444 1569 568 1612 XIX.
596 1567 725 1620 Quod
758 1581 860 1624 ergo
902 1564 1138 1625 respondet
1168 1565 1378 1610 Dominus
1406 1566 1528 1608 Jesus
1564 1565 1780 1621 Christus,

390 1658 410 1681 «
449 1638 693 1697 Oportebat
714 1651 782 1679 me
810 1650 899 1679 esse
916 1636 962 1678 in
983 1635 1050 1679 his
1076 1650 1176 1694 quae
1207 1635 1345 1680 Patris
1364 1635 1450 1678 mei
1473 1644 1574 1679 sunt
1599 1651 1607 1677 :
1637 1653 1658 1677 »
1691 1650 1781 1680 non

387 1709 446 1752 sic
469 1708 631 1752 indicat
654 1710 827 1750 Patrem
842 1708 1006 1760 Deum,
1033 1713 1084 1748 ut
1102 1713 1231 1763 neget
1260 1713 1427 1763 patrem
1451 1706 1628 1763 Joseph.
1656 1704 1781 1750 Unde

388 1780 471 1824 hoc
509 1777 770 1838 probamus?
820 1774 1071 1820 Secundum
1111 1775 1410 1834 Scripturam‚
1456 1790 1555 1834 quae
1585 1775 1645 1819 sie
1681 1776 1776 1820 ait:

390 1868 411 1890 ³>
447 1852 503 1893 Et
531 1848 637 1892 dixit
670 1846 725 1891 ad
747 1846 870 1890 illos:
893 1848 991 1891 Non
1015 1845 1214 1890 sciebatis
1248 1845 1349 1904 quia
1373 1845 1418 1887 in
1440 1845 1506 1888 his
1524 1860 1623 1904 quae
1642 1846 1779 1889 Patris

391 1938 411 1959 n
449 1919 532 1963 mei
555 1926 657 1961 sunt
678 1925 850 1976 oportet
873 1930 943 1959 me
965 1930 1069 1959 esse.
1095 1914 1164 1958 Illi
1187 1923 1332 1958 autem
1366 1929 1455 1958 non
1472 1914 1780 1960 intellexerunt

390 2008 410 2030 »
447 1989 555 2049 quid
571 1986 654 2031 illis
691 1987 864 2030 locutus
895 1994 973 2029 est.
999 1987 1180 2029 Etcum
1208 1983 1501 2029 descendisset
1536 2000 1637 2029 cum
1670 1986 1776 2042 illis,

389 2078 409 2101 n
445 2050 811 2111 venitNaz'aretli‚
838 2064 881 2099 et
900 2064 992 2100 erat
1008 2054 1208 2099 subditus
1225 2054 1350 2099 illis4.
1376 2058 1509 2101 »Non
1523 2056 1652 2101 dixit:
1672 2059 1778 2102 Erat

388 2130 589 2175 subditus
613 2129 764 2183 matri,
797 2136 873 2172 aut
897 2136 988 2171 erat
1015 2124 1217 2170 subditus
1240 2126 1280 2170 ei
1306 2145 1315 2171 ε
1340 2144 1357 2166 «
1383 2127 1468 2171 Sed
1483 2136 1591 2182 erat,
1618 2128 1775 2188 inquit,

391 2220 412 2242 »
449 2200 651 2245 subditus
673 2199 771 2244 illis.
802 2217 822 2240 »
850 2197 1015 2252 Quibus
1037 2196 1238 2242 subditus
1264 2199 1381 2242 erat?
1403 2200 1558 2243 Nonne
1587 2200 1779 2257 parenti-

390 2272 504 2316 bus?
523 2272 667 2316 Ambo
686 2279 886 2331 parentes
908 2278 1052 2324 erant,
1077 2269 1238 2328 quibus
1261 2267 1333 2312 ille
1361 2268 1564 2312 subditus
1583 2278 1675 2313 erat
1691 2271 1776 2325 ,²‘ea

388 2342 640 2400 dignatione
661 2357 749 2403 qua
766 2341 880 2385 filius
901 2339 1089 2384 hominis
1112 2348 1218 2383 erat.
1246 2342 1342 2383 Jam
1365 2338 1535 2383 dudum
1558 2349 1776 2399 praecepta

387 2410 581 2456 foeminae
598 2413 869 2473 accipiebant
895 2430 904 2457 :
928 2425 1046 2455 nunc
1065 2411 1188 2470 pueri
1201 2411 1435 2469 accipiant,
1459 2418 1508 2454 ut
1531 2409 1776 2471 obsequan-

455 2513 465 2530 ῐ
490 2507 606 2551 Ephes.
638 2521 673 2551 v,
703 2510 756 2542 23⁴
787 2527 828 2533 —
848 2516 860 2532 2
882 2509 983 2542 Galat.
1008 2519 1064 2551 iv,
1097 2506 1125 2548 4.
1155 2525 1195 2532 -
1216 2506 1229 2531 3
1257 2510 1337 2541 Gen.
1361 2519 1404 2549 11,
1428 2515 1484 2540 22>
1512 2523 1552 2531 --
1579 2505 1596 2535 4
1629 2508 1706 2541 Luc.
1737 2517 1773 2548 11,

396 2560 517 2603 49-5n

1853 2080 1865 2239 i,

1895 2219 1898 2261 ι

1852 2277 1898 2343 0¹

1852 2360 1898 2403 31³

1851 2424 1898 2461 <1

1851 2458 1898 2556 l

1850 2603 1862 2675 ἐῢ

1849 2752 1852 2768 Ι
