1898 3178
376 208 458 246 368
835 217 868 244 s.
905 216 1134 245 Aucusnm
1166 219 1345 247 EPlscol’l

370 391 404 406 Αἱ
411 390 1114 406 utwwtuvvvwvvuvwvvwwvvwwvvvvwn
1119 391 1685 408 WWWWWSMWUWWWWNVWU
1691 392 1757 408 Um

827 532 1055 579 SERMO
1100 534 1272 579 LXXX
1287 536 1315 578 ¹.

372 698 432 739 De
456 694 596 739 verbis
617 694 841 753 Evangelii
866 695 1022 740 Matth.
1052 714 1144 740 xv11
1171 715 1180 740 :
1210 694 1319 740 lVos
1342 711 1495 753 quare
1528 712 1635 741 eccm
1663 714 1758 742 non

576 767 825 825 potuimus
846 765 1036 828 ejicere,
1056 776 1139 811 etc.
1157 766 1242 811 Ubi
1265 766 1320 811 de
1341 768 1550 812 oratione.

431 927 466 968 1.
492 927 693 969 Dommus
729 936 871 970 noster
906 927 1028 969 Jesus
1061 925 1258 970 Christus
1297 925 1426 969 etiam
1459 926 1504 968 in
1530 925 1759 986 Discipulis

369 995 455 1039 suis
495 996 714 1054 redarguit
750 995 1120 1050 incredulitatem,
1162 996 1272 1040 sicut
1301 997 1433 1041 modo
1471 997 1757 1055 Evangelium

369 1083 469 1111 cum
493 1067 731 1125 legeretur,
779 1067 1039 1112 audivimus.
1066 1069 1179 1112 Cum
1212 1068 1328 1111 enim
1353 1066 1560 1111 dixissent
1587 1087 1596 1112 :
1630 1087 1649 1108 «
1674 1070 1760 1112 Nos

372 1157 390 1178 »
427 1153 560 1196 quare
588 1153 687 1181 eum
716 1153 804 1182 non
824 1138 1046 1197 potuimus
1069 1137 1252 1197 ejicere?
1273 1156 1292 1179 η
1319 1137 1567 1198 respondit,
1588 1157 1607 1179 «
1626 1141 1759 1194 Prop-

372 1225 391 1249 »
427 1218 492 1252 ter
530 1208 879 1253 incredulitatem
903 1219 1087 1253 vestram
1104 1211 1135 1252 2.
1165 1227 1185 1250 »
1231 1210 1273 1254 Si
1295 1208 1491 1269 Apostoli
1514 1208 1755 1263 increduli,

367 1279 463 1338 quis
486 1279 655 1324 fidelis?
688 1279 801 1333 Quid
823 1279 989 1324 faciunt
1014 1279 1113 1338 agni
1130 1315 1140 1334 ,
1173 1279 1207 1323 si
1228 1279 1424 1323 titubant
1459 1279 1640 1323 arietes?
1670 1282 1759 1324 Nec

369 1358 513 1394 tamen
543 1366 614 1394 eos
635 1349 927 1394 misericordia
955 1350 1130 1394 Domini
1148 1348 1341 1408 despexit
1370 1348 1616 1393 incredulos
1648 1368 1655 1393 :
1682 1349 1757 1393 sed

367 1421 535 1479 arguit,
557 1421 761 1476 nutrivit,
797 1421 1002 1480 perfecit,
1029 1421 1267 1465 coronavit.
1289 1422 1398 1464 Nam
1420 1429 1463 1463 et
1485 1418 1567 1478 ipsi
1589 1435 1756 1464 memo-

368 1507 433 1535 res
456 1492 715 1536 infirmitatis
735 1507 824 1536 suae
841 1526 852 1546 ,
875 1490 1067 1552 quodam
1090 1489 1188 1535 loco
1210 1490 1255 1535 in
1276 1489 1515 1548 Evangelio
1530 1525 1540 1545 ,
1564 1490 1675 1534 sicut
1692 1489 1756 1533 le-

369 1562 535 1620 gimus,
581 1561 782 1606 dixerunt
814 1562 853 1605 ei
892 1581 901 1606 2
948 1580 969 1603 «
1000 1561 1212 1613 Domine,
1265 1576 1375 1620 auge
1421 1560 1546 1604 nobis
1579 1560 1752 1604 fidem3.

368 1650 387 1672 s
408 1632 605 1685 Domine,
622 1631 842 1692 inquiunt,
862 1647 971 1690 auge
989 1631 1114 1675 nobis
1126 1630 1323 1674 fidem4.»
1334 1631 1474 1675 Prima
1491 1630 1650 1675 utilitas
1665 1641 1757 1675 erat

367 1703 560 1757 scientia,
579 1702 685 1746 scire
703 1702 823 1762 quod
838 1702 978 1746 minus
996 1702 1219 1746 habebant
1241 1721 1249 1746 :
1270 1703 1408 1762 major
1427 1700 1624 1757 felicitas,
1649 1703 1755 1746 scire

366 1773 484 1817 unde
503 1774 723 1833 petebant.
754 1793 773 1815 «
800 1773 982 1818 Domine
998 1808 1008 1827 ‚
1029 1773 1250 1833 inquiunt,
1276 1788 1386 1831 auge
1404 1773 1529 1818 nobis
1559 1773 1704 1817 fidem.
1732 1792 1751 1814 »

368 1844 522 1884 Videte
543 1844 576 1884 si
606 1860 695 1885 non
730 1843 861 1885 corda
893 1859 969 1885 sua
991 1843 1114 1899 quasi
1144 1843 1198 1884 ad
1220 1843 1388 1885 fontem
1421 1843 1676 1900 portabant,
1712 1852 1756 1887 et

371 1920 419 1953 ut
443 1910 522 1964 eis,
545 1911 662 1954 unde
701 1910 934 1970 implerent
951 1945 961 1965 ,
998 1911 1262 1969 aperiretur,
1299 1910 1547 1969 pulsabant.
1591 1912 1756 1956 Pulsari

369 1981 424 2025 ad
445 1997 488 2025 se
510 1981 649 2026 voluit
663 2016 674 2037 ,
699 1997 789 2026 non
811 1991 859 2026 ut
888 1981 1115 2040 repelleret
1143 1980 1362 2040 pulsantes
1378 2017 1388 2036 ,
1418 1982 1492 2026 sed
1510 1991 1556 2026 ut
1578 1999 1753 2028 exerce-

368 2063 432 2097 ret
455 2053 763 2097 desiderantes.

427 2127 483 2168 11.
513 2124 676 2169 Putatis
699 2124 813 2167 enim
831 2158 841 2178 ,
861 2123 1034 2177 fratres,
1060 2123 1224 2167 nescire
1248 2126 1385 2167 Deum
1410 2125 1516 2184 quid
1539 2125 1660 2169 vobis
1677 2142 1754 2170 ne-

368 2195 595 2239 cessarium
614 2194 697 2238 sit?
723 2194 809 2238 Scit
830 2194 1098 2253 praeveniens
1121 2193 1330 2238 desideria
1353 2203 1512 2248 nostra,
1541 2197 1615 2253 qui
1633 2198 1754 2240 novit

368 2266 558 2324 inopiam
590 2274 797 2309 nostram.
838 2264 1033 2323 Denique
1075 2279 1171 2307 cum
1212 2264 1388 2308 doceret
1425 2266 1685 2319 orationem,
1711 2276 1754 2310 ct

368 2345 564 2379 moneret
580 2334 817 2394 Discipulos
835 2349 949 2387 suos,
966 2349 1019 2377 ne
1041 2333 1086 2376 in
1106 2334 1299 2378 oratione
1315 2333 1563 2393 multiloqui
1582 2345 1722 2380 essent
1740 2355 1750 2381 2

372 2424 391 2447 «
421 2405 585 2461 Nolite,
606 2405 766 2466 inquit,
790 2403 1039 2463 multiloqui
1059 2418 1174 2461 esse,
1197 2404 1318 2448 novit
1336 2405 1450 2448 enim
1468 2408 1593 2448 Pater
1614 2415 1752 2450 vester

415 2509 424 2522 ¹
446 2501 528 2533 Alias
545 2513 582 2533 cx
597 2500 826 2533 Sirmondianis
846 2499 898 2542 34.
914 2517 953 2522 -
974 2507 986 2522 ²
1006 2499 1119 2531 Mattli.
1140 2510 1220 2538 xvn,
1241 2501 1289 2532 ιδ.
1311 2517 1351 2522 -
1374 2498 1387 2523 3
1407 2500 1486 2532 lbid.
1508 2512 1557 2542 ις).
1576 2518 1615 2524 -
1636 2500 1649 2531 l.
1671 2503 1750 2535 Luc.

367 2567 446 2596 xvn,
468 2556 497 2589 5.

1827 2269 1832 2394 ἒ

1825 2399 1830 2553 ἱ

1823 2677 1827 2688 4

1879 2143 1898 2169 ‚111

1880 2199 1898 2239 ,n

1871 2290 1896 2310 ..Η

1885 2352 1898 2383 ’ἶ

1870 2502 1898 2526 ...Ἡ
