1898 3178
271 189 410 218 SERMO
441 189 506 228 LI,
540 189 594 216 DE
624 185 857 216 conconmA
889 183 1055 215 MATTH.
1089 186 1141 214 ET
1173 186 1266 214 Luc.
1373 173 1455 213 137

83 260 159 320 qui
176 274 251 303 sua
267 264 492 318 quaerunt,
512 270 601 299 non
615 270 714 315 quae
730 257 833 299 Jesu
849 254 1048 310 Christi¹,
1069 262 1112 298 et
1133 253 1337 297 laudatur
1358 253 1460 297 cha-

84 331 184 374 ritas
206 344 294 374 non
311 341 508 387 quaerens
524 341 622 386 quae
642 341 719 369 sua
737 329 880 382 sunt2,
895 334 1123 386 propterea
1148 325 1239 384 ipse
1261 323 1461 369 undena-

84 402 171 444 rius
207 413 411 443 numerus
444 412 532 456 quo
569 397 836 455 significatur
869 396 1169 454 transgressio,
1210 409 1299 439 non
1321 394 1462 440 decies

84 469 418 529 multiplicatur,
453 466 529 512 sed
554 470 729 527 septies,
766 477 809 512 et
836 468 948 511 fiunt
978 467 1458 527 septuaginta-septem.

83 544 179 586 Non
195 540 310 583 enirn
329 538 384 582 ad
398 536 645 583 Conditoris
665 538 934 593 Trinitatem,
961 537 1037 582 sed
1058 536 1112 582 ad
1133 538 1270 597 ipsam
1292 546 1465 582 creatu-

83 625 191 665 ram,
208 608 255 653 id
270 618 348 664 est,
361 607 415 653 ad
429 609 569 668 ipsum
583 609 804 654 hominem
818 608 1007 668 pertinet
1023 609 1317 667 transgressio,
1333 623 1465 668 quam

83 689 322 725 creaturam
360 679 626 739 septenarius
659 693 867 723 numerus
917 678 1120 723 ostendit.
1156 679 1252 722 Tria
1289 687 1467 738 propter

85 752 302 805 animum,
326 750 405 794 ubi
426 759 488 794 est
511 749 713 810 quaedam
738 750 883 808 imago
907 748 1125 793 Trinitatis
1147 749 1382 806 Creatori33
1406 750 1467 792 ibi

84 822 200 865 enim
220 821 351 865 homo
374 822 429 865 ad
448 822 679 879 imaginem
698 821 775 865 Dei
791 821 931 865 factus
945 829 1008 864 est
1030 839 1038 865 :
1060 828 1103 864 et
1129 829 1316 879 quatuor
1333 835 1466 879 prop-

88 901 152 937 ter
173 907 345 951 corpuS.
363 892 592 937 Notissima
609 892 725 936 enim
741 901 843 936 sunt
858 900 1047 951 quatuor
1059 890 1294 951 primordia
1307 891 1381 950 qui
1389 891 1466 934 bus

84 978 240 1022 corpus
262 971 444 1007 constat.
458 966 514 1008 Et
539 963 609 1007 cui
632 972 735 1009 nota
758 979 847 1008 non
870 972 986 1019 sunt,
1005 971 1149 1022 potest
1165 961 1291 1006 facile
1314 961 1468 1007 adver-

87 1043 174 1078 tere
191 1035 331 1093 ipsum
346 1050 502 1094 corpus
516 1034 692 1090 mundi,
713 1036 758 1080 in
778 1051 866 1096 quo
881 1050 1038 1094 corpus
1055 1045 1251 1079 nostrum
1274 1050 1351 1093 per
1372 1034 1467 1078 loca

85 1115 303 1160 movetur,
332 1115 520 1166 quatuor
546 1106 708 1150 habere
729 1108 853 1167 quasi
885 1106 1141 1166 principales
1170 1115 1336 1165 partes,
1361 1121 1467 1165 quas

84 1177 213 1221 etiam
237 1178 458 1236 Scriptura
480 1177 626 1222 divina
644 1177 812 1222 assidue
834 1186 1167 1232 commemorat,
1188 1177 1409 1220 Orientem
1426 1185 1468 1221 et

83 1246 380 1301 Occidentem,
408 1247 700 1291 Meridianum
715 1257 758 1292 et
772 1247 1051 1308 Aquilonem.
1064 1250 1121 1292 Et
1141 1247 1348 1307 quoniam
1369 1262 1468 1306 pec-

84 1326 177 1362 cata
189 1317 259 1362 vel
272 1317 416 1362 animo
428 1319 541 1362 fiunt
553 1353 563 1373 ‚
581 1318 692 1363 sicut
705 1319 751 1362 in
766 1319 854 1363 sola
873 1317 1122 1375 voluntate,
1137 1318 1207 1364 vel
1224 1318 1354 1362 etiam
1369 1334 1468 1378 ope-

84 1388 202 1432 ribus
223 1388 434 1447 corporiS,
455 1389 547 1447 jam
570 1388 797 1433 visibiliter
816 1409 824 1434 ;
847 1397 1076 1448 propterea
1096 1391 1228 1433 Amos
1256 1390 1468 1448 propheta

85 1458 253 1504 assidue
275 1469 585 1504 commemorat
608 1463 748 1504 Deum
769 1460 1009 1504 minantem
1029 1476 1077 1504 ac
1096 1459 1314 1504 dicentem
1342 1479 1350 1504 2
1377 1479 1395 1501 «
1418 1463 1469 1503 In

86 1548 106 1571 »
143 1529 280 1574 tribus
321 1539 364 1574 et
386 1540 575 1590 quatuor
612 1531 906 1591 impietatibus
943 1547 1033 1576 non
1055 1532 1309 1585 aversabor,
1341 1529 1386 1573 id
1408 1539 1470 1574 est

86 1619 106 1642 »
141 1615 231 1646 non
271 1600 596 1656 dissimulab0³‚
625 1619 644 1642 »
679 1601 856 1654 Tribus,
883 1608 1060 1659 propter
1093 1600 1250 1656 animi,
1280 1609 1471 1659 quatuor

84 1681 259 1732 propter
279 1673 469 1732 corporis
484 1681 687 1716 naturam
714 1687 723 1712 ε
748 1672 906 1731 quibus
928 1669 1103 1715 duobus
1124 1671 1257 1715 homo
1280 1680 1466 1716 constat.

141 1744 323 1786 XXXV.
345 1746 499 1803 Itaque
518 1742 722 1786 undecim
737 1742 907 1801 septies,
928 1741 1039 1785 sicut
1056 1740 1222 1785 dictum
1239 1750 1321 1797 est,
1337 1751 1473 1786 trans-

85 1813 240 1872 gressio
257 1813 436 1873 justitiae
467 1812 601 1857 relata
634 1812 688 1857 ad
709 1812 934 1857 hominem
958 1821 1230 1870 peccatorem
1261 1812 1363 1857 facit
1386 1830 1472 1857 nu-

85 1899 253 1928 merum
276 1885 769 1943 septuaginta-septem,
791 1899 879 1943 quo
900 1892 1079 1942 peccata
1096 1884 1242 1927 omnia
1260 1885 1473 1930 contineri

86 1955 408 2013 significantur,
446 1971 545 2014 quae
587 1970 665 2014 per
706 1954 970 2014 baptismum
1005 1952 1300 1997 dimittuntur.
1347 1955 1474 2000 Unde

86 2028 226 2070 Lucas
252 2040 330 2085 per
366 2025 834 2084 septuaginta-septem
858 2023 1158 2082 generationes
1199 2024 1390 2068 ascendit
1419 2025 1473 2070 ad

86 2099 253 2154 Deum,
279 2094 509 2140 ostendens
532 2095 798 2140 reconciliari
822 2096 1045 2140 hominem
1067 2098 1158 2140 Deo
1179 2111 1256 2154 per
1270 2095 1474 2141 abolitio-

87 2180 188 2209 nem
209 2167 406 2210 omnium
430 2176 724 2226 peccatorum.
759 2165 868 2210 Inde
908 2167 998 2225 ipse
1021 2167 1232 2211 Dominus
1254 2170 1382 2212 Petro
1401 2168 1471 2211 in-

88 2235 327 2292 terroganti
349 2236 518 2294 quoties
544 2235 665 2281 fratri
678 2236 835 2281 debeat
848 2236 1066 2295 ignoscere
1088 2257 1096 2282 2
1118 2256 1138 2279 «
1158 2238 1265 2282 Dico
1279 2238 1379 2292 tibi,
1405 2239 1473 2283 in-

90 2323 111 2346 »
148 2305 271 2364 quit,
301 2319 391 2348 non
412 2305 588 2363 septies,
620 2307 697 2349 sed
727 2322 864 2366 usque
886 2308 1127 2366 septuagies
1150 2308 1346 2367 septies&
1371 2327 1390 2349 »
1418 2312 1473 2354 Et

89 2375 122 2419 si
140 2374 247 2434 quid
271 2374 390 2419 aliud
413 2374 467 2418 de
483 2375 547 2418 his
570 2376 742 2420 secretis
758 2387 801 2421 et
823 2377 1034 2422 thesauris
1048 2378 1354 2435 mysteriorum
1367 2380 1467 2435 Dei,

90 2460 114 2490 a
136 2444 480 2503 diligentioribus
502 2454 545 2490 et
580 2445 850 2505 dignioribus
891 2449 983 2492 erui
1005 2457 1160 2507 potest.
1199 2450 1284 2495 Nos
1323 2458 1468 2494 tamen

143 2529 278 2572 ιΡΙιίΙίρ,
300 2542 333 2572 ιι,
352 2540 453 2564 2r.—
474 2538 486 2553 ²
511 2543 520 2564 1
544 2531 617 2564 Cor.
643 2543 709 2574 xm,
725 2533 803 2565 5.=-
823 2531 836 2557 3
856 2535 950 2565 Amos
970 2545 997 2574 ι,
1017 2542 1095 2565 2.-
1114 2533 1126 2562 4
1148 2535 1266 2570 Matth,
1287 2545 1382 2575 xvnr,
1403 2543 1457 2567 22.
