1898 3178
432 294 513 334 14ss
853 302 887 331 s.
923 301 1154 332 AUGUSTINI
1188 305 1369 333 EP1scom

420 387 511 416 non
532 371 623 431 ipse
645 371 741 414 sibi.
766 372 893 413 Pater
911 369 1029 412 enim
1057 369 1159 429 quia
1181 367 1394 423 reddidit,
1421 368 1700 413 manifestum
1721 378 1800 414 est.

420 442 531 487 Inde
552 440 668 486 enim
698 438 894 484 Psalmus
918 439 1024 484 dicit
1045 458 1055 485 z
1085 457 1107 482 «
1129 441 1186 484 Et
1208 440 1414 484 resuscita
1437 454 1507 484 me
1523 475 1534 496 ,
1561 448 1606 484 et
1633 439 1814 484 reddam

420 531 441 555 »
476 512 559 556 illis
575 513 606 556 ².
630 529 652 553 »
680 509 766 556 Sed
789 511 892 572 quia
915 519 959 555 et
981 510 1119 557 Filius
1135 511 1326 556 animam
1348 527 1469 556 suam
1489 510 1572 556 sibi
1593 510 1811 567 reddidit,

416 583 526 644 quid
544 598 569 627 a
591 581 718 628 nobis
740 582 1006 642 expectatis?
1029 585 1128 643 Ipse
1157 581 1275 628 dicat
1297 601 1307 627 ε
1336 597 1357 625 «
1383 583 1650 626 potestatem
1671 580 1816 627 habeo

426 674 444 695 »
480 652 673 713 ponendi
694 654 884 698 animam
901 668 1044 698 meam
1056 657 1090 698 ².
1105 651 1348 700 »Nondum
1365 651 1458 696 dixi
1476 652 1598 713 quod
1619 651 1813 712 promisi».

422 724 621 770 Ponendi
638 723 726 770 dixi
748 744 756 770 :
781 724 858 770 sed
867 726 960 786 jam
982 726 1178 770 clamatis
1195 760 1206 780 ,
1232 725 1334 786 quia
1356 723 1617 784 praevolatis.
1642 723 1817 768 Eruditi

419 796 584 856 quippe
604 796 651 840 in
667 796 815 841 schola
837 795 1034 856 Magistri
1057 795 1260 851 coelestis,
1290 805 1500 856 tanquam
1522 794 1732 840 lectiones
1753 795 1816 839 iri-¹

420 875 539 911 tente
563 867 814 922 audientes,
842 867 913 926 pie
935 866 1168 911 reddentes
1185 901 1196 922 ,
1222 866 1329 927 quid
1347 876 1556 926 sequatur
1577 881 1668 911 non
1690 866 1817 925 igno-

421 938 537 983 ratis.
549 957 568 981 «
589 941 854 984 Potestatem
869 974 879 994 ,
900 938 1217 998 inquit,habeo
1232 937 1428 998 ponendi
1446 938 1636 982 animam
1653 942 1812 992 meam,

415 1166 436 1190 »
472 1165 584 1194 eam.
615 1169 636 1192 ))

473 1222 595 1264 XIV.
628 1220 883 1266 Exolvimus
904 1237 1005 1281 quae
1025 1221 1304 1282 promisimus
1327 1240 1336 1266 :
1361 1221 1683 1282 propositiones
1708 1228 1815 1266 'nos-*-

419 1571 694 1616 nativitatem
722 1583 870 1616 tamen
892 1575 1019 1618 istam
1042 1573 1142 1618 Filii
1163 1583 1207 1618 et
1240 1577 1368 1618 Pater
1389 1583 1432 1618 et
1455 1573 1590 1618 Filius
1612 1575 1839 1634 operatu3i
1867 1583 1898 1627 ff

420 1651 484 1686 est
512 1658 562 1686 ex
581 1642 775 1700 Virgine.
799 1646 927 1687 Pater
943 1659 1035 1688 non
1056 1653 1120 1688 est
1141 1660 1291 1704 passus
1313 1646 1359 1689 in
1382 1661 1542 1690 cruce:
1568 1628 1836 1706 passionenffi

417 1721 565 1757 tamen
581 1711 681 1758 Filii
698 1722 741 1758 et
762 1717 891 1758 Pater
913 1723 956 1759 et
982 1717 1016 1758 F
1021 1713 1121 1759 ilius
1139 1723 1343 1774 operatus
1365 1725 1443 1760 est.
1466 1717 1566 1760 Non
1583 1732 1703 1761 resui
1694 1704 1837 1763 rex1t³

417 1786 546 1829 Pater
574 1799 596 1828 a
619 1784 836 1829 mortuis.
862 1785 1226 1832 resurrectionem
1247 1794 1396 1830 tamen
1426 1785 1526 1831 Filii
1553 1795 1596 1832 et
1615 1790 1744 1831 Pater
1780 1783 1819 1832 ast}

418 1852 555 1898 Filius
572 1864 776 1914 operatus
797 1864 874 1900 est.
901 1856 1080 1900 Habetis
1097 1871 1382 1916 personarum
1402 1855 1787 1913 distinctionem,
1808 1885 1817 1893 2

417 1925 681 1984 operationis
705 1925 1146 2005 inseparabilitatem.
1162 1928 1262 1972 Non
1283 1940 1386 1984 ergo
1408 1925 1626 1983 dicamus,
1649 1926 1783 1988 aliqui
1793 1930 1824 1966 dA·
1863 1925 1868 1934 “

423 2278 610 2325 diximus
638 2279 771 2340 plana
808 2289 954 2335 erant,
984 2288 1160 2324 tantum
1187 2277 1372 2322 dicenda
1403 2245 1554 2324 erant:
1579 2294 1671 2324 non
1690 2275 1815 2324 lab
1844 2322 1846 2325 ,

425 2352 613 2397 randum
637 2362 689 2398 ut
706 2351 1054 2411 intelligerentur
1068 2385 1080 2406 ,
1104 2348 1180 2396 sed
1202 2348 1448 2395 curandum
1471 2359 1522 2396 ut
1543 2360 1735 2396 comme
1770 2378 1788 2412 ‘.

425 2432 641 2468 rarentur.

485 2495 583 2537 XV.
619 2493 798 2555 Aliquid
825 2492 970 2538 adhuc
1003 2490 1104 2536 volo
1125 2490 1292 2547 dicere,
1317 2492 1396 2535 ubi
1417 2506 1518 2536 vere
1539 2501 1584 2537 et
1606 2493 1759 2538 acrior
1777 2500 1797 2533 ’.λ

477 2657 485 2673 ¹
505 2649 587 2682 Psal.
607 2661 659 2692 xm,
683 2661 735 2683 ιι.
756 2666 795 2673 -
814 2656 827 2673 ²
851 2651 943 2682 Joan.
958 2660 992 2691 x,
1011 2649 1062 2682 18.
1082 2665 1124 2672 -
1146 2647 1227 2683 ³1d.
1243 2658 1308 2691 xiv,
1332 2659 1383 2682 10.
