1898 3178
440 219 579 248 SERMO
609 221 671 258 el,
706 220 759 246 DE
792 220 938 247 vmims
971 220 1063 246 Luc.
1099 220 1143 245 x.
1398 205 1480 246 553

163 288 220 329 ΙΙ.
258 285 480 329 Attendite
511 299 613 342 ergo
632 317 643 338 ,
680 292 723 328 et
753 282 939 327 delectet
962 298 1036 328 vos
1070 296 1240 327 mecum
1275 282 1480 341 inspicere

103 354 408 412 agriculturam
428 356 505 399 Dei
529 363 573 398 et
592 354 637 397 in
659 369 707 398 ea
726 369 883 398 messes
904 353 1033 409 duas,
1053 368 1186 397 unam
1202 361 1477 408 transactam,

101 425 227 468 aliam
250 423 442 468 futuram
469 443 477 469 :
504 432 763 467 transactam
793 424 838 466 in
859 422 1024 483 populo
1047 425 1071 466 J
1077 422 1300 467 udaeorum
1315 457 1326 477 ,
1356 421 1481 466 futu-

101 509 194 538 ram
215 495 259 538 in
278 494 450 553 populis
473 493 693 538 Gentium.
722 493 958 538 Probemus
980 495 1063 538 hoc
1087 513 1094 538 :
1122 502 1165 537 et
1185 492 1303 537 unde
1323 493 1404 537 nisi
1427 493 1482 537 de

103 565 321 623 Scriptura
350 563 427 607 Dei
444 563 617 608 Domini
638 562 814 606 messis?
838 566 948 607 Ecce
967 563 1178 607 habemus
1204 563 1265 606 ibi
1282 563 1481 622 praesenti

100 633 290 693 capitulo
328 632 494 678 dictum
530 634 645 677 esse?
682 651 702 675 «
733 634 880 677 Messis
914 633 1080 688 multa,
1115 633 1298 692 operarii
1335 642 1480 677 autem

104 721 124 745 »
154 704 294 763 pauci.
317 707 484 762 Rogate
510 703 747 748 Dominum
768 704 933 758 messis,
958 712 1008 747 ut
1036 704 1180 748 mittat
1199 703 1415 762 operarios
1437 704 1481 747 in

103 793 123 816 »
159 789 337 819 messem
376 777 545 819 suam1.
574 792 594 816 »
622 773 707 820 Sed
730 775 832 835 quia
861 775 908 818 in
929 774 1001 819 illa
1024 790 1160 819 messe
1187 773 1321 819 futuri
1360 783 1483 818 erant

100 843 438 889 contradictores
468 854 511 889 et
542 854 835 904 persecutores
871 845 1012 889 Judaei
1047 864 1055 890 :
1092 863 1112 886 «
1145 847 1278 899 Ecce,
1312 845 1478 904 inquit,

103 932 124 956 »
159 915 285 958 mitto
307 929 382 959 vos
403 915 514 958 sicut
539 929 668 973 agnos
689 914 735 957 in
758 915 901 959 medio
917 914 1163 974 luporum‘2.
1189 932 1208 954 »
1229 914 1482 958 Evidentius

100 984 155 1028 de
185 985 266 1029 hac
298 999 434 1028 messe
470 983 634 1044 aliquid
669 983 946 1029 ostendamus
980 985 1025 1029 in
1062 983 1298 1042 Evangelio
1328 999 1483 1028 secuu-

100 1054 206 1098 dum
235 1057 450 1099 Joannem
466 1089 476 1109 ,
505 1054 560 1097 ad
581 1063 763 1113 puteum
787 1055 865 1098 ubi
887 1053 1090 1113 fatigatus
1113 1054 1322 1098 Dominus
1344 1054 1478 1107 sedit,

100 1139 256 1183 magna
278 1123 458 1184 quidem
481 1133 573 1168 acta
596 1133 696 1168 sunt
719 1133 1004 1179 sacramenta,
1022 1123 1096 1167 sed
1119 1132 1351 1182 angustum
1373 1132 1483 1166 tem-

100 1210 181 1254 pus
203 1204 281 1249 est,
307 1204 357 1238 ut
379 1195 524 1239 omnia
546 1204 879 1253 pertractentur.
907 1194 1036 1248 Quod
1054 1204 1199 1239 autem
1218 1194 1271 1238 ad
1294 1209 1484 1253 praesen-

100 1273 187 1308 tem
203 1280 294 1308 rem
311 1266 514 1324 pertinet,
532 1265 694 1309 audite.
716 1265 989 1323 Suscepimus
1012 1265 1127 1308 enim
1142 1279 1322 1308 messem
1336 1273 1483 1308 osten-

99 1333 201 1377 dere
218 1335 263 1377 in
280 1334 451 1393 populis
464 1369 474 1388 ,
495 1335 541 1377 in
560 1334 720 1394 quibus
740 1335 969 1393 Prophetae
990 1333 1338 1392 praedicaverunt
1358 1354 1366 1378 :
1384 1334 1483 1377 ideo

99 1404 213 1447 enim
236 1402 299 1446 illi
320 1403 599 1447 seminatores
615 1438 626 1458 ,
648 1412 696 1446 ut
725 1403 919 1462 Apostoli
947 1412 1122 1462 possent
1147 1418 1236 1447 esse
1258 1419 1477 1448 messores.

101 1473 367 1518 Samaritana
392 1472 549 1516 mulier
571 1472 767 1532 loquitur
793 1488 894 1516 cum
920 1473 1106 1516 Domino
1135 1476 1263 1527 Jesu,
1294 1482 1336 1516 et
1372 1474 1483 1516 inter

98 1552 252 1587 caetera
272 1558 371 1587 cum
393 1541 566 1586 dixisset
590 1543 627 1585 ei
647 1543 855 1586 Dominus
868 1577 878 1596 ,
898 1542 1120 1602 quomodo
1138 1542 1294 1586 debeat
1313 1544 1483 1588 adorari

99 1616 212 1657 Deus
233 1632 241 1657 ε
272 1614 330 1656 ait
350 1611 422 1656 illa
452 1630 460 1655 ;
490 1630 509 1653 «
538 1612 702 1656 Scimus
724 1613 826 1671 quia
848 1611 991 1655 veniet
1008 1613 1202 1666 Messias,
1227 1613 1302 1671 qui
1326 1613 1484 1657 dicitur

101 1701 120 1724 »
157 1683 381 1737 Christus,
422 1691 467 1726 et
505 1682 648 1726 omnia
681 1697 759 1726 nos
795 1681 1015 1726 docebitss.
1049 1700 1069 1723 »
1104 1685 1161 1726 Et
1186 1683 1396 1726 Dominus
1428 1684 1482 1727 ad

98 1751 216 1797 illam
244 1771 253 1798 ς
275 1772 295 1795 «
320 1756 413 1811 Ego
436 1769 531 1797 sum
555 1753 631 1812 qui
647 1752 806 1813 loquor
819 1761 978 1796 tecum.
1000 1770 1019 1793 »
1043 1752 1182 1797 Crede
1197 1753 1316 1813 quod
1330 1753 1477 1797 audis:

98 1824 206 1883 quid
227 1824 385 1884 quaeris
403 1823 524 1883 quod
560 1824 707 1867 vides?
729 1842 748 1865 «
773 1826 866 1881 Ego
884 1838 979 1866 sum
997 1823 1072 1882 qui
1090 1823 1246 1883 loquor
1269 1833 1428 1868 tecum.
1457 1842 1477 1865 n

98 1892 229 1946 Quod
249 1901 395 1937 autem
415 1892 488 1937 illa
510 1892 675 1936 dixerat
701 1912 709 1937 :
745 1911 765 1934 «
793 1893 957 1936 Scimus
977 1893 1078 1952 quia
1106 1894 1279 1937 Messias
1307 1894 1478 1949 veniet,

102 1981 122 2004 »
157 1978 287 2022 quem
306 1964 676 2007 annuntiaverunt
696 1965 867 2020 Moyses
885 1972 928 2007 et
949 1964 1200 2022 Prophetae,
1226 1964 1302 2023 qui
1324 1964 1482 2007 dicitur

102 2052 122 2074 »
157 2034 368 2078 Christus.
400 2051 418 2073 »
446 2035 542 2077 Jam
565 2035 681 2077 enim
711 2034 828 2092 spica
849 2034 996 2077 messis
1017 2043 1122 2078 erat.
1156 2033 1384 2092 Gignenda
1407 2051 1482 2079 ac-

98 2113 273 2163 ceperat
319 2104 554 2162 Prophetas
598 2104 900 2159 seminatores,
946 2103 1176 2163 Apostolos
1228 2106 1481 2164 expectabat

99 2182 269 2217 matura
286 2188 507 2218 messores.
529 2176 630 2218 Mox
640 2183 696 2228 ⁴ut
710 2174 794 2218 hoc
816 2173 982 2218 audivit
995 2173 1197 2229 credidit,
1218 2183 1260 2218 et
1280 2175 1479 2231 hydriam

99 2244 280 2297 dimisit,
322 2253 364 2287 et
400 2242 652 2288 festinanter
687 2245 879 2288 cucurrit
898 2279 909 2297 ‚
949 2244 1207 2288 annuntiare
1245 2245 1479 2289 Dominum

99 2314 248 2372 coepit.
276 2313 482 2372 Discipuli
518 2322 621 2357 tunc
652 2314 790 2358 ierant
812 2314 868 2358 ad
890 2313 1095 2358 emendos
1125 2329 1255 2373 panes
1280 2334 1288 2359 :
1316 2316 1391 2374 qui
1414 2331 1481 2360 re-

99 2383 283 2427 deuntes
301 2383 562 2427 invenerunt
575 2384 809 2428 Dominum
827 2384 1082 2443 loquentem
1105 2400 1206 2428 cum
1221 2384 1416 2441 muliere,
1437 2395 1480 2430 et

98 2453 242 2497 mirati
274 2462 389 2497 sunt.
415 2455 513 2498 Non
549 2461 649 2497 sunt
681 2462 827 2498 tamen
859 2455 950 2498 ausi
987 2453 1130 2499 dicere
1151 2456 1189 2499 ei
1218 2474 1226 2499 z
1253 2454 1369 2507 Quid
1409 2456 1476 2502 vel

147 2544 156 2561 ¹
173 2539 250 2570 Luc.
271 2549 302 2578 x,
324 2548 353 2569 2.
378 2554 418 2561 —
438 2536 548 2569 ²1hi<l⁴
569 2538 600 2570 3.
628 2554 666 2560 —-
687 2536 700 2560 ³
717 2539 806 2570 Joan.
828 2549 872 2578 ιν,
892 2538 946 2570 25.
