1898 3178
15 823 18 827 ⁴
11 723 20 781 vv-

418 270 554 297 snmvto
585 270 695 307 exn,
731 271 784 297 DE
818 269 962 297 vmms
997 271 1088 297 Luc.
1124 268 1214 297 xiv.
1417 257 1502 296 617

131 335 268 390 cibus,
287 344 426 380 tactus
442 336 486 379 in
501 336 703 381 omnibus
720 337 940 381 membris.
959 337 1068 381 Alba
1085 345 1128 380 et
1144 337 1266 395 nigra
1280 343 1322 379 et
1334 350 1511 395 quoquo

132 406 260 450 modo
273 406 477 460 colorata,
496 406 638 451 lucida
656 417 697 452 et
713 409 896 453 obscura
912 407 1102 453 videndo
1120 407 1342 452 sentimus.
1360 409 1508 451 Rauca

132 486 175 520 et
200 492 353 521 canora
369 512 379 531 ‚
418 476 636 521 audiendo
670 479 891 522 sentimus.
939 480 1077 523 Suave
1111 477 1271 522 olentia
1304 485 1347 520 et
1381 492 1509 535 grave

131 547 314 601 olentia,
341 547 565 591 odorando
583 548 804 592 sentimus.
832 547 983 592 Dulcia
1015 556 1057 591 et
1089 562 1231 592 amara
1251 582 1261 602 ,
1294 546 1507 605 gustando

131 617 353 662 sentimus.
376 621 491 662 Dura
507 628 549 663 et
564 618 726 674 mollia,
749 619 860 663 lenia
875 629 917 663 et
935 634 1097 678 aspera,
1117 617 1255 662 calida
1272 627 1315 661 et
1334 617 1507 677 frigida,

132 688 275 746 gravia
293 698 335 732 et
357 687 482 743 levia,
503 687 722 747 tangendo
743 691 965 734 sentimus.
990 689 1190 749 Quinque
1211 697 1328 742 sunt,
1347 697 1389 732 et
1404 689 1508 747 juga

130 767 246 802 sunt.
281 758 363 802 Sed
384 759 484 818 quia
500 760 605 818 juga
630 767 731 802 sunt
745 793 756 813 ,
779 760 823 802 in
841 760 978 804 tribus
996 759 1206 818 prioribus
1224 758 1417 802 sensibus
1439 758 1507 801 fa-

130 828 254 873 cilius
276 838 468 888 apparet.
496 832 592 873 Duo
610 838 712 873 sunt
727 829 864 885 oculi,
887 829 985 874 duae
999 845 1137 884 aures,
1158 830 1337 887 geminae
1360 844 1504 872 nares:

129 914 228 943 ecce
250 899 330 942 tria
346 900 464 959 juga.
489 901 536 943 [n
560 898 779 954 faucibus,
805 900 850 944 id
872 909 959 954 est,
978 915 1103 944 sensu
1127 898 1353 958 gustandi,
1377 900 1509 957 gemi-

127 970 245 1014 natio
271 969 472 1029 quaedam
500 970 735 1026 invenitur,
762 971 861 1031 quia
890 970 999 1015 nihil
1024 971 1237 1029 gustando
1259 970 1391 1026 sapit,
1427 970 1506 1013 nisi

127 1040 276 1098 lingua
292 1049 334 1083 et
354 1040 498 1099 palato
518 1049 735 1099 tangatur.
756 1041 966 1101 Voluptas
988 1041 1125 1085 carnis
1147 1055 1244 1100 quae
1266 1039 1319 1083 ad
1343 1048 1506 1084 tactum

130 1111 319 1169 pertinet
335 1145 345 1163 ‚
371 1111 583 1155 occultius
607 1112 867 1170 geminatur.
892 1115 970 1156 Est
991 1112 1105 1155 enim
1122 1119 1164 1154 et
1178 1110 1437 1164 forinsecus,
1463 1120 1505 1154 et

127 1182 396 1225 intrinsecus.
418 1184 531 1239 Ergo
547 1191 589 1225 et
611 1182 701 1241 ipsa
715 1183 884 1241 gemina
903 1191 980 1226 est.
999 1184 1141 1234 Quare
1154 1181 1290 1225 boum
1305 1180 1509 1224 dicuntur

119 1253 249 1311 juga?
281 1253 391 1304 Quia
426 1267 502 1310 per
527 1267 673 1296 sensus
707 1254 808 1297 istos
837 1253 974 1297 carnis
1008 1263 1175 1296 terrena
1206 1251 1503 1311 requiruntur.

126 1326 260 1367 Boves
281 1324 394 1366 enim
415 1333 571 1367 terram
596 1333 782 1367 versant.
812 1326 922 1368 Sunt
936 1332 1081 1367 autem
1103 1323 1298 1367 homines
1313 1321 1466 1364 remoti
1485 1336 1508 1365 a

125 1393 230 1447 fide,
257 1395 434 1438 terrenis
455 1394 617 1448 dediti,
636 1394 880 1438 carnalibus
897 1394 1095 1452 occupati
1118 1413 1126 1438 z
1149 1393 1307 1438 nolunt
1329 1392 1510 1436 credere

127 1463 316 1523 aliquid,
342 1464 421 1508 nisi
454 1463 508 1507 ad
530 1464 648 1524 quod
675 1465 740 1508 sui
768 1465 960 1523 corporis
980 1479 1107 1507 sensu
1129 1465 1323 1523 quinque
1346 1462 1506 1521 partito

127 1533 400 1594 perveniunt.
430 1537 479 1576 In
503 1534 560 1577 eis
583 1535 777 1594 quinque
798 1534 994 1578 sensibus
1021 1533 1153 1577 totius
1175 1532 1409 1576 voluntatis
1426 1532 1508 1575 sibi

126 1604 296 1663 regulas
314 1613 500 1664 ponunt.
526 1607 643 1659 Non,
669 1605 828 1664 inquit,
849 1603 979 1648 credo
1003 1619 1103 1661 ego,
1132 1604 1210 1646 nisi
1228 1601 1347 1662 quod
1361 1603 1504 1646 video.

126 1678 238 1720 Ecce
259 1676 378 1735 quod
400 1676 527 1729 novi,
547 1691 645 1720 ecee
667 1674 786 1735 quod
805 1676 908 1719 scio.
936 1674 1098 1718 Album
1115 1682 1178 1717 est
1196 1708 1206 1728 ‚
1227 1673 1401 1730 nigrum
1425 1682 1507 1727 est,

126 1745 365 1791 rotundum
388 1755 472 1800 est,
493 1746 756 1806 quadratum
778 1755 861 1800 est,
896 1746 954 1789 sic
974 1744 1043 1789 vel
1069 1745 1126 1789 sic
1149 1743 1397 1788 coloratum
1416 1752 1479 1787 est
1497 1759 1506 1783 :

126 1818 254 1871 novi,
290 1817 452 1869 sentio,
482 1825 609 1860 teneo
636 1836 644 1860 ε
676 1825 830 1860 natura
858 1816 948 1875 ipsa
978 1830 1047 1859 me
1079 1815 1219 1859 docet.
1251 1816 1349 1859 Non
1377 1829 1509 1872 cogor

126 1886 323 1941 credere,
344 1885 464 1946 quod
482 1886 589 1929 mihi
612 1901 699 1930 non
722 1894 845 1945 potes
867 1885 1107 1929 ostendere.
1126 1887 1220 1928 Vox
1240 1892 1304 1927 est
1323 1902 1331 1928 ;
1352 1884 1505 1938 sentio,

124 1957 226 2016 quia
254 1972 335 2001 vox
356 1965 442 2005 est3
471 1956 581 2000 bene
599 1964 765 2010 cantat,
789 1955 901 1999 male
920 1963 1089 2008 cantat,
1112 1954 1251 1998 suavis
1274 1962 1360 2007 est,
1380 1969 1508 1998 rauca

125 2037 188 2071 est
218 2046 226 2071 :
258 2027 386 2081 novi,
413 2027 524 2081 scio,
551 2026 747 2085 pervenit
776 2025 830 2070 ad
849 2040 933 2068 me.
963 2027 1078 2068 Bene
1101 2024 1214 2077 olet,
1250 2022 1363 2067 male
1384 2023 1472 2067 olet
1497 2044 1504 2068 :

125 2097 238 2151 scio,
262 2097 414 2140 sentio.
443 2099 534 2140 Hoc
561 2095 687 2139 dulce
716 2103 806 2149 est,
841 2095 923 2138 hoc
956 2108 1177 2150 amarum3
1207 2094 1289 2136 hoc
1319 2091 1501 2147 salsum,

127 2168 208 2211 hoc
231 2166 420 2211 fatuum.
443 2165 558 2219 Quid
576 2166 683 2209 mihi
701 2164 797 2224 plus
816 2163 931 2209 dicas
954 2164 1112 2208 nescio.
1143 2162 1377 2221 Tangendo
1406 2162 1509 2206 novi

127 2237 234 2297 quid
257 2237 414 2281 durum
434 2246 523 2290 est,
545 2236 652 2295 quid
670 2235 801 2280 molle
821 2235 895 2292 sit3
922 2235 1029 2294 quid
1047 2234 1145 2278 lene
1161 2235 1236 2285 sit,
1261 2234 1366 2293 quid
1388 2248 1508 2292 aspc-

126 2323 222 2352 rum
238 2308 313 2365 sit3
331 2307 437 2367 quid
460 2306 610 2360 caleat,
631 2305 737 2365 quid
756 2305 924 2364 frigeat.
949 2304 1065 2358 Quid
1079 2304 1184 2348 mihi
1199 2303 1295 2363 plus
1311 2304 1508 2348 demons-

67 2399 69 2405 .
129 2387 323 2422 traturus
346 2380 418 2421 es?

176 2457 252 2498 lv.
261 2453 352 2498 Tali
365 2453 676 2512 impedimento
687 2453 917 2496 tenebatur
928 2450 1502 2510 apostolusssnostchhomaQ

72 2566 73 2570 ,
128 2525 280 2587 quide
307 2525 493 2570 Domino
522 2524 708 2578 Christo,
737 2523 783 2566 id
813 2532 890 2578 est,
926 2521 979 2565 de
1004 2522 1162 2566 Christi
1189 2521 1501 2565 resurrectione

0 2585 14 2589 ”
66 2586 73 2634 ἕ
130 2611 209 2640 nec
227 2595 323 2640 solis
345 2594 480 2640 oculis
504 2593 674 2637 credere
695 2592 832 2637 voluit
855 2612 862 2636 :
895 2612 912 2633 «
938 2592 1028 2637 Nisi
1051 2592 1227 2647 misero,
1253 2591 1410 2650 inquit,
1436 2591 1504 2634 di-
