1898 3178
429 221 511 259 336
855 230 888 258 s.
926 233 1155 259 AUGUsnM
1188 233 1367 261 1-:1‘1500111

427 298 572 342 omnia
598 298 765 356 placare
785 305 945 356 potest,
963 297 1039 357 qui
1057 297 1253 341 condidit
1269 297 1413 341 omnia
1425 299 1442 338 ⁴?
1458 300 1620 341 Tamen
1639 306 1805 356 postea-

426 384 556 428 quam
592 367 783 412 ascendit
804 367 849 410 in
872 383 1025 411 navem
1043 403 1053 422 ,
1081 378 1294 412 venerunt
1316 369 1391 428 qui
1409 368 1709 428 portabantur,
1735 368 1804 411 di-
1853 371 1873 419 ῃ

425 448 569 483 centes
591 459 598 484 :
625 458 644 480 «
670 441 781 482 Vere
799 437 933 483 Filius
950 439 1030 483 Dei
1052 455 1094 483 es
1117 442 1206 484 tu¹.
1225 459 1244 480 »
1268 439 1351 484 Sed
1369 448 1469 484 ante
1486 440 1611 484 istam
1629 439 1808 484 eviden-
1852 448 1855 474 ὲ

427 510 529 554 tiam
569 509 730 554 turbati
762 519 890 565 sunt,
926 510 1123 555 videntes
1153 526 1252 555 eum
1276 526 1403 570 super
1430 526 1562 554 mare.
1603 510 1807 554 Dixerunt
1852 506 1854 554 ἓ

424 581 537 624 enim
557 599 565 625 ι
587 580 883 625 «Phantasma
901 584 1004 625 est2.
1026 600 1045 623 n
1064 581 1142 625 Ille
1158 591 1300 625 autem
1318 581 1551 625 ascendens
1567 581 1612 625 in
1630 596 1802 635 navem,

423 651 603 696 abstulit
624 652 957 697 fluctuationem
980 654 1135 697 mentis
1169 654 1224 696 de
1256 652 1460 697 cordibus
1483 652 1673 711 ipsorum
1693 687 1704 706 ,
1729 652 1806 695 ubi

418 723 507 781 jam
521 721 707 781 amplius
724 723 998 768 dubitatione
1016 723 1373 783 periclitabantur
1386 732 1547 777 mente,
1566 738 1697 782 quam
1716 738 1805 767 cor·
1850 740 1852 781 j
1896 759 1898 773 2

420 807 526 851 pore
547 792 592 836 in
615 792 836 837 fluctibus.
1849 842 1851 853 ¹

483 866 537 907 ΙΙ.
562 866 613 908 In
634 864 835 908 omnibus
851 873 997 908 tamen
1015 879 1113 924 quae
1135 864 1240 908 fecit
1257 863 1489 918 Dominus,
1509 863 1713 907 admonet
1728 878 1804 907 nos
1849 906 1851 916 ,

420 934 791 994 quemadmodum
813 935 884 980 hic
902 935 1112 980 vivamus.
1139 941 1270 980 Nemo
1292 936 1455 995 quippe
1477 935 1522 978 in
1542 936 1623 979 hoc
1646 935 1805 978 saeculo
1848 931 1850 970 ἕ
1892 956 1895 969 ⁵

422 1021 509 1050 non
530 1007 783 1065 peregrinus
811 1017 900 1061 est,
937 1007 1135 1067 quamvis
1158 1023 1244 1051 non
1277 1022 1426 1051 omnes
1450 1007 1504 1050 ad
1527 1005 1706 1065 patriam
1726 1008 1806 1063 fre-

420 1076 512 1119 dire
535 1076 796 1120 desiderent.
832 1080 895 1120 Ex
918 1077 1012 1136 ipso
1033 1086 1179 1121 autem
1200 1077 1352 1121 itinere
1384 1077 1544 1121 fluctus
1573 1085 1805 1135 tempesta—

418 1155 570 1207 tesque
593 1148 781 1207 patimur
806 1164 816 1191 .·
841 1148 918 1192 scd
947 1164 1054 1208 opus
1085 1157 1148 1192 est
1176 1148 1246 1193 vel
1267 1149 1311 1192 in
1334 1148 1433 1192 navi
1463 1148 1612 1192 simus.
1638 1150 1746 1192 Nam
1771 1147 1805 1191 si

418 1217 462 1261 in
481 1218 580 1261 navi
598 1218 790 1277 pericula
813 1228 939 1273 sunt,
965 1219 1053 1263 sive
1076 1219 1175 1263 navi
1193 1228 1334 1263 certus
1357 1219 1572 1262 interitus.
1588 1220 1804 1271 Quantas-

417 1287 480 1331 vis
515 1289 632 1332 enim
655 1288 763 1333 vires
793 1288 951 1332 habeat
986 1288 1245 1332 lacertorum
1281 1290 1357 1349 qui
1392 1297 1512 1332 natat
1546 1288 1591 1331 in
1622 1290 1800 1347 pelago,

418 1357 654 1418 aliquando
676 1359 980 1417 magnitudine
1015 1359 1141 1403 maris
1168 1360 1306 1403 victus
1335 1359 1594 1403 absorbetur
1616 1367 1659 1402 et
1687 1374 1804 1402 mer-

419 1429 547 1486 gitur.
569 1430 690 1488 Opus
707 1439 770 1473 est
787 1445 889 1488 ergo
911 1430 1020 1473 utin
1043 1431 1142 1474 navi
1162 1430 1316 1483 simus,
1338 1431 1421 1474 hoc
1439 1439 1526 1484 est,
1553 1439 1601 1473 ut
1621 1429 1667 1473 in
1684 1429 1805 1488 ligno

417 1509 655 1558 portemur,
694 1509 742 1543 ut
775 1515 891 1544 mare
928 1501 1010 1544 hoc
1047 1500 1228 1544 transire
1262 1499 1497 1544 valeamus.
1535 1503 1629 1544 Hoc
1659 1509 1804 1544 autem

416 1570 582 1629 lignum
600 1607 609 1625 ,
636 1587 724 1631 quo
746 1571 974 1615 infirmitas
995 1581 1140 1616 nostra
1164 1581 1376 1631 portatur,
1399 1587 1503 1616 crux
1524 1581 1588 1616 cst
1609 1572 1798 1625 Domini,

413 1641 458 1685 in
475 1658 561 1702 qua
578 1642 813 1700 signamur,
829 1650 871 1685 et
889 1642 943 1685 ab
960 1642 1087 1700 hujus
1106 1642 1259 1685 mundi
1276 1642 1645 1686 submersionibus
1656 1641 1802 1686 vindi·

414 1727 576 1756 camur.
604 1713 800 1756 Patimur
823 1712 981 1756 fluctus
1002 1727 1010 1753 :
1033 1712 1108 1757 sed
1129 1711 1202 1756 ille
1224 1716 1339 1757 Deus
1361 1722 1440 1768 est,
1466 1713 1540 1772 qui
1564 1713 1804 1772 opituletur

412 1784 553 1827 nobis.

472 1857 553 1896 ΙΙΙ.
580 1853 706 1906 Quod
724 1853 842 1896 cnim
864 1853 1058 1897 ascendit
1090 1853 1247 1896 relictis
1277 1853 1414 1896 turbis
1444 1853 1559 1897 solus
1593 1853 1801 1897 Dominus

412 1939 532 1967 orare
564 1925 606 1967 in
640 1933 856 1978 montem,
896 1939 1019 1968 mons
1053 1922 1125 1967 ille
1162 1923 1248 1968 alta
1285 1923 1499 1967 coelorum
1539 1924 1795 1981 sig11ificat³.
1872 1976 1875 1980 Δ

413 1993 588 2038 Relictis
614 1994 730 2037 enim
752 1993 889 2037 turbis
905 2027 916 2047 ,
940 1993 1056 2037 solus
1080 1993 1290 2037 Dominus
1320 2003 1417 2052 post
1439 1995 1799 2038 resurrectionem
1836 1996 1839 2043 ξ
1871 2031 1872 2034 ,

416 2065 609 2109 ascendit
644 2066 690 2109 in
726 2064 918 2119 coelum,
945 2074 988 2109 et
1010 2064 1069 2108 ibi
1095 2063 1344 2123 interpellat
1381 2081 1459 2124 pro
1482 2065 1650 2120 nobis⁴,
1687 2065 1799 2109 sicut
1872 2064 1877 2109 ζ

414 2135 647 2195 Apostolus
675 2135 884 2179 dicit.Est
905 2150 1007 2193 ergo
1032 2133 1152 2194 quod
1170 2135 1425 2192 significat,«
1440 2135 1616 2180 Relictis
1640 2136 1794 2188 turbis,
1841 2179 1846 2189 ,
1886 2170 1898 2197 ,ἶ

419 2227 435 2246 »
450 2207 642 2251 ascendit
654 2207 698 2250 in
710 2216 903 2251 montem
918 2215 967 2249 ut
981 2205 1096 2249 solus
1110 2214 1263 2249 oraret
1278 2226 1294 2246 »
1311 2205 1434 2249 Solus
1449 2206 1561 2249 enim
1579 2215 1642 2249 est
1653 2205 1795 2249 adhuc
1834 2225 1847 2262 „-
1868 2226 1889 2265 ,ᾗ

413 2279 727 2338 primogenitus
758 2294 779 2322 a
798 2278 1004 2331 mortuis,
1030 2285 1127 2335 post
1149 2277 1503 2321 resurrectionem
1529 2277 1717 2335 corporis
1740 2276 1795 2320 ad
1865 2307 1881 2334 t

414 2349 634 2394 dexteram
666 2350 830 2405 Patris,
858 2348 1052 2409 pontifex
1084 2357 1126 2391 et
1149 2347 1382 2392 advocatus
1416 2363 1591 2407 precum
1626 2357 1794 2391 nostra-
1832 2353 1835 2406 J
1867 2368 1891 2409 ,ἦ

414 2436 526 2464 rum.
553 2424 696 2481 Caput
717 2420 923 2466 Ecclesiae
948 2434 1116 2464 sursum
1141 2429 1203 2463 est
1219 2455 1229 2475 ,
1255 2430 1305 2464 ut
1326 2429 1480 2463 caetera
1502 2418 1697 2462 membra
1724 2434 1794 2462 se-
1840 2443 1851 2450 -

413 2501 604 2550 quantur
625 2492 670 2536 in
689 2493 837 2536 finem.
863 2491 906 2536 Si
927 2505 1029 2549 ergo
1051 2490 1298 2549 interpellat
1327 2505 1406 2549 pro
1429 2489 1553 2533 nobis
1569 2523 1579 2543 ,
1604 2488 1727 2548 quasi
1747 2488 1791 2531 in
1840 2510 1841 2515 =

459 2581 469 2599 ¹
490 2576 608 2608 Matth.
627 2586 693 2616 xiv,
715 2576 767 2609 33.
791 2592 831 2601 -
847 2582 859 2600 ²
882 2575 962 2608 lbid.
993 2575 1048 2607 26.
1076 2590 1117 2597 —-
1141 2572 1281 2608 3Matth.
1307 2585 1372 2616 xw,
1394 2572 1463 2599 -4
1482 2576 1572 2607 Rom.
1592 2583 1658 2615 vin,
1677 2572 1730 2615 34.
