1898 3178
366 173 506 202 smmo
536 172 705 211 xrvm,
738 172 793 200 DE
823 172 971 201 vmuns
1001 171 1199 200 mcuAEAE.
1424 160 1483 200 79

100 239 158 283 ris
172 271 186 295 ,
209 246 352 283 rectus
371 236 559 283 servabis
578 235 808 296 justitiam.
835 235 1031 282 Placebit
1050 236 1167 281 enim
1183 235 1264 280 tibi
1284 238 1399 281 Deus
1412 269 1425 292 ,
1448 237 1484 281 si

99 317 242 354 rectus
261 307 408 353 fueris.
433 309 532 353 Non
552 305 818 366 discrepabis
845 322 871 351 a
892 316 1038 363 recto,
1069 301 1148 353 nisi
1171 309 1484 368 pravus-satque

98 394 352 441 perversus:
376 386 520 428 rectus
552 387 699 423 autem
719 386 839 422 recto
861 379 1114 435 convenies,
1151 386 1196 423 et
1225 378 1317 424 sine
1346 377 1485 424 dubio

98 451 179 496 tibi
197 448 389 510 placebit
409 453 538 495 Deus.
563 449 753 504 Quando
769 447 888 493 enim
908 446 1190 509 displicebat,
1213 449 1486 509 perversitati

101 531 189 566 tuae
206 520 479 580 displicebat.

155 593 234 636 III.
272 589 390 635 Audi
420 598 620 635 sanctum
654 588 876 633 Psalmum
910 606 920 634 :
958 606 980 631 «
1004 590 1148 641 Quam
1181 589 1323 635 bonus
1353 587 1487 634 Israel

101 678 124 702 »
157 662 272 705 Deus
302 658 430 705 rectis
471 659 662 704 corde¹l
692 676 712 700 »
738 661 826 703 Iste
864 658 942 719 qui
963 658 1049 703 hoc
1070 658 1175 703 dicit
1208 659 1255 703 in
1281 657 1485 704 Psalmo:

96 729 383 789 Displicuerat
402 728 465 774 illi
484 729 631 774 Deus?
651 728 777 774 Absit
797 743 822 772 a
843 742 913 772 me
936 736 988 773 ut
1007 742 1208 787 arguam,
1228 737 1272 773 et
1294 744 1383 774 non
1405 742 1488 788 po-

96 801 182 846 tius
199 801 438 846 confitendi
459 800 649 846 credam.
670 802 785 845 Ecce
808 798 956 844 audite
989 814 1164 844 mecum
1181 833 1194 855 ‚
1219 808 1263 844 et
1284 799 1488 844 conside-

98 880 190 917 rate
206 872 314 933 quid
341 873 514 917 dixerit.
542 891 564 915 «ι
593 876 733 926 Quam
753 872 898 917 bonus
915 873 1031 915 Deus
1045 904 1057 926 ,
1081 870 1228 931 inquit
1245 905 1256 926 ,
1275 869 1408 915 Israel
1428 870 1437 913 ἔ
1463 887 1486 911 »

97 944 300 997 Quibus?
338 962 359 986 «
389 944 535 988 Rectis
565 943 714 988 corde.
752 942 840 987 Mei
877 950 1046 998 autem,
1068 960 1089 984 »
1115 941 1286 1001 inquit,
1309 939 1490 1002 quando

98 1028 322 1059 noueram
345 1023 489 1058 rectus
519 1012 678 1059 corde:
701 1031 722 1055 (ι
745 1012 834 1058 Mei
855 1021 1003 1057 autem
1025 1027 1136 1071 pene
1157 1012 1366 1057 commoti
1387 1019 1490 1055 sunt

103 1101 124 1126 »
157 1084 305 1143 pedes,
325 1083 605 1143 paulominus
625 1082 752 1128 effusi
769 1091 872 1126 sunt
900 1096 1069 1142 gressus
1085 1082 1188 1127 mei.
1211 1100 1232 1123 »
1255 1080 1385 1135 Quod
1406 1089 1486 1136 est,

101 1171 124 1196 ιι
155 1153 364 1198 commoti
377 1162 479 1198 sunt
498 1152 628 1213 pedes
642 1155 660 1180 2
682 1170 692 1198 :
718 1170 739 1194 »
758 1152 844 1196 hoc
865 1160 930 1195 est
950 1186 961 1207 ,
986 1170 1008 1194 ι(
1029 1152 1174 1196 Effusi
1195 1160 1299 1195 sunt
1321 1163 1490 1210 gressus

101 1241 123 1265 »
157 1223 258 1267 mei.
281 1240 302 1264 »
322 1223 453 1276 Quod
486 1232 576 1278 est,
603 1241 626 1264 «
649 1236 762 1281 pene
788 1240 798 1266 :
827 1238 847 1263 »
874 1222 958 1265 hoc
989 1230 1074 1277 est,
1100 1239 1122 1263 «
1146 1220 1440 1280 paulominus.
1463 1237 1487 1262 »

98 1292 212 1346 Quid
232 1292 381 1353 itaque
402 1293 462 1337 ait
488 1311 499 1337 ε
529 1310 551 1333 «
573 1305 712 1350 pene,
735 1288 1016 1350 paulominus
1053 1290 1264 1335 commoti
1284 1299 1386 1335 sunt
1408 1305 1490 1350 pe-

102 1380 124 1404 »
157 1361 233 1407 des
252 1363 362 1418 mei,
382 1362 510 1406 effusi
532 1370 635 1406 sunt
656 1375 822 1421 gressus
844 1361 963 1405 mei?
989 1378 1009 1402 »
1036 1363 1175 1417 Pene,
1198 1360 1365 1420 inquit,
1391 1361 1490 1421 lap-

98 1447 170 1477 sus
189 1447 287 1477 sum
301 1467 314 1489 ‚
339 1447 451 1492 pene
472 1431 624 1476 cecidi.
653 1429 779 1475 Unde
803 1430 850 1475 in
870 1440 1043 1475 tantum
1065 1431 1312 1491 periculum
1333 1446 1488 1491 perve-

100 1503 232 1547 nisti?
269 1521 291 1545 «
329 1502 442 1556 Quia
474 1501 631 1557 zelavi,
671 1501 815 1561 inquit
830 1535 842 1556 ‚
882 1501 930 1546 in
967 1503 1269 1562 peccatoribus
1283 1537 1295 1558 ‚
1336 1516 1491 1562 pacem

103 1591 125 1616 »
157 1582 439 1633 peccatorum
473 1573 695 1616 intuensss.
743 1571 888 1617 Zelavi
903 1607 915 1628 ‚
952 1573 1096 1632 inquit
1110 1607 1122 1629 ,
1161 1574 1209 1617 in
1248 1572 1491 1632 peccatori-

102 1663 122 1686 »
157 1644 240 1688 bus
259 1644 436 1689 intuens
452 1659 605 1703 pacem
626 1651 907 1702 peccatorum
932 1662 941 1687 :
966 1661 987 1684 »
1014 1644 1098 1688 hoc
1122 1653 1187 1687 est
1205 1678 1218 1700 ‚
1247 1643 1385 1688 malos
1404 1644 1490 1688 ho-

101 1715 239 1759 mines
273 1713 464 1759 videndo
496 1704 669 1768 felices,
704 1712 892 1757 titubavi
926 1712 1008 1757 sub
1033 1716 1144 1769 Deo,
1169 1728 1282 1774 pene
1309 1711 1445 1758 cecidi
1465 1728 1491 1759 a

102 1787 208 1830 Deo.
228 1787 343 1830 Ecce
362 1784 481 1829 unde
501 1783 565 1828 illi
578 1783 857 1843 displicuerat
872 1786 988 1843 Deus
1002 1817 1015 1840 ‚
1037 1799 1173 1844 quare
1201 1783 1304 1829 mali
1323 1784 1490 1829 habent

101 1855 248 1900 bona?
681 1861 686 1867 ’

160 1927 236 1970 IV.
258 1924 456 1984 Denique
477 1923 622 1970 videte
642 1922 777 1968 verba
803 1922 1057 1979 titubantis,
1081 1939 1180 1984 quae
1213 1923 1334 1984 apud
1351 1938 1396 1969 se
1418 1923 1488 1969 di-

102 1995 240 2040 xerit:
270 2013 292 2037 «
314 1998 428 2039 Ecce
460 1994 541 2053 ipsi
566 1993 839 2053 peccatores4
866 2011 875 2037 ε
899 2010 920 2034 »
942 1995 994 2037 In
1025 1993 1118 2052 ipso
1149 1992 1319 2039 Psalmo
1356 1994 1490 2040 verba

103 2074 206 2111 sunt
227 2065 483 2122 titubantis;
506 2066 655 2109 «Ecce
675 2063 758 2124 ipsi
774 2072 1022 2123 peccatores
1040 2064 1089 2108 in
1103 2064 1265 2109 saeculo
1282 2064 1489 2110 obtinue-

106 2153 129 2178 »
162 2144 267 2180 runt
287 2135 472 2181 divitias.
496 2137 554 2179 Et
573 2135 685 2191 dixi,
710 2134 944 2188 Quomodo
979 2134 1105 2180 scivit
1147 2137 1261 2179 Deus
1277 2136 1321 2179 ⁵?
1345 2152 1366 2177 »
1392 2138 1490 2195 Ipse

105 2205 212 2251 dicit
232 2206 280 2250 in
309 2205 480 2251 Psalmo
495 2239 507 2261 ‚
541 2205 631 2265 ipse
651 2204 873 2265 loquitur,
898 2204 970 2250 cui
1004 2203 1203 2250 nondum
1236 2213 1356 2250 recto
1376 2208 1491 2250 Deus

106 2275 410 2335 displicuerat,
435 2275 557 2335 quod
584 2274 688 2319 mali
708 2274 983 2320 abundarent
1013 2275 1154 2320 bonis.
1182 2294 1204 2318 «
1237 2274 1488 2331 Quomodo,

57 2399 61 2403 .
110 2364 131 2388 »
165 2346 327 2406 inquit,
349 2345 475 2391 scivit
491 2348 624 2402 Deus,
639 2345 719 2390 etsi
735 2354 800 2390 est
815 2345 992 2391 scientia
1013 2345 1060 2390 in
1071 2344 1351 2391 Altissim00?
1369 2363 1390 2388 »
1415 2346 1493 2391 Vi-

154 2448 166 2466 ¹
187 2441 269 2475 Psal.
288 2451 388 2483 txxu,
409 2452 439 2475 1.
460 2458 501 2464 —
519 2447 530 2464 ²
550 2441 632 2475 lbid.
649 2451 681 2475 2.
701 2458 743 2465 —
771 2439 784 2465 3
805 2441 889 2476 lbid.
917 2441 950 2474 3.
972 2457 1014 2464 —
1031 2439 1048 2470 4
1066 2441 1148 2476 lhid.
1172 2450 1223 2476 12.
1245 2439 1417 2476 —51hid.
1437 2453 1490 2477 11.

110 2512 150 2521 —
169 2494 184 2520 ⁶
203 2496 291 2530 Ibid.·
