1898 3178
338 255 396 296 76
776 264 808 291 s.
845 261 1075 292 Aucus'nm
1107 264 1290 293 muscom

338 331 555 376 dederunt
569 365 581 386 ,
603 330 679 375 sed
702 329 756 374 ad
777 343 916 373 unum
946 339 1239 389 pervenerunt
1254 365 1265 386 ‚
1290 331 1393 391 quia
1431 346 1520 376 non
1551 330 1720 376 diversa

339 410 607 447 amaverunt.
635 401 702 445 Sic
724 409 768 444 et
788 415 864 445 vos
886 401 1084 445 homines
1101 416 1201 446 oves
1223 401 1323 456 Dei,
1349 416 1450 447 oves
1468 402 1607 461 gregis
1625 402 1718 457 Dei,

338 473 472 518 nolite
486 471 730 532 perturbari
748 471 1059 531 temporalibus
1077 471 1400 516 diversitatibus
1418 473 1584 527 vestris,
1601 472 1724 532 quod

337 543 410 587 alii
431 543 477 586 in
510 543 702 596 honore,
729 540 800 585 alii
833 542 925 586 sine
950 543 1140 597 honore,
1167 542 1238 585 alii
1271 557 1372 585 eum
1411 543 1618 601 pecunia,
1650 542 1723 586 alii

336 622 494 673 praeter
515 611 767 671 pecuniam,
800 611 871 656 alii
892 611 1065 672 pulchri
1102 627 1282 672 corpore
1300 647 1311 667 ‚
1338 611 1409 656 alii
1443 613 1588 656 minus
1621 612 1724 672 pul-

335 684 449 738 chri,
475 681 547 726 alii
568 690 695 726 aetate
711 681 809 727 fessi
823 717 838 737 ,
859 681 929 727 alii
941 683 1122 742 juvenes
1135 718 1149 737 ,
1167 682 1238 727 alii
1260 682 1411 741 pueri,
1433 682 1504 727 alii
1520 683 1626 738 viri,
1654 683 1725 727 alii

334 753 530 797 foeminae
553 772 562 798 :
587 755 703 797 Deus
724 753 926 798 omnibus
963 754 1189 814 [equaliter
1221 753 1357 798 adest.
1380 753 1460 797 Ille
1484 753 1602 814 apud
1625 769 1727 799 eum

334 825 434 884 plus
455 824 590 869 habet
616 824 722 880 loci,
748 825 824 885 qui
845 825 943 885 plus
975 825 1191 881 attulerit,
1227 840 1318 869 non
1349 825 1538 882 argenti,
1570 825 1647 869 sed
1673 825 1728 868 fi-

336 896 422 940 dei.
448 914 469 937 «
490 898 547 940 Et
567 911 662 951 vos,
676 895 822 956 inquit
836 930 847 951 ‚
873 911 973 941 oves
994 909 1102 939 meae
1119 930 1130 951 ,
1155 903 1200 940 et
1226 910 1327 940 oves
1349 896 1489 954 gregis
1511 895 1622 951 mei,
1647 896 1729 940 ho—

336 985 359 1010 »
394 968 531 1012 mines
555 968 677 1026 estis;
703 976 747 1011 et
768 981 848 1026 ego
865 971 979 1011 Deus
996 977 1137 1012 vester
1153 1002 1164 1022 ‚
1189 966 1294 1011 dicit
1309 966 1521 1011 Dominus
1542 969 1675 1010 Deus.
1699 985 1722 1008 »

335 1039 372 1081 Ο
390 1038 538 1083 beatos
562 1053 640 1082 nos
661 1038 738 1082 tali
755 1038 1021 1096 possessione
1041 1073 1052 1092 ,
1088 1046 1132 1081 et
1153 1036 1227 1081 tali
1249 1052 1490 1096 possessore
1509 1038 1518 1080 1
1550 1039 1661 1082 Nam
1683 1045 1728 1082 et

335 1108 525 1167 possidet
541 1123 620 1152 nos
634 1141 646 1161 ,
671 1116 714 1151 et
731 1107 1000 1166 possidemus
1020 1106 1146 1150 illum
1167 1126 1176 1150 :
1199 1106 1393 1165 possidet
1414 1122 1492 1152 nos
1508 1141 1519 1162 ‚
1543 1115 1594 1151 ut
1611 1106 1726 1151 colat

335 1194 414 1222 nos
431 1199 442 1236 3
461 1177 732 1237 possidemus
754 1176 879 1222 illum
897 1213 908 1232 ‚
939 1187 989 1221 ut
1010 1177 1204 1222 colamus
1226 1177 1353 1221 illum
1371 1197 1380 1223 :
1408 1177 1484 1222 sed
1512 1193 1592 1222 nos
1614 1177 1724 1222 coli-

337 1262 431 1291 mus
455 1256 661 1307 tanquam
683 1250 822 1291 Deum
839 1282 850 1301 ‚
870 1246 943 1290 ille
965 1247 1070 1291 colit
1097 1256 1308 1306 tanquam
1334 1261 1487 1305 agrum
1509 1266 1517 1291 :
1542 1246 1616 1291 ille
1645 1262 1725 1292 nos

335 1317 459 1372 colit,
484 1327 534 1362 ut
554 1317 748 1362 fructum
771 1318 1004 1362 afferamus
1023 1338 1034 1375 3
1056 1332 1134 1361 nos
1154 1332 1256 1362 eum
1271 1315 1453 1361 colimus
1468 1352 1479 1372 ,
1515 1326 1566 1361 ut
1604 1316 1726 1362 sruc-

336 1397 429 1432 tum
447 1386 617 1432 domus.
647 1390 806 1432 Totum
828 1387 883 1432 ad
906 1402 984 1431 nos
1006 1388 1213 1443 recurrit,
1238 1386 1311 1431 ille
1328 1388 1465 1432 nostri
1493 1402 1585 1432 non
1608 1398 1720 1446 eget.

338 1478 360 1501 «
394 1458 517 1502 Dabo
538 1458 619 1501 tibi
636 1493 647 1513 ‚
672 1458 837 1518 inquit,
873 1457 1171 1502 haereditatem
1194 1467 1314 1503 tuam
1343 1467 1386 1502 et
1407 1458 1721 1517 possessionem

337 1547 357 1570 »
393 1538 513 1572 tuam
531 1530 638 1572 fines
660 1537 785 1572 terrae
802 1530 833 1573 ¹.
858 1545 879 1569 »
894 1530 1008 1572 Ecce
1029 1528 1240 1588 possessio
1256 1528 1390 1587 ipsius
1408 1543 1572 1573 sumus.
1596 1548 1617 1571 «
1632 1532 1720 1573 Do-

338 1619 357 1641 »
393 1601 557 1655 minus,
585 1601 728 1660 inquit
744 1635 756 1656 ‚
777 1615 875 1660 pars
891 1599 1154 1644 haereditatis
1174 1614 1283 1643 meae
1299 1634 1309 1654 ‚
1331 1609 1373 1643 et
1395 1598 1537 1644 calicis
1554 1601 1678 1643 mei2.
1698 1618 1718 1642 »

334 1673 447 1715 Ecce
478 1672 687 1730 possessio
726 1680 872 1715 nostra
894 1680 958 1715 est
984 1690 993 1715 :
1026 1669 1101 1715 sed
1135 1679 1281 1714 tamen
1304 1686 1391 1730 qua
1415 1670 1722 1716 distinctione?

334 1743 420 1785 Vos
452 1741 648 1785 homines
671 1741 767 1785 estis
783 1776 794 1795 ‚
821 1755 901 1799 ego
922 1741 1132 1786 Dominus
1155 1744 1269 1786 Deus
1302 1750 1465 1796 vester,
1508 1741 1613 1786 dicit
1631 1744 1718 1786 Do-

335 1811 478 1855 minus
500 1814 612 1855 Deus
627 1820 789 1856 noster.

382 1924 391 1941 ¹
410 1919 490 1950 Psal.
510 1931 545 1961 11,
566 1920 598 1953 8,
620 1935 660 1942 ====
678 1927 690 1942 ²
710 1920 756 1952 Id.
775 1930 832 1961 xv,
856 1920 886 1952 5.
