1898 3178
323 272 459 299 smnio
492 270 680 307 LXXVIII,
716 270 769 296 DE
803 267 950 297 vERms
981 266 1146 296 ΜΑΤΤΗ.
1181 268 1288 295 xv11.
1414 255 1496 293 363

115 353 215 396 quae.
232 336 452 395 sanguinis
469 337 634 379 fluxum
663 335 907 394 patiebatur
923 370 934 390 ,
959 343 1079 378 tanta
1101 333 1274 378 Domini
1295 332 1465 376 fimbria
1484 367 1495 387 ,

115 408 230 452 salva
255 407 368 451 facta
383 401 468 451 est¹
489 427 498 451 ε
519 407 578 451 sic
595 406 786 450 Ecclesia
806 423 904 466 quae
921 422 971 450 ex
989 406 1190 466 gentibus
1208 405 1341 460 venit,
1362 404 1498 448 Paulo

113 477 376 537 praedicante
399 477 557 521 salvata
581 486 657 521 est.
683 476 798 530 Quid
820 477 978 521 mirum
1005 477 1038 521 si
1060 493 1136 536 per
1165 474 1349 520 candida
1370 475 1499 520 vesti—

114 559 261 594 menta
282 549 474 607 signatur
501 548 715 603 Ecclesia,
740 564 839 593 cum
861 549 1042 593 audiatis
1065 552 1220 593 Isaiam
1240 548 1497 607 prophetam

112 620 330 664 dicentem
355 639 363 664 :
386 639 405 662 «
423 623 479 664 Et
501 619 534 664 si
553 620 715 664 fuerint
734 629 908 679 peccata
926 628 1065 663 vestra
1083 619 1192 663 sicut
1210 619 1496 677 phoenicium,

113 708 134 732 ))
172 700 381 755 tanquam
420 690 563 735 nivem
595 689 809 735 dealbabo
824 692 872 734 ²?
893 693 1088 748 »Moyses
1110 699 1152 734 et
1174 689 1310 745 Elias,
1338 688 1382 733 id
1405 698 1496 743 est,

111 765 201 805 Lex
232 771 274 805 et
314 762 543 821 Prophetae
565 761 672 822 quid
691 761 859 816 valent,
895 761 977 805 nisi
1012 777 1111 805 cum
1137 761 1322 806 Domino
1360 759 1497 805 collo-

111 834 338 894 quantur?
369 834 454 878 Nisi
479 833 664 877 Domino
686 833 945 892 perhibeant
967 833 1260 876 testimonium
1280 868 1290 887 ,
1316 832 1412 892 quis
1433 832 1498 875 le-

113 912 183 963 get
217 905 409 962 Legem?
439 903 543 957 Quis
566 904 831 963 Prophetas?
861 903 1015 948 Videte
1035 918 1166 963 quam
1200 903 1389 947 breviter
1417 903 1499 947 hoc

112 973 344 1033 Apostolus
368 974 428 1018 ait
449 993 457 1018 :
484 994 503 1016 «
529 977 609 1018 Per
631 978 792 1034 Legem
814 975 927 1018 enim
947 974 1140 1033 cognitio
1158 973 1323 1033 peccati
1348 993 1357 1017 :
1382 988 1500 1017 nunc

113 1062 133 1085 ι)
169 1053 313 1088 autem
334 1045 425 1088 sine
461 1048 576 1102 Lege
592 1080 602 1100 ,
627 1045 792 1104 justitia
814 1046 888 1089 Dei
916 1043 1189 1089 manifestata
1211 1045 1328 1095 est33
1357 1062 1377 1085 »
1403 1059 1501 1088 ecce

111 1115 176 1159 sol
203 1134 212 1158 ε
238 1115 462 1158 testificata
480 1130 502 1158 a
526 1118 640 1174 Lege
662 1125 705 1159 et
730 1116 983 1175 Prophetis,
1008 1130 1108 1160 ecce
1130 1113 1348 1174 splendor.

171 1187 254 1229 111.
292 1184 422 1229 Videt
451 1185 533 1229 hoc
569 1188 720 1229 Petrus
735 1221 745 1241 ,
784 1195 827 1230 et
866 1186 1055 1230 humana
1093 1185 1260 1244 sapiens
1294 1193 1500 1244 tanquam

110 1255 272 1299 homo:
302 1274 322 1297 «
346 1256 555 1310 Domine,
583 1256 749 1300 bonum
780 1266 865 1311 est,
890 1257 1060 1317 inquit,
1101 1271 1179 1300 nos
1215 1256 1286 1300 hic
1310 1270 1399 1299 esse
1415 1256 1447 1299 ⁴.
1476 1273 1496 1295 n

115 1326 309 1370 Taedium
336 1327 581 1386 patiebatur
603 1343 625 1371 a
646 1328 774 1372 turba
792 1363 802 1383 ,
827 1326 1051 1373 invenerat
1071 1326 1352 1372 solitudinem
1374 1342 1501 1371 mon—

108 1397 162 1441 tis
184 1418 194 1454 3
218 1397 281 1441 ibi
306 1397 499 1441 habebat
529 1398 753 1443 Christum
779 1414 937 1457 panem
975 1398 1145 1442 mentis.
1175 1401 1231 1442 Ut
1258 1397 1367 1457 quid
1399 1396 1501 1441 inde

107 1467 347 1512 discederet
365 1468 419 1512 ad
441 1468 610 1512 labores
633 1477 676 1512 et
697 1469 889 1521 dolores,
916 1469 1082 1512 habens
1102 1469 1146 1512 in
1169 1472 1306 1513 Deum
1330 1477 1500 1512 sanctos

108 1554 274 1584 amores
286 1574 296 1592 ‚
317 1548 362 1583 et
375 1539 474 1583 ideo
488 1539 629 1584 bonos
648 1542 817 1583 mores?
837 1543 953 1583 Bene
970 1539 1050 1583 sibi
1065 1538 1240 1583 volebat
1252 1554 1341 1583 esse
1357 1558 1365 1583 :
1381 1539 1500 1583 unde

106 1619 149 1655 et.
185 1609 380 1669 adjunxit
406 1630 416 1655 2
445 1629 464 1652 «
494 1610 537 1655 Si
568 1611 632 1655 vis
652 1646 662 1665 ,
701 1610 913 1654 faciamus
945 1611 1015 1654 hic
1057 1611 1138 1654 tria
1180 1610 1461 1654 tabernacula
1488 1629 1499 1654 ε

109 1698 129 1722 »
167 1680 263 1724 Tibi
302 1696 469 1734 unum,
505 1681 648 1738 Moysi
681 1696 843 1735 unum,
877 1689 918 1724 et
948 1680 1055 1724 Eliae
1075 1695 1227 1723 unum.
1260 1698 1279 1720 »
1308 1679 1382 1723 Ad·
1404 1680 1499 1723 haec

105 1753 317 1796 Dominus
333 1753 441 1795 mihi
462 1753 688 1811 respondit
706 1771 715 1796 2
733 1752 807 1796 sed
826 1762 973 1796 tamen
990 1755 1117 1796 Petro
1135 1766 1393 1811 responsum
1417 1761 1494 1795 est.

110 1841 130 1865 «
153 1826 255 1867 Haec
277 1824 395 1865 enim
418 1838 469 1885 eo
488 1823 698 1882 loquente
710 1858 720 1876 ,
736 1823 875 1869 nubes
888 1822 1033 1867 lucida
1048 1823 1183 1875 venit,
1199 1832 1242 1866 et
1254 1822 1495 1867 obumbra-

109 1911 129 1934 »
155 1894 216 1937 vit
233 1908 305 1937 eos
320 1895 350 1936 ⁵.
380 1912 399 1934 »
431 1892 509 1936 Ille
532 1892 756 1952 quaerebat
777 1892 855 1935 tria
878 1890 1158 1935 tabernacula
1181 1909 1190 1934 ε
1211 1891 1337 1934 nobis
1358 1907 1498 1934 unum

107 1977 212 2016 esse,
239 1962 360 2023 quod
380 1963 598 2006 humanus
620 1978 768 2006 sensus
791 1961 983 2005 dividere
1005 1960 1224 2019 cupiebat,
1244 1975 1498 2019 responsum

107 2033 284 2078 coeleste
303 2034 574 2079 monstravit.
592 2033 788 2078 Verbum
807 2032 885 2077 Dei
905 2032 1116 2087 Christus,
1142 2032 1337 2075 Verbum
1360 2032 1437 2075 Dei
1453 2032 1499 2075 in

109 2110 237 2164 Lege,
266 2106 462 2149 Verbum
475 2104 522 2148 in
535 2104 775 2164 Prophetis.
791 2103 924 2158 Quid,
942 2107 1083 2158 Petre,
1105 2103 1261 2163 quaeris
1276 2101 1498 2147 dividere?

108 2177 241 2233 Magis
253 2183 298 2219 te
312 2183 484 2234 oportet
497 2174 749 2232 adjungere.
764 2174 862 2218 Tria
879 2174 1038 2233 quaeris
1054 2192 1062 2218 :
1078 2171 1272 2232 intellige
1286 2181 1328 2217 et
1340 2188 1494 2216 unum.

169 2248 245 2290 IV.
269 2246 397 2290 Nube
419 2259 520 2302 ergo
553 2244 846 2289 obumbrante
879 2259 1052 2299 omnes,
1076 2253 1119 2288 et
1144 2243 1335 2304 quodam
1364 2242 1498 2288 modo

110 2317 168 2360 eis
198 2314 388 2360 faciente
409 2330 550 2359 unum
574 2315 929 2369 tabernaculum,
956 2315 1103 2359 sonuit
1119 2324 1162 2359 et
1191 2330 1274 2359 vox
1295 2314 1350 2359 de
1378 2314 1498 2358 nube

111 2385 256 2430 dicens
283 2405 292 2430 :
323 2385 441 2429 «Hic
462 2393 526 2428 est
548 2385 681 2428 Filius
703 2400 822 2429 meus
840 2384 1038 2429 dilectus.
1067 2403 1085 2426 »
1109 2386 1174 2428 Ibi
1197 2394 1288 2429 erat
1306 2387 1493 2443 Moyses,

110 2456 171 2500 ibi
195 2455 328 2508 Elias,
361 2471 451 2499 non
473 2464 536 2499 est
557 2455 723 2500 dictum
746 2475 754 2500 :
781 2456 836 2499 Hi
858 2463 960 2499 sunt
978 2454 1055 2498 filii
1073 2455 1157 2498 mei
1182 2454 1343 2500 dilecti.
1365 2454 1497 2499 Aliud

161 2559 168 2574 ¹
191 2554 266 2584 Luc.
288 2551 484 2594 v111‚44.—-
500 2553 598 2584 ²Isa'1‘.
620 2563 642 2592 1,
662 2552 763 2584 18.—
788 2550 800 2574 3
821 2554 910 2584 Rom.
926 2563 973 2592 111,
989 2559 1043 2589 20,
1062 2560 1113 2583 21.
1132 2568 1173 2574 —-
1188 2551 1202 2581 4
1216 2551 1329 2584 Matth.
1353 2562 1429 2592 xvix,
1448 2551 1480 2593 22.

115 2623 155 2629 —-
177 2606 190 2630 5
210 2608 292 2640 Ibid.
316 2608 347 2640 5.
