1898 3178
364 228 502 257 sEnMO
535 230 609 267 xc,
646 231 700 256 m:
734 231 878 258 vmissis
910 233 1073 258 MATTH.
1109 231 1211 257 xxii.
1387 220 1464 259 481

98 312 118 334 »
152 293 276 337 nobis
299 309 388 338 non
406 303 470 337 est
489 313 499 338 2
528 312 548 334 »
574 297 619 336 in
641 303 852 353 quantum
877 304 1022 340 autem
1044 304 1107 340 est
1126 297 1171 339 in
1193 295 1319 339 nobis
1347 298 1471 355 cupi-

97 382 118 404 »
152 363 280 418 ditas,
299 365 344 407 in
362 373 532 408 tantum
549 365 641 408 sine
657 375 838 423 peccato
861 381 948 410 non
971 382 1119 410 sumus
1136 385 1145 410 :
1165 367 1349 410 charitas
1366 382 1475 410 cres-

94 443 184 488 cat,
226 433 439 493 cupiditas
468 433 687 477 decrescat
714 454 722 478 :
750 445 799 478 ut
828 435 1064 494 aliquando
1098 435 1170 480 illa
1203 436 1472 495 perficiatur,

93 505 178 548 hoc
198 513 278 557 est,
296 504 502 558 charitas,
524 505 738 563 cupiditas
760 515 1056 550 consumatur.
1082 508 1255 551 Induite
1277 522 1352 550 vos
1379 522 1475 551 ves—

97 582 185 617 tem
207 573 449 633 nuptialem
474 593 483 618 2
509 589 584 618 vos
610 573 837 633 alloquor,
863 576 938 635 qui
959 576 1147 620 necdum
1173 575 1356 620 habetis.
1381 579 1476 620 Jain

96 645 212 688 intus
232 646 358 700 estis,
378 646 467 704 jam
491 645 547 689 ad
567 645 812 689 convivium
838 645 1038 690 acceditis
1056 682 1066 701 ,
1089 656 1131 690 et
1155 657 1315 691 vestem
1334 648 1380 690 in
1401 648 1480 691 ho-

95 731 246 760 norem
268 717 414 776 sponsi
450 715 646 760 nondum
680 717 849 761 habetis
873 736 881 761 :
909 727 1049 761 vestra
1083 717 1227 762 adhuc
1257 719 1477 778 quaeritis,

94 801 183 830 non
206 802 306 846 quae
323 789 426 830 Jesu
448 786 774 831 Christi.Vestis
797 787 912 831 enim
935 788 1140 846 nuptialis
1159 789 1203 831 in
1227 789 1392 833 honore
1415 804 1482 832 ac·

95 856 254 914 cipitur
284 856 626 916 conjugationis,
662 856 707 899 id
743 866 832 911 est,
867 858 1011 916 sponsi
1050 868 1093 902 et
1129 873 1312 917 sponsae.
1339 858 1481 903 Nostis

94 942 301 986 sponsum
322 946 330 971 ε
356 928 553 972 Christus
575 936 653 971 est.
681 929 822 972 Nostis
839 943 1039 987 sponsam
1062 928 1278 973 :Ecclesia
1301 939 1378 973 est.
1406 932 1482 972 De-

92 997 202 1042 serte
229 998 442 1053 nubenti,
478 997 643 1042 deferte
671 998 864 1042 ducenti.
894 999 937 1043 Si
969 999 1060 1043 istis
1094 1000 1206 1043 bene
1239 999 1484 1042 detuleritis

93 1069 168 1128 qui
188 1069 384 1123 nubent,
409 1084 484 1113 vos
502 1069 578 1112 filii
602 1069 732 1113 eritis.
761 1072 874 1127 Ergo
893 1070 937 1112 iu
960 1070 1044 1114 hoc
1065 1070 1277 1128 proficite.
1306 1069 1484 1128 Diligite

91 1138 328 1183 Dominum
347 1174 357 1194 ,
399 1148 441 1182 et
462 1138 524 1182 ibi
545 1138 696 1183 discite
726 1139 905 1198 diligere
932 1155 1006 1185 vos
1033 1159 1041 1184 ;
1066 1149 1116 1183 ut
1138 1155 1237 1184 cum
1260 1138 1484 1197 diligendo

91 1209 328 1253 Dominum
351 1208 585 1252 dilexeritis
616 1225 718 1263 vos,
741 1210 879 1253 securi
910 1209 1096 1267 diligatis
1131 1210 1348 1268 proximos
1371 1210 1482 1252 sicut

91 1295 182 1324 vos.
208 1278 390 1332 Quando
415 1279 532 1322 enim
549 1295 638 1324 non
659 1281 833 1324 invenio
851 1296 894 1323 se
911 1282 1052 1339 ipsum
1076 1280 1344 1338 diligentem,
1370 1296 1482 1339 quo-

90 1348 222 1394 modo
239 1349 278 1392 ei
295 1349 500 1408 permitto
514 1350 777 1407 proximum,
795 1365 927 1409 quem
945 1349 1098 1408 diligat
1115 1351 1226 1394 sicut
1248 1365 1291 1393 se
1313 1351 1480 1408 ipsum?

93 1438 113 1461 «
147 1423 209 1464 Et*
226 1419 323 1478 quis
346 1428 430 1473 est,
456 1419 602 1477 inquit
618 1453 628 1472 ,
654 1419 731 1477 qui
753 1434 843 1462 non
860 1419 1013 1477 diligat
1037 1436 1080 1463 se
1101 1421 1242 1479 ipsum
1258 1422 1305 1460 1‘?
1324 1439 1343 1461 »
1366 1423 1477 1464 Ecce

88 1490 184 1550 quis
204 1498 266 1533 est
293 1508 302 1533 z
330 1507 350 1530 «
374 1488 459 1541 Qui
482 1487 621 1545 diligit
643 1487 918 1547 iniquitatem
935 1524 945 1541 ,
983 1489 1076 1533 odit
1093 1490 1282 1533 animam
1304 1505 1472 1533 suam.»

86 1557 312 1619 Numquid
335 1557 478 1616 diligit
499 1572 543 1600 se
561 1592 572 1612 ,
597 1558 674 1617 qui
695 1566 810 1601 amat
830 1573 1005 1602 carnem
1027 1574 1149 1602 suam
1166 1593 1176 1612 ,
1203 1568 1246 1602 et
1267 1558 1360 1603 odit
1383 1559 1476 1602 ani-

2 1607 16 1642 n
87 1645 203 1675 mam
231 1644 374 1683 suam,
407 1627 520 1671 malo
545 1643 623 1672 suo
639 1662 650 1681 ,
681 1627 796 1671 malo
821 1628 977 1671 animae
1008 1644 1097 1672 suae
1129 1638 1173 1673 et
1194 1629 1333 1672 carnis
1354 1631 1474 1672 suae?

0 1678 18 1746 υ.
87 1701 193 1754 Quis
215 1708 360 1745 autem
382 1697 523 1756 diligit
550 1698 738 1741 an'imam
762 1700 917 1742 suam?
945 1717 965 1740 «
990 1699 1075 1751 Qui
1097 1698 1237 1756 diligit
1258 1701 1397 1742 Deum
1423 1714 1473 1742 ex

0 1755 20 1784 Ἦ
89 1788 110 1811 »
144 1779 239 1814 toto
257 1768 388 1813 corde
401 1782 480 1812 suo
499 1802 509 1822 ,
531 1776 575 1810 et
592 1782 643 1810 ex
664 1776 753 1811 tota
778 1776 924 1811 mente
945 1783 1021 1812 sua
1038 1770 1067 1811 ¹.
1085 1786 1104 1808 »
1131 1770 1228 1812 Jam
1253 1767 1326 1812 tali
1349 1783 1473 1812 com-

0 1825 21 1886 'es
86 1841 214 1885 mitto
235 1839 496 1899 proximum.
521 1837 695 1895 Diligite
717 1839 936 1896 proximos
958 1848 1166 1899 tanquam
1187 1840 1408 1898 vosipsos.

0 1895 23 1923 η’
137 1913 236 1954 VII.
251 1908 357 1962 Quis
373 1916 452 1961 est,
470 1907 617 1966 inquit
628 1907 752 1960 mihi,
763 1907 985 1965 proximus
997 1911 1014 1950 Ρ
1025 1909 1176 1951 Omnis
1189 1909 1321 1952 homo
1335 1910 1477 1966 proxi-

86 1995 183 2025 mus
215 1988 316 2023 tuus
353 1986 431 2021 est.
468 1979 623 2021 Nonne
658 1975 766 2020 duos
804 1986 1002 2035 parentes
1039 1977 1272 2020 habuimus
1294 1982 1476 2022 omnes?

87 2049 287 2095 Proxima
318 2055 420 2091 sunt
452 2045 535 2089 sibi
563 2046 773 2105 cujusque
795 2046 962 2104 generis
985 2046 1184 2090 animalia
1203 2081 1214 2100 ,
1241 2046 1474 2091 columbus

86 2119 292 2165 columbo
309 2152 320 2173 ,
352 2115 512 2176 pardus
534 2115 671 2175 pardo
687 2150 698 2171 ,
736 2116 846 2175 aspis
869 2116 1036 2175 aspidi,
1062 2131 1193 2174 pecus
1224 2118 1390 2175 pecori,
1431 2127 1474 2162 et

86 2206 178 2236 non
199 2198 262 2233 est
283 2187 504 2248 proximus
525 2187 661 2231 homo
697 2186 895 2230 homini?
933 2185 1127 2230 Recolite
1155 2186 1475 2232 institutionem

88 2270 312 2307 creaturae.
339 2259 454 2303 Dixit
488 2260 623 2312 Deus,
654 2256 934 2316 protulerunt
959 2273 1083 2316 aquae
1115 2257 1308 2302 natantia
1328 2293 1338 2311 ,
1360 2267 1477 2303 cetos

87 2347 288 2390 magnos,
308 2330 444 2390 pisces
460 2364 471 2384 ,
495 2328 617 2372 alites
632 2362 644 2383 ,
668 2327 909 2387 similiaque
931 2327 1224 2387 protulerunt.
1251 2330 1478 2389 Numquid

89 2403 145 2446 de
161 2417 248 2445 una
267 2415 345 2445 ave
367 2397 516 2444 omnes
539 2399 668 2442 aves?
695 2397 921 2458 Numquid
943 2397 998 2441 de
1020 2413 1109 2441 uno
1131 2397 1306 2442 vulture
1328 2414 1480 2444 omnes

88 2471 318 2517 vultures?
353 2468 577 2528 Numquid
613 2467 668 2511 de
691 2483 780 2512 uno
816 2467 1024 2512 columbo
1060 2481 1211 2512 omnes
1252 2468 1479 2515 columbi?

138 2563 148 2581 ¹
171 2555 253 2589 Psal.
272 2565 304 2596 x,
319 2554 353 2586 6.
1186 2573 1201 2580 ΑΔ

250 2618 387 2653 CXXV·
1232 2609 1281 2646 31
