1898 3178
336 215 418 250 628
770 218 800 245 S.
842 217 1067 246 Auousmm
1103 218 1280 244 EPISCOPI

333 289 400 333 Ab
424 288 521 346 ipsis
544 286 751 330 dicuntur
772 286 862 329 istae
884 284 1070 338 divitiae,
1101 300 1199 343 quae
1228 293 1437 328 vocantur
1463 298 1710 327 mammona

329 357 585 417 iniquitatis.

387 431 464 471 VI.
493 430 558 470 Tu
581 435 725 470 autem
747 425 854 485 quid
875 424 1014 469 dicis?
1036 425 1147 478 Quia
1164 423 1227 468 illi
1250 425 1324 468 filii
1350 423 1504 478 alieni,
1528 424 1627 484 quia
1649 422 1712 466 illi

330 513 517 559 quorum
536 513 582 541 os
608 496 806 541 locutum
830 504 892 540 est
915 495 1174 548 vanitatem,
1194 494 1397 538 dixerunt
1426 494 1600 537 beatum
1625 508 1712 536 esse

329 568 541 629 populum
566 566 637 611 cui
667 567 760 610 haec
788 575 916 610 sunt:
944 575 992 609 tu
1022 565 1131 624 quid
1163 563 1301 608 dicis?
1324 563 1460 607 Falsae
1493 572 1594 607 sunt
1620 563 1712 606 istae

331 639 514 693 divitiae,
543 637 599 681 da
620 637 725 680 mihi
760 652 895 681 veras.
923 635 1221 695 Reprehendis
1255 635 1356 689 ista,
1393 634 1572 679 ostende
1594 633 1714 694 quod

329 709 494 753 laudas.
516 709 591 752 Vis
613 717 664 752 ut
689 716 967 751 contemnam
991 707 1097 761 hoc,
1128 704 1307 750 ostende
1331 705 1450 765 quod
1468 703 1711 764 praeferam.

330 780 552 839 Dicatipse
573 779 781 823 Psalmus.
798 778 884 831 Qui
898 778 1014 821 enim
1031 777 1159 820 dixit:
1177 796 1195 818 «
1214 779 1395 820 Beatum
1418 775 1618 820 dixerunt
1635 791 1716 835 po-

332 871 352 892 »
376 851 547 910 pulum,
566 851 636 894 cui
656 859 780 908 sunt3
808 848 924 893 »tale
941 848 1067 893 nobis
1080 848 1154 891 dat
1167 862 1436 906 responsum,
1453 845 1584 907 quasi
1594 846 1714 891 dice-

330 938 472 966 remus
489 921 552 965 illi
573 957 583 975 ‚
608 920 652 965 id
669 930 753 977 est,
778 919 858 979 ipsi
881 919 1075 964 Psalmo:
1093 919 1206 963 Ecce
1226 919 1309 962 hoc
1332 918 1458 962 nobis
1482 917 1644 973 tulisti,
1671 927 1714 962 et

329 992 435 1037 nihil
452 991 577 1036 nobis
593 991 749 1036 dedisti
766 1011 773 1035 :
795 1006 895 1035 6666
912 991 1007 1045 ista,
1028 1005 1128 1034 6666
1145 989 1224 1033 ista
1244 989 1580 1043 contemnimus,
1598 988 1715 1032 unde

328 1064 512 1108 vivimus
527 1062 674 1106 Punde
691 1062 806 1105 beati
821 1061 1007 1104 erimus?
1028 1060 1135 1114 Quia
1157 1060 1234 1120 qui
1255 1059 1390 1103 locuti
1413 1069 1531 1114 sunt,
1557 1058 1636 1119 ipsi
1660 1058 1714 1103 de

328 1149 371 1178 se
393 1133 492 1193 ipsis
514 1132 737 1191 recipient.
765 1131 973 1176 Homines
991 1130 1107 1174 enim
1138 1129 1308 1174 divitias
1331 1131 1540 1174 habentes
1566 1130 1715 1174 beatos

328 1219 415 1247 esse
438 1203 656 1247 dixerunt.
685 1204 749 1245 Tu
766 1202 875 1261 quid
895 1200 1030 1245 dicis?
1053 1202 1304 1259 Respondet
1322 1201 1443 1261 quasi
1455 1202 1512 1244 sic
1534 1201 1718 1244 interro-

329 1284 467 1334 gatus,
483 1283 525 1317 et
537 1273 640 1317 dicit
658 1292 666 1316 ;
684 1272 753 1316 1111
769 1272 920 1316 dicunt
935 1271 1087 1315 divites
1102 1271 1251 1315 beatos
1269 1290 1276 1315 :
1293 1287 1373 1330 ego
1387 1271 1506 1316 dico:
1523 1290 1541 1312 «
1559 1274 1714 1315 Beatus
1727 1326 1730 1328 .

331 1364 350 1387 »
375 1344 563 1404 populus
586 1344 711 1403 cujus
729 1352 791 1387 est
811 1342 1024 1386 Dominus
1045 1344 1157 1386 Deus
1176 1341 1324 1401 ipsius.
1350 1360 1368 1383 »
1401 1341 1573 1386 Audisti
1592 1357 1714 1386 veras

326 1415 495 1460 divitias
512 1449 522 1469 ‚
551 1413 618 1457 fac
635 1413 794 1457 amieos
816 1413 870 1456 de
887 1427 1138 1456 mammona
1152 1412 1393 1472 iniquitatis
1411 1447 1422 1466 ‚
1447 1421 1491 1456 et
1511 1412 1592 1456 eris
1616 1412 1716 1456 bea-

326 1495 395 1530 tus
418 1484 605 1544 populus
622 1518 632 1538 ,
657 1483 779 1542 cujus
801 1492 864 1526 est
886 1481 1096 1525 Dominus
1132 1485 1245 1525 Deus
1276 1482 1423 1540 ipsius.
1466 1482 1715 1542 Aliquando

332 1556 561 1601 transimus
579 1555 714 1608 viam,
739 1563 782 1597 et
803 1552 999 1597 videmus
1019 1553 1330 1597 amoenissimos
1353 1562 1395 1596 et
1424 1552 1580 1597 uberes
1606 1553 1712 1598 fun-

331 1628 409 1672 dos
427 1661 437 1681 ,
469 1636 511 1670 et
532 1625 716 1668 dicimus
740 1642 748 1668 2
766 1623 909 1682 Cujus.
923 1631 986 1666 est
1007 1621 1081 1666 ille
1103 1621 1299 1666 fundus?
1321 1623 1536 1668 Asseritur
1563 1624 1676 1668 illius
1702 1644 1711 1669 z

325 1708 368 1742 et
410 1713 488 1742 nos
527 1696 711 1741 dicimus
736 1714 744 1739 ι
787 1697 945 1738 Beatus
975 1695 1108 1739 homo
1148 1714 1156 1738 ε
1192 1694 1429 1739 vanitatem
1474 1694 1710 1756 loquimur.

324 1770 480 1812 Beatus
501 1768 624 1826 cujus
647 1775 711 1810 est
731 1764 806 1808 illa
823 1764 1000 1819 domus,
1024 1765 1177 1808 beatus
1199 1766 1321 1824 cujus
1339 1774 1401 1809 est
1422 1764 1495 1809 ille
1517 1766 1682 1811 fundus
1702 1802 1713 1822 ‚

324 1840 478 1884 beatus
502 1840 623 1898 cujus
641 1845 704 1880 est
721 1835 832 1880 illud
856 1851 987 1895 pecus
1005 1871 1015 1890 ‚
1037 1836 1189 1879 beatus
1207 1837 1329 1896 cujus
1353 1846 1416 1880 est
1447 1836 1519 1880 ille
1543 1852 1712 1893 servus,

327 1911 480 1954 beatus
504 1910 626 1969 cujus
643 1916 706 1951 est
726 1906 797 1951 illa
815 1906 992 1951 familia.
1018 1906 1137 1951 Tolle
1159 1907 1411 1961 vanitatem,
1433 1908 1465 1951 si
1487 1908 1548 1951 vis
1567 1907 1715 1952 audire

330 1982 570 2025 veritatem.
597 1982 754 2023 Beatus
779 1987 842 2021 est
859 1978 982 2038 cujus
1005 1987 1067 2021 est
1085 1978 1294 2021 Dominus
1317 1981 1428 2022 Deus
1451 1979 1597 2036 ipsius.
1619 1982 1716 2024 Non

330 2052 445 2095 enim
467 2052 588 2111 cujus
609 2059 672 2094 est
694 2047 857 2093 fundus
879 2049 980 2103 iste,
1008 2048 1160 2093 beatus
1191 2058 1254 2092 est
1281 2068 1288 2092 2
1315 2050 1390 2092 sed
1413 2050 1536 2108 cujus
1565 2059 1627 2094 est
1644 2049 1715 2093 ille

332 2126 460 2167 Deus.
490 2124 573 2167 Sed
596 2131 645 2165 ut
668 2120 933 2180 apertissime
954 2119 1268 2163 beatitudinem
1290 2135 1433 2164 rerum
1457 2122 1712 2177 annunties,

332 2191 436 2236 dicis
459 2192 579 2251 quod
602 2191 779 2234 beatum
803 2199 845 2234 te
867 2189 971 2233 fecit
985 2189 1148 2234 fundus
1160 2199 1276 2233 tuus
1296 2193 1464 2243 Quare?
1486 2193 1593 2244 Quia
1613 2191 1715 2236 inde

331 2263 451 2307 vivis,
473 2266 581 2308 Nam
604 2261 781 2321 quando
807 2259 957 2304 laudas
979 2275 1057 2319 pro
1081 2274 1237 2318 magno
1262 2259 1449 2304 fundum
1470 2271 1611 2317 tuum⁷
1630 2263 1714 2306 hoe

331 2332 436 2376 dicis
458 2352 466 2377 :
494 2336 589 2392 Ipse
607 2346 675 2375 me
695 2330 856 2389 pascit,
877 2329 978 2373 inde
1000 2329 1113 2374 vivo.
1139 2330 1328 2374 Attende
1350 2331 1467 2374 unde
1486 2332 1619 2376 vivas.
1635 2332 1715 2376 1116

335 2411 398 2446 est
438 2405 556 2446 unde
595 2403 730 2455 vivis,
761 2401 831 2445 cui
869 2400 974 2444 dicis
1013 2419 1021 2444 :
1049 2401 1225 2459 «Apud
1258 2410 1299 2445 te
1336 2411 1398 2445 est
1433 2401 1530 2446 fons
1563 2403 1709 2447 vitae1.

341 2491 360 2512 «
388 2474 541 2516 Beatus
561 2472 764 2531 populus,
793 2472 917 2530 cujus
937 2479 1001 2514 est
1020 2469 1233 2514 Dominus
1245 2474 1358 2515 Deus
1372 2472 1519 2529 ipsius.
1539 2490 1559 2514 »
1575 2473 1612 2516 O
1627 2475 1714 2516 Do-

380 2563 384 2576 ¹
410 2558 487 2587 stul.
513 2567 609 2595 xxxv,
634 2566 683 2587 10.

1883 1680 1894 1721 :z‘w
1884 1624 1897 1666 Ὃ
1887 1552 1898 1579 κ-ῑη
1888 1468 1898 1507 W„
1895 1428 1896 1433 Α
