1898 3178
399 221 481 257 392
846 227 876 255 s.
914 226 1144 255 AUGUSTINI
1176 229 1355 256 EPISCOPI

397 295 596 339 irascitur
618 297 756 347 Deus,
781 292 883 352 quia
911 292 1061 336 differs
1091 293 1313 352 imponere
1339 307 1498 336 munus
1521 301 1645 337 tuum
1674 310 1683 337 :
1720 295 1779 336 Te

398 364 557 424 quaerit
583 367 697 408 Deus
723 363 860 421 magis
894 377 1027 423 quam
1057 377 1217 408 munus
1244 372 1387 407 tuum.
1417 364 1525 408 Nam
1553 362 1588 406 si
1616 360 1780 406 malum

397 436 592 479 animum
621 448 772 493 gerens
799 433 1002 478 adversus
1034 432 1212 478 fratrem
1248 443 1374 478 tuum
1391 468 1402 489 ,
1429 432 1652 477 adveneris
1679 447 1780 477 cum

397 520 578 549 munere
591 503 646 548 ad
664 507 803 548 Deum
827 513 952 549 tuum
969 539 980 560 ‚
1006 504 1241 564 respondet
1261 504 1339 549 tibi
1357 523 1367 549 z
1394 506 1459 548 Tu
1481 503 1652 562 peristi,
1673 503 1781 547 mihi

395 575 503 635 quid
531 574 744 620 attulisti?
773 574 917 619 Offers
943 590 1102 620 munus
1124 584 1274 630 tuum,
1305 583 1349 618 et
1370 583 1420 618 tu
1438 588 1528 619 non
1549 588 1592 617 es
1621 588 1782 618 munus

394 647 487 689 Dei.
522 644 623 690 Plus
655 645 814 705 quaerit
845 646 1042 691 Christus
1065 659 1196 706 quem
1229 644 1412 688 redemit
1442 643 1652 702 sanguine
1678 658 1778 698 suo,

396 731 528 776 quam
556 714 677 776 quod
707 725 757 760 tu
785 716 987 761 invenisti
1015 717 1062 759 in
1086 716 1243 761 horreo
1262 723 1354 760 tuo,
1393 732 1413 756 «
1440 715 1556 773 Ergo
1582 712 1781 774 relinque
1889 745 1890 753 η

397 803 417 827 »
445 786 505 829 ibi
529 801 690 831 munus
715 795 843 831 tuum
867 795 967 831 ante
989 786 1122 831 altare
1140 820 1151 840 ‚
1179 794 1222 829 et
1245 785 1354 829 vade
1373 784 1493 844 prius
1514 783 1781 828 reconciliari

397 875 417 898 »
444 857 568 902 fratri
581 867 682 916 tuo3
699 868 742 903 et
755 858 814 903 sic
831 859 1006 902 veniens
1029 858 1184 903 offeres
1198 872 1358 901 munus
1380 864 1522 900 tuum.
1539 872 1560 898 »
1574 857 1688 900 Ecce
1706 854 1781 899 illc

394 937 538 972 reatus
561 929 773 987 gehennae
795 943 928 989 quam
950 929 1037 972 cito
1058 927 1225 972 solutus
1247 936 1326 972 est.
1352 926 1560 972 Nondum
1581 925 1781 971 reconci-
1849 918 1852 926 ⁴

392 997 544 1054 liatus,
579 1013 670 1043 eras
696 999 906 1058 gehennae
928 1013 1024 1043 reus
1051 1017 1060 1044 ς
1087 997 1416 1053 reconciliatus,
1451 1011 1626 1042 securus
1649 994 1782 1041 offers

392 1083 552 1111 munus
569 1077 697 1112 tuum
719 1067 774 1113 ad
787 1068 936 1113 altare.

451 1138 529 1180 Vl.
555 1138 763 1180 Homines
780 1147 927 1179 autem
946 1137 1093 1183 faciles
1112 1147 1215 1183 sunt
1235 1137 1290 1182 ad
1317 1137 1565 1196 irrogandas
1586 1136 1779 1196 injuriaS‚
1842 1125 1850 1130 Η
1883 1126 1898 1185 ⁷:

393 1215 436 1250 et
466 1205 664 1250 difficiles
695 1204 750 1249 ad
777 1205 1056 1250 concordiam
1088 1207 1411 1264 requirendam.
1451 1211 1581 1262 Pete,
1610 1206 1781 1265 inquit,

391 1276 563 1320 veniam
585 1276 640 1320 ab
662 1275 841 1320 homine
863 1290 995 1334 quem
1013 1273 1259 1329 offendisti,
1286 1276 1340 1317 ab
1360 1276 1538 1318 homine
1559 1288 1691 1334 quem
1707 1274 1782 1319 lae-

391 1346 497 1390 sisti.
540 1344 793 1403 Respondet
819 1364 827 1388 :
861 1347 960 1391 Non
987 1359 1057 1387 me
1084 1343 1343 1388 humiliabo.
1377 1343 1458 1387 Vel
1484 1346 1624 1388 Deum
1656 1353 1782 1390 tuum

391 1416 509 1470 audi,
531 1415 563 1459 si
585 1413 761 1459 fratrem
784 1423 911 1458 tuum
928 1414 1193 1459 contemnis:
1219 1432 1240 1456 «
1260 1413 1345 1466 Qui
1367 1428 1412 1457 se
1428 1413 1652 1470 humiliat,
1672 1416 1782 1460 exal-

394 1505 414 1528 »
441 1487 606 1531 tabitur
622 1488 653 1529 1.
679 1505 698 1528 »
719 1488 818 1531 Non
839 1486 903 1530 vis
924 1494 967 1530 te
989 1485 1219 1529 humiliare
1244 1485 1319 1544 qui
1351 1483 1568 1529 cecidisti?
1587 1484 1779 1530 Multum

389 1558 567 1602 interest
585 1557 698 1601 inter
715 1571 759 1601 se
774 1555 1079 1601 humiliantem
1097 1565 1140 1600 et
1158 1556 1270 1599 inter
1281 1556 1514 1615 jacentem.
1532 1557 1557 1599 J
1560 1570 1630 1600 am
1643 1557 1776 1615 jaceS,

389 1637 433 1671 et
453 1627 684 1670 humiliare
706 1636 749 1670 te
770 1642 860 1671 non
881 1627 970 1670 vis?
992 1629 1109 1670 Bene
1131 1626 1294 1671 diceres
1318 1645 1327 1671 :
1353 1626 1465 1672 Nolo
1483 1626 1775 1687 descendere3

387 1698 421 1741 si
442 1696 650 1741 noluisses
669 1711 809 1740 ruere.

446 1770 546 1811 VII.
572 1770 666 1812 l-Ioc
681 1782 784 1825 ergo
806 1765 939 1811 debet
955 1765 1114 1821 facere,
1131 1767 1207 1825 qui
1224 1765 1328 1811 fecit
1346 1766 1566 1827 injuriam.
1592 1768 1675 1822 Qui
1698 1783 1777 1813 au-
1845 1830 1847 1837 ⁴

387 1847 475 1882 tem
497 1853 646 1897 passus
664 1847 754 1892 est,
779 1836 887 1897 quid
908 1835 1071 1881 debet?
1093 1837 1223 1890 Quod
1244 1836 1490 1883 audivimus
1506 1836 1664 1883 hodie:
1688 1856 1710 1880 «
1732 1839 1776 1884 Si

390 1928 410 1950 »
437 1909 679 1969 peccaverit
695 1909 740 1952 in
758 1918 801 1952 te
815 1907 947 1953 frater
964 1917 1081 1963 tuus,
1096 1910 1264 1968 corripe
1278 1924 1378 1953 eum
1396 1910 1509 1953 inter
1522 1919 1565 1954 te
1577 1919 1620 1954 et
1631 1911 1774 1969 ipsum
1830 1949 1833 1960 ,

388 1998 407 2021 n
435 1979 619 2024 solum2.
638 1998 658 2020 »
689 1979 731 2024 Si
754 1978 1009 2037 neglexeris,
1032 1981 1154 2038 pejor
1179 1994 1238 2023 es.
1263 1978 1344 2023 Ille
1366 1980 1568 2039 injuriam
1592 1979 1711 2035 fecit,
1731 1989 1774 2025 et
1829 1999 1832 2034 ς
1863 2002 1873 2029 ,η

384 2050 587 2109 injuriam
598 2048 799 2094 faciendo
815 2048 934 2107 gravi
946 2063 988 2092 se
1005 2048 1148 2107 ipsum
1162 2048 1343 2093 vulnere
1358 2049 1569 2107 percussit
1584 2065 1593 2091 ε
1611 2058 1660 2094 tu
1671 2049 1773 2095 vul-
1828 2074 1831 2101 2

383 2135 465 2163 nus
479 2119 620 2163 fratris
634 2120 698 2162 tui
710 2118 972 2162 contemnis?
984 2120 1048 2161 Tu
1060 2133 1160 2161 eum
1173 2117 1290 2162 vides
1299 2117 1533 2177 perire,vel
1545 2119 1719 2178 perisse,
1730 2129 1773 2164 et
1827 2139 1830 2198 ι
1861 2144 1898 2186 qno

384 2189 590 2248 negligis?
605 2189 729 2248 Pejor
744 2203 786 2231 es
802 2186 1003 2241 tacendo,
1021 2202 1155 2246 quam
1173 2186 1246 2230 ille
1264 2186 1566 2232 conviciando.
1583 2188 1770 2241 Quando
1826 2222 1829 2241 ⁴
1862 2219 1868 2237 ,,
1880 2217 1898 2245 m

383 2275 485 2318 ergo
520 2259 567 2303 in
593 2274 672 2303 nos
701 2258 856 2319 aliquis
886 2267 1035 2317 peccat
1048 2292 1062 2312 ,
1093 2257 1330 2302 habeamus
1357 2273 1559 2316 magnam
1595 2273 1741 2303 curam
1753 2294 1766 2316 ‚
1824 2283 1828 2322 ι
1862 2287 1898 2330 ,φ

379 2345 469 2373 non
490 2344 570 2388 pro
593 2329 745 2385 nobis3
775 2343 876 2372 nam
899 2327 1133 2385 gloriosum
1157 2337 1221 2371 est
1244 2327 1421 2387 injurias
1444 2327 1667 2386 oblivisci3
1691 2328 1768 2373 sed

380 2398 630 2444 obliviscere
651 2399 854 2459 injuriam
877 2407 993 2442 tuam
1011 2432 1022 2453 ‚
1048 2413 1136 2442 non
1151 2397 1310 2442 vulnus
1327 2396 1470 2442 fratris
1493 2399 1571 2441 tui.
1601 2416 1622 2440 «
1647 2400 1765 2457 Ergo

1860 2356 1896 2384 ‘ar

1822 2443 1825 2452 .
1858 2411 1898 2455 τίη·

384 2489 400 2508 »
426 2470 591 2528 corripe
614 2484 716 2513 eum
734 2470 844 2513 inter
867 2476 910 2512 te
931 2476 974 2512 et
989 2467 1132 2526 ipsum
1153 2466 1337 2523 solum³‚
1366 2485 1386 2509 »
1411 2466 1642 2513 intendens
1665 2482 1763 2514 cor-
1821 2470 1825 2522 Ι
1880 2512 1883 2528 1

433 2558 440 2571 ¹
463 2553 539 2582 Luc,
561 2562 628 2591 xiv,
651 2563 699 2583 11.
718 2568 758 2575 --
779 2559 791 2575 ²
817 2550 929 2583 Matth.
955 2560 1045 2589 xviii,
1070 2550 1119 2581 15.
1145 2567 1184 2572 —
1205 2549 1217 2573 3
1238 2550 1321 2584 Ibid.

1862 2567 1889 2594 ΔΙῗε
