1898 3178
394 207 448 244 22
832 214 866 243 s.
902 213 1133 240 Aueusnm
1167 213 1347 240 zmscom

394 299 414 322 n
452 294 552 324 oves
590 294 722 323 meas.
750 297 770 319 >2
801 276 1033 331 Quomodo
1065 277 1243 332 avertit,
1277 285 1326 320 ut
1347 292 1436 320 non
1457 286 1638 336 pascant
1674 291 1775 322 oves

394 350 562 410 ipsius?
582 352 723 402 «Quae
741 348 914 403 dicunt,
938 346 1069 392 facite
1087 367 1098 404 3
1119 363 1218 406 quae
1241 356 1385 391 autem
1413 346 1580 391 faciunt
1595 381 1605 400 ‚
1633 346 1776 391 facere

394 439 416 463 >›
451 419 631 465 nolite1.
654 437 675 461 »
703 421 928 478 Tanquam
951 417 1115 462 diceret
1129 452 1140 473 ,
1170 420 1268 462 Mea
1289 416 1464 472 dicunt,
1489 433 1567 462 sua
1588 416 1772 462 faciunt.

395 491 438 535 Si
469 489 654 543 diceret,
685 488 833 532 Facite
859 487 1000 533 securi
1035 486 1158 548 quod
1182 486 1374 542 faciunt,
1405 488 1518 546 ipsos
1554 485 1776 532 damnabo

389 559 504 604 male
525 559 716 604 viventes
732 578 743 616 3
757 557 883 603 vobis
899 567 1045 603 autem
1067 572 1259 617 paream,
1273 557 1376 616 quia
1393 557 1531 601 secuti
1548 557 1648 601 estis
1665 572 1778 616 prae-

391 630 552 690 positos
568 638 760 674 vestros:
780 629 814 673 si
833 629 919 674 hoc
940 627 1120 683 diceret,
1148 628 1386 672 deterreret
1406 627 1543 671 malos
1564 627 1774 686 pastores,

390 707 613 759 pascentes
628 714 719 744 non
740 714 840 744 oves
855 733 867 754 ‚
897 697 973 743 sed
995 713 1054 742 se.
1092 698 1178 743 Sed
1205 698 1413 757 quoniam
1439 706 1573 742 terret
1593 712 1685 741 non
1705 711 1778 741 so-

391 770 486 814 lum
507 785 671 814 caecum
690 769 939 825 ducentem,
959 768 1036 813 sed
1056 777 1099 812 et
1119 783 1286 813 caecum
1307 777 1561 828 sequentem
1577 788 1588 824 ς
1603 771 1620 825 (
1635 782 1780 827 neque

392 840 507 884 enim
539 841 599 885 ait
629 858 684 886 t«
716 840 844 886 Cadit
874 841 922 884 in
950 838 1123 884 foveam
1154 838 1344 893 ducens,
1372 847 1417 882 et
1445 853 1536 882 non
1558 837 1676 881 cadit
1708 852 1779 881 se-

394 927 416 951 »
451 925 615 969 quens:
632 927 654 951 »
671 910 774 966 sed,
798 911 984 955 «Caecus
1005 923 1172 953 caecum
1193 908 1373 963 ducens,
1395 910 1524 952 ambo
1545 908 1591 951 in
1607 905 1780 951 foveam

390 998 413 1021 »
449 979 613 1024 cadunt
629 983 674 1032 23
695 998 716 1022 n
741 979 969 1025 admonuit
990 993 1091 1024 oves
1108 1013 1120 1034 ‚
1144 988 1188 1023 et
1215 979 1301 1023 ait:
1329 998 1349 1021 «
1373 981 1483 1032 Quae
1508 977 1690 1032 dicunt,
1709 976 1779 1021 fa-

392 1067 414 1090 »
449 1050 562 1106 cite3
583 1065 684 1109 quae
712 1049 880 1095 faciunt
898 1084 910 1105 ‚
934 1048 1078 1094 facere
1099 1049 1248 1094 nolite.
1272 1067 1293 1090 n
1319 1051 1433 1094 Cum
1463 1049 1579 1092 enim
1601 1062 1692 1092 non
1711 1047 1780 1091 fa-

391 1118 486 1162 citis
501 1133 601 1176 quae
617 1118 787 1162 faciunt
806 1119 910 1163 mali
926 1127 1133 1176 pastores,
1149 1133 1240 1162 non
1251 1133 1328 1162 vos
1346 1119 1426 1176 ipsi
1447 1126 1633 1176 pascunt
1651 1135 1661 1161 ι
1679 1131 1782 1160 cum

392 1196 539 1231 autem
565 1186 705 1231 facitis
727 1201 827 1246 quae
851 1185 1005 1231 dicunt
1021 1221 1032 1240 ‚
1058 1201 1139 1244 ego
1161 1202 1237 1231 vos
1265 1202 1395 1245 pasco
1421 1206 1430 1230 :
1457 1201 1553 1230 mea
1575 1186 1692 1229 enim
1714 1186 1783 1230 di-

393 1266 522 1312 cunt,
542 1265 587 1300 et
606 1271 698 1300 non
718 1255 903 1300 faciunt.
931 1255 1105 1310 Securi,
1124 1255 1352 1315 inquiunt,
1373 1256 1597 1315 sequimur
1619 1256 1783 1314 episco-

392 1341 471 1387 pos
500 1334 684 1370 nostros.
710 1325 873 1369 Dicunt
899 1324 984 1369 hoc
1012 1338 1126 1383 saepe
1155 1325 1347 1368 haeretici
1365 1359 1375 1378 ,
1401 1324 1580 1384 quando
1601 1325 1784 1370 veritate

393 1395 745 1442 manifestissima
767 1395 1091 1441 convincuntur
1109 1396 1222 1440 :Nos
1240 1409 1340 1440 oves
1363 1410 1527 1450 sumus,
1552 1396 1616 1440 illi
1637 1395 1692 1440 de
1708 1411 1785 1441 no-

395 1468 464 1512 bis
490 1465 677 1511 reddent
704 1466 933 1511 rationem.
957 1464 1163 1510 Reddent
1197 1465 1327 1524 plane
1364 1465 1524 1510 malam
1561 1465 1616 1509 de
1644 1475 1785 1511 morte

397 1545 554 1583 vestra.
580 1539 642 1581 De
674 1545 816 1581 morte
837 1536 927 1581 ovis
955 1535 1157 1594 malignae
1178 1534 1333 1580 reddet
1360 1536 1501 1580 malus
1529 1545 1674 1594 pastor
1696 1550 1786 1580 ma-

397 1606 487 1652 lam
506 1607 733 1652 rationem.
758 1605 985 1666 Numquid
1008 1605 1108 1650 ideo
1137 1604 1244 1650 vivit
1265 1605 1354 1650 ovis
1372 1640 1383 1661 ‚
1409 1606 1511 1665 quia
1544 1605 1786 1664 assignatur

398 1678 522 1738 pellis
543 1678 705 1737 ipsius?
738 1680 995 1736 Increpatur
1031 1684 1200 1735 pastor,
1225 1676 1329 1735 quia
1355 1676 1545 1734 neglexit
1567 1691 1696 1720 ovem
1718 1691 1786 1720 er-

396 1757 584 1802 rantem,
600 1757 644 1792 et
662 1757 892 1807 propterea
908 1747 955 1791 in
971 1746 1118 1791 fauces
1139 1747 1233 1806 lupi
1249 1747 1390 1801 irruit,
1416 1755 1466 1790 ut
1483 1746 1780 1791 devoraretur.

402 1817 520 1871 Quid
537 1817 601 1862 illi
631 1817 830 1877 prodest,
855 1818 957 1877 quia
980 1817 1107 1861 affert
1137 1816 1298 1876 pellem
1330 1816 1571 1874 signatam?
1593 1816 1784 1861 Paterfa-

397 1887 537 1931 mih'as
574 1888 708 1931 vitam
727 1888 817 1932 ovis
853 1887 1049 1947 inquirit.
1077 1884 1162 1931 Sed
1183 1901 1283 1930 ecce
1310 1885 1448 1930 malus
1469 1895 1616 1945 pastor
1638 1886 1786 1932 attulit

395 1956 557 2016 pellem
577 1975 587 2002 ι
614 1956 768 2002 reddat
789 1956 845 2001 de
865 1955 980 2015 pelle
1001 1955 1230 2000 rationem.
1255 1958 1387 1999 Forte
1409 1956 1672 2000 mentiturus
1690 1957 1785 2000 est?

396 2027 586 2071 Videbat
607 2028 792 2088 desuper
808 2062 819 2082 ,
851 2027 928 2087 qui
951 2035 1101 2086 postea
1121 2025 1305 2085 judicat.
1327 2025 1410 2071 Cui
1426 2026 1559 2076 verba
1587 2025 1661 2070 isse
1683 2026 1785 2071 fieta

393 2106 595 2143 numerat
611 2132 622 2153 ,
650 2099 935 2158 cogitationes
967 2097 1156 2153 inspicit.
1183 2095 1357 2138 Reddat
1388 2104 1534 2153 pastor
1552 2095 1692 2140 malus
1714 2111 1785 2141 ra-

392 2168 557 2210 tionem
586 2167 641 2209 de
666 2168 782 2224 pelle
811 2166 903 2211 ovis
934 2172 1132 2208 mortuae.
1159 2162 1355 2209 Clamavi
1376 2164 1416 2207 ei
1447 2165 1579 2208 verba
1601 2173 1676 2208 tua
1695 2199 1707 2220 ,
1740 2175 1785 2211 et

394 2237 517 2296 sequi
543 2234 687 2280 noluit
708 2253 717 2279 ε
750 2233 852 2279 dedi
874 2249 1051 2293 operam
1073 2242 1123 2277 ut
1149 2247 1174 2276 a
1195 2247 1324 2292 grege
1353 2249 1442 2278 non
1465 2234 1686 2279 aberraret
1704 2269 1716 2290 ,
1741 2244 1784 2280 et

391 2321 481 2350 non
508 2305 845 2365 obtemperavit.
878 2304 1011 2348 Plane
1038 2303 1073 2348 si
1104 2303 1188 2348 hoe
1216 2302 1353 2355 dicat,
1379 2313 1422 2347 et
1453 2319 1606 2348 verum
1637 2304 1779 2356 dicat;

393 2376 541 2433 (novit
563 2385 709 2419 autem
729 2375 802 2419 ille
820 2385 970 2419 utrum
991 2390 1144 2420 verum
1166 2373 1282 2419 dicat
1299 2377 1338 2432 ς)
1361 2374 1504 2418 reddit
1526 2375 1690 2418 bonam
1706 2391 1779 2420 ra-

392 2446 555 2488 tionem
579 2444 633 2488 de
655 2461 733 2489 ove
759 2445 885 2490 mala.
907 2445 949 2490 Si
972 2454 1118 2489 autem
1138 2445 1308 2504 inspicit
1332 2449 1444 2489 Deus
1461 2445 1562 2505 quia
1583 2444 1776 2504 neglexit

447 2534 454 2549 ¹
476 2527 589 2559 Matth.
611 2538 701 2566 xxm,
727 2529 754 2560 3.
775 2546 815 2551 —-
838 2536 849 2551 ²
870 2529 915 2560 Id.
936 2539 988 2569 xv,
1018 2528 1069 2569 14.
