1898 3178
347 199 430 237 592
786 208 818 236 s.
856 208 1085 236 AUGus'nm
1118 209 1298 236 Eriscom

405 276 481 317 VI.
513 292 533 315 «
559 276 615 318 Et
631 276 743 317 Deus
772 274 827 316 ad
862 271 983 316 illum
1003 275 1012 297 ¹
1035 292 1043 317 :
1073 291 1092 313 ›>
1113 273 1188 332 qui
1209 288 1288 317 nec
1322 287 1423 316 cum
1445 272 1586 317 stultis
1603 272 1724 332 loqui

344 343 620 403 dedignatur.
658 344 825 403 Aliquis
857 353 1049 387 vestrum
1086 342 1198 387 forte
1234 343 1350 387 dicat
1377 362 1385 387 :
1412 346 1469 387 Et
1502 343 1724 404 quomodo

345 417 458 458 Deus
481 430 581 458 cum
607 412 739 459 stulto
760 412 933 458 locutus
952 416 1042 457 est?
1065 414 1102 457 Ο
1130 412 1282 458 fratres
1300 414 1409 468 mei,
1434 429 1533 457 cum
1554 414 1725 474 quantis

344 485 484 529 stultis
498 485 566 528 hic
581 483 792 544 loquitur,
805 483 981 544 quando
997 484 1280 543 Evangelium
1294 484 1522 528 recitatur?
1536 483 1725 537 Quando

344 556 505 601 lectum
527 564 615 610 est,
643 556 720 616 qui
741 555 928 600 audiunt
950 564 992 599 et
1015 571 1104 599 non
1121 555 1290 601 faciunt
1305 590 1315 609 ‚
1341 555 1461 599 stulti
1483 571 1573 600 non
1595 558 1726 599 sunt?

344 627 459 681 Quid
491 642 594 686 ergo
626 627 686 671 ait
716 627 952 671 Dominus?
974 627 1085 679 Quia
1122 625 1194 669 ille
1226 627 1306 669 sibi
1330 626 1489 670 iterum
1527 627 1573 669 in
1600 626 1725 670 inve*

344 698 504 743 niendo
536 697 715 743 consilio
751 697 918 757 sapiens
954 696 1198 741 videbatur.
1230 716 1250 737 «
1286 696 1425 740 Stulte
1441 731 1451 751 ,
1487 714 1506 736 »
1544 696 1686 756 inquit
1714 716 1722 740 :

348 789 366 810 «
405 769 566 824 Stulte,
595 787 615 809 »
638 768 714 829 qui
736 768 816 812 tibi
835 768 1001 827 sapiens
1019 766 1176 811 videris
1197 785 1241 810 2«
1264 765 1428 820 Stulte,
1451 766 1562 825 »qui
1585 766 1727 810 dixisti

344 838 500 882 animae
517 847 604 882 tuae
627 858 636 883 ε
667 857 687 881 «
711 838 855 882 Habes
878 837 1016 881 multa
1038 837 1153 880 bona
1173 836 1358 896 reposita
1374 836 1420 879 in
1442 851 1576 881 annos
1596 836 1727 895 pluri-

350 928 365 949 »
404 924 496 954 mos
530 928 539 954 2
564 907 696 953 hodie
723 908 934 967 repetitur
962 923 984 950 a
1015 916 1056 951 te
1086 906 1228 950 anima
1251 915 1341 950 tua.
1381 926 1400 947 n
1436 906 1518 950 Cui
1545 905 1688 949 dixisti
1714 925 1723 949 2

349 997 368 1021 «
406 979 546 1023 Habes
567 978 705 1023 multa
720 978 834 1023 bona
856 997 864 1024 ;
892 996 911 1019 »
930 976 1070 1022 Hodie
1092 977 1317 1036 repetitur,
1340 985 1382 1020 et
1403 975 1573 1020 nullum
1596 977 1727 1020 habet

346 1051 528 1094 bonum.
549 1052 812 1095 Contemnat
828 1049 922 1092 haec
939 1048 1069 1102 bona,
1086 1056 1129 1091 et
1145 1048 1197 1091 sit
1218 1048 1307 1106 ipsa
1324 1048 1436 1091 bona
1455 1068 1465 1104 3
1482 1056 1532 1091 ut
1549 1047 1727 1106 quando

320 1123 326 1128 '
344 1121 555 1180 repetitur
570 1155 581 1176 ‚
606 1129 728 1164 exeat
750 1135 913 1164 secura.
941 1117 1055 1171 Quid
1079 1118 1196 1161 enim
1225 1126 1289 1162 est
1308 1117 1499 1177 iniquius
1521 1117 1697 1162 homine
1712 1151 1724 1171 ‚

344 1191 419 1251 qui
438 1190 576 1235 multa
598 1190 714 1235 bona
728 1190 889 1234 habere
912 1188 1031 1243 vult,
1059 1197 1101 1231 et
1119 1188 1262 1232 bonus
1282 1188 1373 1246 ipse
1394 1203 1482 1231 esse
1499 1203 1589 1232 non
1605 1187 1728 1231 vult?

346 1261 557 1320 Indignus
588 1276 631 1305 es
662 1261 738 1321 qui
767 1261 949 1314 habeas,
978 1259 1053 1319 qui
1081 1274 1168 1304 non
1191 1259 1254 1302 vis
1281 1273 1370 1302 esse
1404 1257 1523 1317 quod
1558 1258 1620 1301 vis
1648 1258 1727 1301 ha-

343 1332 461 1377 bere.
488 1331 713 1392 Numquid
734 1332 850 1376 enim
877 1331 940 1374 vis
963 1329 1124 1373 habere
1143 1329 1290 1373 villam
1307 1328 1494 1372 malam?
1519 1331 1615 1373 Non
1637 1329 1726 1371 uti-

343 1418 451 1462 que,
475 1403 551 1446 sed
572 1403 748 1446 bonam.
784 1398 1008 1460 Numquid
1044 1414 1222 1443 uxorem
1260 1398 1448 1442 malam?
1484 1400 1579 1444 Non
1597 1434 1607 1453 ,
1653 1398 1727 1442 sed

343 1472 520 1517 bonam.
566 1471 791 1532 Numquid
822 1471 1012 1529 denique
1050 1468 1239 1513 casulam
1281 1468 1472 1512 malam?
1503 1469 1728 1528 Numquid

346 1542 418 1586 vel
450 1542 632 1600 caligam
653 1541 838 1585 malam?
870 1543 1013 1593 Quare
1045 1540 1233 1582 animam
1265 1538 1400 1583 solam
1423 1538 1608 1583 malam?
1630 1541 1727 1584 Non

345 1613 414 1657 hic
437 1612 545 1657 dixit
580 1611 713 1656 stulto
739 1612 841 1655 huic
876 1626 987 1654 vana
1020 1610 1251 1668 cogitanti,
1289 1610 1441 1654 horrea
1464 1608 1722 1664 aedificanti,

346 1692 390 1727 et
418 1692 590 1728 ventres
623 1696 866 1742 pauperum
898 1696 987 1725 non
1015 1679 1179 1724 videnti
1207 1699 1215 1724 :
1240 1695 1329 1724 non
1360 1679 1421 1723 illi
1457 1681 1515 1724 ait
1542 1700 1550 1724 2
1586 1680 1725 1724 Hodie

345 1755 487 1799 anima
517 1763 590 1798 tua
617 1753 808 1812 rapietur
841 1751 894 1795 ad
930 1752 1175 1809 gehennam
1207 1770 1215 1794 :
1250 1750 1360 1794 nihil
1393 1751 1549 1795 horum
1581 1751 1688 1794 dixit
1714 1770 1724 1796 ε

344 1824 443 1879 sed,
483 1844 503 1867 «
523 1824 752 1883 Repetitur
781 1838 803 1866 a
826 1832 883 1865 te.
913 1841 932 1863 »
963 1823 1061 1866 Non
1083 1820 1163 1863 tibi
1185 1820 1284 1864 dico
1307 1821 1448 1863 anima
1472 1830 1545 1863 tua
1563 1836 1652 1879 quo
1674 1822 1728 1864 sit

344 1896 486 1939 itura:
516 1895 617 1938 hinc
648 1904 794 1937 tamen
821 1893 898 1935 ubi
932 1890 996 1932 illi
1017 1898 1137 1933 tanta
1167 1903 1330 1944 servas,
1363 1889 1466 1934 velis
1498 1889 1629 1944 nolis,
1664 1900 1728 1935 est

346 1964 597 2023 migratura.
628 1965 766 2016 Ecce,
793 1959 950 2013 stulte,
984 1958 1179 2017 cogitasti
1214 1958 1394 2018 implere
1428 1961 1582 2005 horrea
1614 1976 1727 2005 nova

345 2037 534 2096 majora,
569 2034 694 2095 quasi
725 2049 814 2077 non
850 2033 903 2076 sit
940 2029 1165 2091 quidinde
1187 2030 1276 2073 fiat.

404 2110 500 2151 VII.
529 2105 613 2151 Sed
634 2105 815 2150 fortasse
832 2104 903 2147 ille
921 2102 1118 2146 nondum
1136 2101 1220 2146 fuit
1237 2102 1522 2146 Christianus.
1549 2105 1634 2147 Nos
1651 2119 1728 2148 au-

346 2178 544 2232 diamus,
569 2174 746 2231 fratres,
771 2175 928 2234 quibus
960 2172 1236 2217 credentibus
1265 2173 1549 2231 Evangelium
1572 2174 1729 2219 recita-

351 2258 435 2303 tur,
452 2265 474 2292 a
497 2249 657 2308 quibus
671 2248 747 2306 qui
764 2245 837 2289 illa
861 2245 967 2289 dixit
990 2245 1209 2298 adoratur,
1230 2246 1354 2303 cujus
1373 2245 1545 2303 signum
1562 2261 1585 2288 a
1602 2246 1728 2290 nobis

347 2320 392 2362 in
414 2318 557 2363 fronte
571 2326 786 2377 portatur,
805 2326 847 2360 et
871 2316 916 2359 in
933 2316 1062 2360 corde
1085 2315 1286 2359 habetur.
1299 2318 1481 2358 Interest
1498 2316 1611 2359 enim
1630 2316 1729 2375 plu·-

347 2389 504 2432 rimum
520 2389 599 2432 ubi
616 2388 773 2431 habeat
795 2388 925 2430 homo
942 2386 1112 2444 signum
1135 2385 1311 2440 Christi,
1334 2394 1482 2429 utrum
1503 2386 1547 2428 in
1564 2385 1724 2441 fronte,

351 2473 406 2502 an
427 2468 470 2502 et
491 2459 536 2502 in
559 2458 704 2503 fronte
731 2466 774 2502 et
796 2457 841 2501 in
865 2455 1010 2501 corde.
1037 2453 1229 2500 Audistis
1250 2455 1358 2515 quid
1377 2455 1506 2500 hodie
1529 2454 1729 2500 Ezechiel

395 2549 404 2566 ¹
430 2545 506 2577 Luc.
533 2554 592 2586 xu,
612 2554 662 2577 20.
