1898 3178
235 293 373 323 sEnMo
404 295 522 332 Lvn‚
558 294 604 321 IN
635 291 800 322 MATTH.
835 293 902 334 vr,
937 296 991 322 DE
1023 293 1144 323 ORAT.
1181 297 1287 324 nom,
1376 288 1460 326 199

87 349 266 393 tentatio
287 356 370 403 est,
395 345 571 406 quando
591 347 716 391 nobis
739 346 906 392 tollitur
919 383 931 404 ‚
956 347 1074 393 unde
1091 349 1146 394 ab
1163 348 1344 395 aliarum
1359 359 1461 396 ten-

83 420 296 465 tationum
322 415 576 462 vulneribus
608 417 748 462 sanari
770 419 996 476 possimus
1036 418 1134 464 Scio
1166 419 1366 464 nondum
1387 436 1464 466 vos

19 525 21 531 .
83 488 370 534 intellexisse:
406 487 552 532 adeste
580 486 746 542 animo,
778 496 831 531 ut
858 488 1122 547 intelligatis.
1154 492 1291 546 Puta,
1325 499 1466 536 tentat

12 603 20 610 ,
82 559 281 615 avaritia,
300 559 442 604 victus
464 567 527 603 est
543 559 774 619 quisquam
811 559 932 619 (quia
949 568 993 604 et
1012 558 1200 605 luctator
1230 560 1465 622 aliquando

13 616 17 625 ⁴
80 639 123 675 et
142 630 282 675 bonus
307 629 524 689 praeliator
537 628 830 687 vulneratur,)
851 629 898 673 in
916 629 1061 690 aliqua
1081 646 1169 675 una
1195 633 1433 678 tentatione
1451 651 1462 680 ι

0 694 14 764 ,ζ
78 700 181 747 vicit
201 700 423 746 hominem
444 699 620 744 avaritia
635 734 646 754 ‚
672 700 803 744 etiam
820 699 986 745 bonum
998 700 1280 761 luctatorem3
1304 712 1347 748 et
1362 702 1467 748 fecit

79 770 223 815 nescio
245 770 354 830 quid
375 784 568 815 avarum.
597 770 782 815 Transiit
800 769 938 815 libido
952 805 963 826 ‚
988 786 1077 815 non
1091 770 1272 818 adduxit
1298 772 1354 817 ad
1373 783 1467 818 stu-

5 837 13 846 '
78 855 228 898 prum,
254 856 344 885 non
365 840 563 900 pervenit
590 840 646 885 ad
668 839 946 885 adulterium.
988 840 1106 886 Illud
1139 843 1255 887 enim
1288 843 1471 902 quando

77 909 234 966 fuerit,
267 920 311 956 et
339 911 393 956 ab
425 909 639 956 adulterio
664 912 797 956 homo
817 911 1118 971 prohibendus
1140 921 1219 957 est.
1253 912 1337 958 Sed
1357 912 1467 959 vidit

0 987 15 1042 ᾗ
43 1012 47 1015 -
77 981 303 1027 mulierem
321 982 375 1027 ad
408 982 827 1041 concupiscendum,
853 981 1058 1041 cogitavit
1079 981 1246 1043 aliquid
1277 983 1468 1029 delecta-

2 1107 15 1113 1,
75 1053 205 1099 bilius
241 1069 375 1114 quam
414 1052 567 1098 debuit
603 1072 613 1100 :
648 1054 816 1113 accepit
855 1069 1074 1113 pugnam,
1114 1055 1246 1099 etiam
1278 1055 1467 1114 optimus

73 1124 292 1184 praeliator
330 1139 557 1183 percussus
591 1133 681 1170 est:
720 1124 797 1169 sed
830 1139 921 1170 non
953 1125 1196 1181 consensit,
1229 1140 1320 1170 non
1355 1141 1465 1171 con-

0 1204 4 1243 ζ
73 1194 224 1248 sensit,
250 1195 508 1254 repercussit
535 1203 704 1239 motum
733 1194 969 1250 lascivum,
994 1194 1155 1240 doloris
1176 1195 1466 1241 amaritudine

73 1265 320 1322 castigavit,
337 1265 595 1323 repercussit
610 1274 654 1309 et
669 1264 787 1309 vicit.
816 1267 979 1308 Tamen
996 1280 1048 1310 eo
1062 1266 1156 1324 ipso
1177 1267 1297 1326 quod
1319 1266 1464 1327 lapsus

21 1384 25 1394 1
73 1343 165 1379 erat
187 1369 198 1390 ‚
215 1335 350 1378 habet
362 1332 481 1377 unde
494 1334 633 1378 dicat:
657 1352 674 1374 «
688 1334 866 1378 Dimitte
878 1335 1004 1379 nobis
1019 1335 1165 1379 debita
1185 1344 1378 1380 nostra.»
1401 1338 1470 1382 Sic

4 1398 35 1455 ‚⁵
70 1404 124 1449 de
138 1405 302 1449 caeteris
324 1404 529 1449 omnibus
558 1404 893 1460 tentationibus,
918 1403 1097 1450 difficile
1114 1414 1178 1450 est
1198 1415 1249 1450 ut
1276 1422 1367 1452 non
1384 1408 1462 1463 sit,

0 1520 2 1525 ,
71 1476 189 1521 unde
227 1477 446 1521 dicamus:
472 1495 493 1518 «
523 1476 701 1520 Dimitte
719 1476 846 1520 nobis
868 1475 1015 1521 debita
1047 1485 1248 1521 nostra.»
1275 1481 1381 1530 Quae
1402 1487 1466 1523 est

70 1562 172 1606 ergo
190 1546 289 1603 illa,
314 1562 446 1608 quam
478 1547 629 1606 posui,
654 1546 873 1591 horrenda
904 1547 1113 1603 tentatio,
1144 1548 1326 1593 molesta
1341 1583 1352 1604 ‚
1377 1558 1465 1593 tre-

31 1640 33 1651 =
69 1617 250 1672 menda,
277 1619 481 1663 omnibus
498 1618 663 1663 viribus
680 1653 692 1672 ‚
709 1618 830 1662 omni
851 1618 1014 1662 virtute
1049 1618 1252 1663 vitanda?
1280 1634 1381 1679 quae
1402 1628 1467 1664 est

68 1687 173 1733 ista?
209 1687 396 1741 Quando
418 1687 648 1732 nobiscum
671 1688 836 1745 agitur,
881 1695 932 1730 ut
955 1686 1228 1731 vindicemus
1262 1703 1355 1733 nos.
1393 1691 1463 1734 Ira

67 1766 366 1816 exasperatur3
387 1766 432 1801 et
451 1756 626 1800 frendet
641 1757 776 1800 homo
796 1755 1037 1801 vindicari:
1076 1756 1294 1802 horrenda
1314 1766 1460 1803 tenta-

0 1810 33 1879 ,q
67 1827 142 1872 tio.
169 1825 294 1871 Unde
316 1835 573 1886 accepturus
605 1826 723 1870 enim
742 1826 914 1870 veniam
934 1824 1079 1870 fueras
1098 1841 1178 1885 pro
1198 1827 1363 1872 caeteris
1377 1827 1459 1874 de-

0 2244 33 2291 n,
70 2267 93 2292 ³»
125 2250 246 2294 ribus
276 2249 444 2293 nostris.
468 2248 592 2293 »Illo
613 2248 810 2308 perdito,
841 2257 999 2294 cuncta
1032 2250 1302 2295 tenebuntur
1332 2268 1341 2296 :
1367 2265 1463 2296 om-

24 2335 34 2362 :1
69 2320 173 2365 nino
195 2318 306 2364 nihil
326 2319 575 2363 dimittitur.

125 2392 227 2434 XII.
263 2391 386 2434 Hane
412 2388 700 2448 periculosam
730 2389 1018 2434 tentationem
1040 2390 1085 2434 in
1109 2390 1189 2434 ista
1210 2390 1299 2436 vita
1327 2391 1466 2437 sciens

0 2456 36 2500 Ρ(
68 2460 303 2515 Dominus,
331 2460 540 2519 Magister
561 2468 605 2504 et
630 2459 827 2505 Salvator
847 2469 995 2505 noster
1010 2495 1021 2516 ‚
1052 2475 1155 2505 eum
1186 2461 1366 2506 doceret
1388 2477 1467 2507 nos

0 2530 29 2557 1„
69 2530 113 2575 in
128 2531 210 2574 hae
232 2531 426 2575 oratione
447 2545 521 2574 sex
537 2530 606 2575 vel
622 2539 788 2589 septem
809 2532 1043 2590 petitiones
1058 2565 1069 2586 ‚
1099 2530 1270 2575 nullam
1291 2532 1372 2577 sibi
1394 2548 1461 2577 as-

71 2601 251 2659 sumpsit
271 2600 390 2644 unde
405 2609 627 2653 tractaret,
655 2610 840 2659 etquam
866 2601 989 2646 nobis
1012 2601 1313 2646 vehementius
1334 2616 1450 2645 corn>
