1898 3178
372 211 450 248 588
792 220 823 246 s.
861 220 1089 247 AUGUSTINI
1122 221 1300 248 EP1scoP1

371 284 608 328 transitoria
627 292 741 327 sunt.
761 283 944 326 Marthae
967 292 1109 327 autem
1127 284 1233 344 quid
1250 284 1307 328 ait
1324 283 1557 327 Dominus?
1575 303 1595 324 «
1612 285 1746 329 Maria

368 353 634 398 »meliorem
672 362 839 411 partem
873 351 1017 411 elegit.
1051 356 1083 393 »'
1114 356 1211 399 Non
1251 363 1298 397 tu
1333 352 1519 407 malam,
1569 352 1643 397 sed
1676 353 1748 398 illa

365 423 603 467 meliorem.
631 421 746 465 Audi
768 421 887 465 unde
905 421 1127 466 meliorem
1147 442 1156 468 t
1180 442 1199 465 «
1221 426 1328 477 Quae
1346 438 1435 467 non
1457 424 1680 468 auferetur
1694 425 1748 467 ab

371 512 388 534 »
414 495 497 536 αι’.
521 513 536 532 »
557 496 592 535 Α
613 501 652 535 te
667 490 888 535 auferetur
908 492 1141 551 aliquando
1160 509 1268 537 onus
1286 493 1567 537 necessitatis:
1587 502 1749 537 aeterna

365 572 427 607 est
449 562 636 606 dulcedo
666 562 869 607 veritatis.
910 566 1006 607 Non
1040 563 1261 608 auferetur
1286 564 1340 608 ab
1373 579 1421 608 ea
1456 564 1576 624 quod
1598 564 1744 623 elegit.

364 636 461 678 Non
485 631 695 687 aufertur,
722 633 798 677 sed
819 642 964 678 tamen
984 643 1180 693 augetur.
1217 637 1268 677 In
1290 634 1370 677 hac
1395 642 1540 678 autem
1557 634 1647 679 vita
1668 649 1749 679 au-

366 712 506 762 getur,
529 704 574 747 in
595 702 677 747 alia
698 704 785 747 vita
807 704 1070 762 perficietur,
1095 719 1324 764 nunquam
1341 703 1582 748 auferetur.

425 776 499 817 Vl.
524 775 742 818 Caeterum
768 784 814 817 tu
832 808 842 828 ,
877 775 1071 829 Martha,
1100 789 1205 832 pace
1227 783 1302 818 tua
1334 773 1538 829 dixerim,
1563 774 1610 817 in
1630 773 1748 819 bono

364 844 601 888 ministerio
616 843 859 898 benedicta,
875 859 955 902 pro
968 845 1048 888 isto
1062 844 1211 888 labore
1226 853 1302 888 tuo
1314 843 1559 888 mercedem
1575 845 1747 903 quaeris,

365 914 571 973 quietem.
603 913 736 959 Modo
771 923 981 972 occupata
1013 929 1055 957 cs
1076 914 1186 958 circa
1210 914 1399 958 multum
1430 913 1716 958 ministerium
1736 949 1748 969 ,

365 998 539 1041 pascere
557 983 619 1027 vis
642 982 839 1027 mortalia
860 998 1064 1041 corpora,
1096 983 1197 1027 licet
1219 993 1467 1027 sauctorum
1496 1002 1504 1027 ε
1529 982 1748 1043 numquid

364 1069 464 1096 cum
487 1054 653 1096 veneris
676 1052 729 1097 ad
747 1053 865 1096 illam
882 1054 1084 1112 patriam,
1102 1054 1293 1098 invenies
1312 1055 1605 1113 peregrinum,
1621 1069 1752 1114 quem

367 1125 568 1184 suscipias
589 1125 807 1184 hospitio?
830 1126 1021 1170 invenies
1043 1128 1301 1171 esurientem
1317 1162 1327 1181 ,
1359 1128 1429 1171 cui
1450 1142 1609 1186 panem
1630 1126 1752 1171 fran-

368 1197 466 1252 gas?
489 1195 702 1238 sitientem
717 1230 727 1249 ,
751 1196 819 1239 cui
840 1204 990 1253 potum
1010 1197 1226 1254 porrigas?
1239 1210 1401 1254 aegrum
1414 1231 1424 1251 ,
1442 1211 1573 1256 quem
1585 1196 1753 1241 visites?

367 1265 632 1322 litigantem,
667 1280 798 1324 quem
830 1265 1098 1310 concordes?
1128 1276 1373 1320 mortuum,
1396 1282 1528 1326 quem
1547 1266 1755 1326 sepelias?

368 1335 522 1378 Omnia
546 1335 623 1378 ista
652 1335 713 1378 ibi
737 1350 827 1378 non
849 1344 977 1379 erunt
999 1355 1007 1379 :
1028 1335 1104 1379 sed
1125 1335 1231 1395 quid
1260 1336 1321 1379 ibi
1344 1337 1451 1379 erit?
1469 1335 1598 1388 Quod
1619 1337 1754 1381 Maria

368 1405 497 1462 elegit
524 1421 532 1446 :
559 1406 620 1448 ibi
644 1421 888 1464 pascemur,
928 1421 1017 1450 non
1050 1421 1289 1464 pascemus.
1323 1406 1427 1449 Ideo
1458 1406 1542 1450 hoc
1579 1405 1640 1448 ibi
1674 1407 1755 1451 erit

369 1475 548 1533 plenum
577 1484 708 1534 atque
736 1476 978 1533 perfectum
994 1510 1005 1529 ,
1031 1474 1151 1534 quod
1174 1475 1244 1518 hic
1267 1474 1397 1532 elegit
1423 1475 1557 1518 Maria
1577 1494 1586 1520 ι
1606 1474 1661 1519 de
1681 1475 1754 1520 illa

369 1559 515 1588 mensa
539 1544 769 1602 opulenta,
796 1544 850 1587 de
867 1544 1003 1588 verbo
1025 1545 1197 1588 Domini
1218 1545 1348 1588 micas
1371 1543 1617 1603 colligebat.
1644 1548 1753 1591 Nam

370 1614 500 1658 vultis
532 1629 654 1658 nosse
677 1614 783 1673 quid
813 1614 874 1656 ibi
904 1615 1010 1657 erit?
1041 1615 1251 1658 Dominus
1282 1615 1373 1673 ipse
1402 1614 1506 1658 dicit
1534 1614 1588 1659 de
1623 1616 1753 1660 servis

368 1684 452 1727 suis
479 1703 487 1728 ε
518 1703 536 1724 «
565 1688 701 1727 Amen
726 1683 823 1726 dico
846 1684 969 1728 vobis
988 1718 998 1738 ,
1032 1684 1134 1743 quia
1158 1682 1284 1728 faciet
1307 1699 1378 1728 eos
1408 1684 1685 1740 recumbere,
1711 1694 1754 1729 et

373 1773 392 1794 »
419 1754 638 1804 transibit,
672 1763 713 1797 et
737 1754 999 1797 ministrabit
1029 1753 1155 1797 illis‘2.
1187 1772 1205 1794 »
1231 1753 1502 1797 Recumbere
1525 1755 1632 1814 quid
1660 1764 1750 1810 est,

370 1824 450 1867 nisi
471 1825 654 1867 vacare?
682 1824 955 1867 Recumbere
977 1823 1085 1882 quid
1102 1833 1185 1878 est,
1220 1824 1300 1867 nisi
1324 1824 1619 1882 requiescere?
1642 1825 1753 1877 Quid

371 1903 461 1937 cst:
497 1913 515 1934 «
543 1893 759 1937 Transibit
793 1902 835 1936 et
868 1894 1130 1937 ministrabit
1157 1893 1273 1937 illis?
1299 1911 1317 1934 »
1345 1894 1468 1937 Prius
1502 1895 1674 1949 transit,
1711 1904 1754 1939 et

371 1965 429 2007 sic
450 1963 676 2006 ministrat.
704 1962 785 2006 Sed
810 1962 911 2006 ubi?
932 1965 983 2005 In
1015 1962 1089 2006 illo
1121 1963 1319 2006 convivio
1349 1978 1561 2021 superno,
1587 1963 1642 2007 de
1663 1979 1753 2024 quo

371 2034 474 2078 dicit
500 2053 507 2078 :
539 2052 557 2074 «
585 2036 723 2077 Amen
747 2032 845 2076 dico
863 2032 983 2076 vobis
1003 2068 1012 2086 ,
1038 2033 1166 2076 multi
1185 2033 1240 2076 ab
1255 2034 1431 2077 Oriente
1453 2042 1494 2077 et
1515 2034 1753 2080 Occidente

376 2122 393 2143 »
421 2104 622 2157 venient,
648 2112 690 2145 ct
715 2102 968 2146 recumbent
986 2118 1087 2145 cum
1110 2103 1326 2146 Abraham
1342 2138 1353 2157 ,
1374 2112 1416 2147 et
1440 2106 1556 2148 Isaac
1575 2138 1585 2158 ,
1611 2113 1654 2148 et
1677 2107 1752 2149 Ja—

377 2192 394 2213 »
420 2174 502 2217 cob
518 2174 563 2217 in
582 2188 713 2230 regno
733 2172 946 2216 coelorum
962 2174 994 2215 ’0.
1022 2191 1040 2213 »
1066 2173 1133 2216 Ibi
1152 2173 1358 2217 Dominus
1377 2175 1524 2232 pascit,
1546 2174 1619 2218 sed
1635 2175 1753 2234 prius

375 2245 473 2287 hinc
498 2243 661 2287 transit.
682 2245 790 2287 Nam
807 2252 855 2286 ut
878 2243 1104 2297 noveritis,
1133 2244 1291 2287 Pascha
1315 2245 1515 2312 tramsitus
1538 2246 1752 2304 interpre-

375 2322 504 2356 tatur.
535 2313 663 2356 Venit
694 2312 923 2366 Dominus,
956 2311 1059 2356 fecit
1090 2313 1263 2367 divina,
1295 2329 1440 2372 passus
1463 2323 1524 2357 est
1543 2315 1749 2359 humana.

371 2382 594 2441 Numquid
613 2381 756 2425 adhuc
770 2382 1050 2440 conspuitur?
1067 2382 1282 2441 numquid
1296 2382 1439 2427 adhuc
1457 2383 1752 2442 expalmatur?

377 2451 589 2510 numquid
610 2451 752 2496 adhuc
770 2451 902 2510 spinis
923 2453 1417 2512 coronatur?numquid*
1435 2452 1577 2497 adhuc
1600 2453 1750 2511 flagel-

425 2538 432 2553 ¹
454 2537 527 2567 Luc.
550 2548 581 2575 x,
597 2536 629 2576 4.
653 2553 691 2558 —-
713 2537 960 2578 21d.1‚37.—
982 2535 994 2559 3
1014 2537 1130 2567 Matth.
1158 2548 1225 2575 vm,
1251 2549 1299 2568 ιι.

1851 3055 1865 3178 ΕΤ”“

1866 282 1898 323 lan

1866 348 1898 392 vul

1866 436 1898 481 <lul

1868 490 1896 550 gel

1868 583 1875 604 υ
1889 562 1898 604 h

1867 648 1898 678 no:

1870 1108 1898 1150 ΗΜ
