1898 3178
404 231 541 257 senMo
571 231 701 267 cvrrr,
737 231 790 257 DE
822 229 966 259 vannis
999 232 1090 257 Luc.
1127 232 1205 257 xri.
1411 219 1493 257 599

124 311 219 341 sum
253 303 399 339 autem
433 295 509 338 diu
534 296 678 339 vivere
704 296 811 355 quid
841 306 925 351 est,
952 297 1032 341 nisi
1068 296 1122 341 ad
1144 298 1274 340 finem
1297 299 1500 341 currere?

126 366 324 410 Habuisti
339 366 591 409 hesternum
613 365 726 409 diem
743 401 754 420 ,
780 367 941 411 habere
967 368 1029 412 vis
1050 376 1093 411 et
1114 367 1350 412 crastinum
1369 367 1500 413 diem.

126 436 210 482 Sed
234 451 333 480 cum
362 436 441 479 iste
468 436 684 480 transierit
705 446 748 480 et
770 438 1001 492 crastinus,
1033 437 1176 482 minus
1203 436 1327 481 illum
1349 438 1498 482 habes.

125 505 230 551 Ideo
251 515 373 566 optas
387 514 436 549 ut
451 505 640 549 lucescat
662 505 767 561 dies,
789 516 838 551 ut
855 508 1117 567 propinquet
1135 508 1213 553 tibi
1235 525 1324 569 quo
1349 518 1396 554 tu
1414 524 1502 552 non

121 578 183 620 vis
204 576 443 635 pervenire.
470 575 657 619 Exhibes
674 575 863 636 aliquam
885 576 1202 621 solemnitatem
1226 579 1371 623 amicis
1390 579 1497 632 tuiS‚

122 647 245 691 audis
266 646 328 690 ibi
350 661 372 689 a
396 646 507 690 bene
530 647 783 705 optantibus
806 647 890 692 dici
911 647 992 692 tibi
1008 668 1016 693 :
1032 648 1193 693 Multos
1209 665 1343 694 annos
1359 649 1500 694 vivas:

122 718 185 762 vis
200 725 250 761 ut
270 717 416 762 veniat
438 715 559 776 quod
579 715 641 760 illi
664 716 878 761 dixerunt.
899 718 1016 770 Quid
1033 720 1051 762 Ρ
1069 721 1125 762 Ut
1146 720 1322 764 veniant
1339 720 1439 764 anni
1461 727 1504 763 et

123 788 247 841 anni,
274 795 316 831 et
333 801 422 830 non
443 786 505 830 vis
523 786 669 830 veniat
685 786 782 830 finis
806 789 1048 831 annorum?
1072 788 1222 833 Studia
1240 799 1314 834 tua
1335 798 1504 834 contra-

123 858 184 902 ria
200 866 302 901 sunt
324 876 332 901 :
353 856 578 901 ambulare
595 857 657 901 vis
674 892 684 911 ,
709 866 752 901 et
769 858 994 917 pervenire
1015 874 1104 903 non
1119 860 1195 904 vis.

183 930 258 972 IV.
285 929 619 981 Verumtamen,
644 936 694 971 ut
722 928 832 982 dixi,
855 929 889 972 si
916 937 1037 973 tanta
1063 944 1166 973 cura
1184 931 1295 973 inest
1315 930 1504 974 homini-

122 999 203 1043 bus
220 1034 230 1054 ‚
250 1008 301 1043 ut
328 997 590 1057 quotidianis
607 1033 618 1052 ,
651 1000 817 1057 maguis
846 1000 1154 1060 perpetuisque
1179 1000 1402 1045 laboribus
1425 1016 1502 1045 cu·

122 1071 244 1129 piant
261 1104 272 1124 ‚
306 1078 355 1113 ut
378 1068 541 1113 tardius
564 1070 806 1113 moriantur
826 1089 835 1114 ι
861 1079 1024 1129 quanta
1045 1086 1148 1115 cura
1170 1072 1388 1130 agendum
1412 1081 1501 1126 est,

121 1149 171 1185 ut
195 1154 421 1199 nunquam
445 1140 719 1183 moriantur?
743 1140 849 1184 Inde
884 1155 1012 1185 nemo
1040 1141 1135 1185 vult
1156 1141 1359 1198 cogitare.
1385 1146 1503 1195 Quo-

120 1212 226 1257 tidie
257 1221 516 1272 quaeruntur
538 1211 582 1254 in
611 1212 693 1255 isto
716 1211 875 1256 saeculo
897 1211 986 1256 dies
1008 1213 1112 1256 boni
1127 1247 1137 1267 ,
1167 1213 1245 1256 ubi
1268 1228 1356 1257 non
1378 1214 1501 1257 inve-

120 1283 302 1326 niuntur
331 1301 339 1326 :
361 1290 404 1325 et
425 1296 554 1325 nemo
583 1280 678 1326 vult
699 1282 758 1326 sic
782 1282 926 1326 vivere
945 1317 956 1336 ,
992 1291 1040 1326 ut
1062 1282 1165 1327 illuc
1188 1284 1410 1342 perveniat
1426 1284 1503 1327 ubi

119 1352 420 1397 inveniuntur.
459 1352 563 1395 Ideo
606 1350 812 1396 admonet
845 1352 996 1396 eadem
1034 1353 1253 1411 Scriptura
1286 1363 1329 1398 et
1364 1354 1469 1398 dicit
1491 1374 1500 1398 :

124 1441 144 1463 «
179 1422 283 1474 Quis
305 1430 368 1464 est
390 1421 521 1464 homo
544 1421 619 1479 qui
644 1420 737 1464 vult
753 1421 904 1476 vitam,
925 1431 968 1465 et
984 1422 1124 1481 diligit
1142 1424 1291 1467 videre
1315 1423 1405 1468 dies
1428 1424 1502 1468 bo-

123 1511 143 1533 »
180 1494 316 1536 nosl?
347 1510 366 1532 n
399 1491 467 1535 Sic
500 1491 781 1549 interrogavit
810 1492 1052 1551 Scriptura,
1078 1503 1128 1537 ut
1150 1494 1277 1538 sciret
1312 1493 1419 1554 quid
1440 1493 1502 1537 illi

123 1562 460 1623 responderetur
480 1581 489 1606 ε
515 1562 652 1606 sciens
690 1562 810 1622 quod
837 1579 986 1607 omnes
1007 1565 1204 1609 homines
1225 1566 1357 1609 vitam
1379 1581 1501 1625 quae-

121 1644 282 1690 rerent,
303 1644 345 1678 et
367 1633 457 1677 dies
478 1634 630 1692 bono-s.
651 1637 732 1677 Pro
754 1633 967 1678 desiderio
987 1635 1179 1693 ipsorum
1202 1636 1498 1695 interrogavit,

121 1715 330 1764 tanquam
351 1704 433 1747 sibi
453 1703 507 1746 de
530 1704 726 1747 omnium
749 1703 879 1747 corde
902 1705 1362 1764 respondereturzEgo
1377 1705 1498 1750 volo:

120 1777 179 1820 sic
201 1775 308 1818 dixit
336 1794 343 1818 :
375 1792 395 1815 (a.
421 1774 526 1826 Quis
551 1782 614 1816 est
646 1774 775 1817 homo
809 1774 885 1833 qui
907 1773 1001 1818 vult
1024 1778 1180 1829 vitam,
1207 1783 1250 1818 et
1277 1773 1418 1834 diligit
1437 1776 1502 1820 vi-

123 1863 144 1887 »
179 1844 282 1888 dere
314 1845 405 1886 dies
438 1845 610 1885 honos?
634 1862 653 1884 »
683 1843 1060 1894 Quemadmodum
1090 1846 1221 1889 etiam
1254 1846 1334 1890 ista
1367 1847 1498 1900 hora,

121 1931 207 1977 qua
241 1914 363 1959 vobis
390 1913 547 1972 loquor
565 1948 575 1964 ,
609 1928 709 1956 cum
741 1912 917 1957 audistis
942 1931 1009 1957 me
1038 1915 1222 1959 dixisse:
1252 1936 1271 1956 «
1296 1917 1401 1968 Quis
1437 1927 1500 1960 est

125 2004 146 2027 »
181 1986 326 2029 homo*
346 1984 422 2043 qui
443 1982 539 2026 vult
571 1982 726 2036 vitam,
760 1991 803 2026 et
824 1981 966 2041 diligit
998 1982 1146 2027 videre
1167 1983 1257 2028 dies
1286 1985 1455 2029 bonos?
1477 2004 1496 2026 »

123 2057 283 2100 Omnes
300 2053 575 2113 respondistis
598 2053 642 2096 in
665 2053 795 2096 corde
809 2062 978 2097 vestro:
997 2055 1103 2111 Ego.
1129 2055 1238 2099 Nam
1260 2062 1304 2097 et
1324 2068 1402 2112 ego
1423 2056 1499 2115 qui

123 2127 349 2172 vobiscum
367 2124 540 2184 loquor,
565 2124 698 2168 vitam
715 2123 815 2168 volo
836 2132 878 2167 et
895 2123 985 2168 dies
1008 2124 1144 2168 bonos
1167 2143 1175 2169 :
1201 2124 1321 2184 quod
1343 2126 1501 2184 quaeri-

123 2198 176 2242 tis
199 2212 273 2242 vos
291 2231 302 2252 ‚
328 2197 410 2240 hoc
433 2210 582 2254 quaero
604 2204 646 2238 et
663 2210 769 2253 ego.-

182 2270 235 2312 V.
248 2266 478 2321 Quomodo
499 2267 532 2310 si
546 2281 699 2310 aurum
718 2266 840 2310 nobis
854 2265 1056 2310 omnibus
1069 2275 1178 2310 esset
1195 2269 1498 2323 necessarium,

123 2348 167 2383 et
188 2353 268 2398 ego
290 2338 345 2383 ad
367 2353 521 2382 aurum
545 2352 631 2381 una
652 2338 875 2381 vobiscum
893 2337 1114 2396 pervenire
1137 2337 1303 2392 volens,
1325 2348 1367 2382 et
1390 2348 1499 2384 esset

124 2408 285 2453 alicubi
306 2409 350 2452 in
374 2423 476 2466 agro
499 2416 639 2451 vestro
656 2442 666 2462 ‚
696 2407 742 2450 in
774 2407 870 2451 loco
891 2416 1043 2451 vestrae
1071 2408 1270 2466 potestati
1292 2408 1467 2453 subdito
1483 2444 1494 2464 ,

123 2488 167 2523 et
179 2478 369 2524 vider‘em
390 2493 466 2523 vos
487 2486 730 2539 quaerentes
750 2493 921 2533 aurum,
941 2487 983 2522 et
1004 2477 1191 2522 dicerem
1205 2479 1326 2524 vobis
1349 2498 1357 2524 :
1382 2480 1497 2533 Quid

192 2563 286 2594 ’PsaL
304 2574 419 2600 xxxin,
446 2573 457 2594 1
467 2563 495 2593 3.
