1898 3178
393 217 476 256 576
822 228 854 253 s.
893 225 1120 255 Aucus‘rrm
1154 228 1333 255 Erlseom

391 289 709 335 commutabilis
731 293 856 334 Pater
872 324 884 345 ‚
908 291 1275 336 incommutabilis
1298 291 1454 346 Filius,
1479 292 1768 337 incommuta-

390 361 488 405 bilis
512 362 692 421 Spiritus
713 370 901 405 sanctus.
927 364 1106 407 Creator
1125 372 1167 407 et
1191 366 1338 417 Pater,
1364 372 1408 406 et
1430 361 1586 417 Filius,
1613 371 1656 406 et
1678 362 1770 422 Spi-

389 433 496 476 ritus
516 440 702 476 sanctus·
729 434 879 477 Pastor
895 441 938 476 et
960 434 1059 477 vitae
1077 433 1221 488 dator,
1247 443 1290 478 et
1308 437 1434 478 Pater
1450 467 1461 488 ‚
1486 441 1529 477 et
1550 432 1702 488 Filius,
1727 441 1771 476 et

388 502 570 561 Spiritus
591 510 777 546 sanctus,
797 503 931 549 Cibus
953 512 996 548 et
1018 505 1138 563 panis
1153 513 1342 549 aeternus
1357 538 1369 560 ,
1394 513 1438 548 et
1457 507 1585 551 Pater
1601 537 1612 558 ,
1634 511 1678 547 et
1695 503 1771 546 Fi-

388 572 471 616 lius
486 607 496 627 ,
517 581 559 616 et
579 573 759 632 Spiritus
782 583 972 619 sanctus.
1000 575 1121 619 Disce
1138 609 1149 630 ‚
1175 584 1218 619 et
1249 575 1358 619 doce
1379 594 1390 631 ς
1413 573 1510 619 vive
1525 608 1536 628 ‚
1562 582 1605 618 et
1625 588 1767 632 pasce.

388 645 502 687 Deus
524 643 599 702 qui
627 643 707 687 tibi
728 642 825 698 dat,
843 644 953 688 nihil
975 644 1128 688 melius
1149 659 1280 704 quam
1307 658 1352 688 se
1378 643 1458 687 tibi
1480 642 1569 687 dat.
1603 645 1742 687 Avare
1758 677 1769 697 ‚

389 712 497 773 quid
518 712 637 757 aliud
668 714 925 773 quaerebas?
945 716 1035 758 Aut
1051 715 1086 759 si
1112 714 1230 759 aliud
1255 723 1393 773 petas,
1419 713 1527 773 quid
1548 712 1627 757 tibi
1649 712 1772 757 suffi-

388 783 470 839 cit,
492 784 562 828 cui
582 786 695 828 Deus
717 799 806 829 non
828 784 1018 829 sufficit?

447 855 500 897 V.
530 853 615 899 Sed
633 869 742 913 opus
763 864 827 899 est
848 863 898 899 ut
928 855 1088 899 habeas
1125 854 1400 908 charitatem,
1425 853 1585 898 habeas
1616 853 1771 909 fidem,

388 923 546 967 habeas
567 938 688 983 spem
711 943 720 969 ε
741 933 790 968 ut
812 925 944 983 possit
958 923 1039 967 tibi
1060 922 1190 967 dulce
1206 937 1296 967 esse
1311 922 1432 983 quod
1446 922 1590 967 datur.
1607 925 1664 967 Et
1680 923 1774 967 haec

387 994 478 1052 ipsa
498 995 578 1038 tria
596 1003 714 1050 sunt,
735 994 842 1039 fides
857 1030 868 1050 ,
892 1010 1010 1054 spes,
1036 995 1234 1038 charitas,
1261 997 1317 1038 Et
1338 994 1432 1038 haec
1453 995 1545 1052 ipsa
1566 993 1681 1038 dona
1699 994 1776 1037 Dei

388 1073 506 1108 sunt.
528 1067 636 1110 Nam
656 1064 789 1109 fidem
807 1066 862 1109 ab
884 1065 976 1125 ipso
999 1066 1267 1124 accepimus:
1289 1083 1310 1106 «
1331 1065 1450 1110 Sicut
1468 1067 1593 1119 Deus,
1614 1063 1773 1124 inquit,

389 1152 410 1176 »
446 1135 690 1194 uniquique
714 1135 899 1193 partitus
929 1144 992 1180 est
1016 1149 1261 1179 mensuram
1282 1133 1385 1178 fidei
1402 1136 1432 1177 1.
1457 1152 1477 1175 »
1497 1136 1554 1178 Et
1576 1148 1696 1193 spem
1721 1134 1776 1177 ab

387 1204 481 1263 ipso
497 1204 757 1263 accepimus,
774 1204 845 1249 cui
859 1204 1018 1249 dicitur
1035 1223 1044 1249 ι
1064 1224 1085 1246 «
1107 1208 1158 1249 In
1175 1220 1263 1265 quo
1280 1219 1401 1264 spem
1415 1203 1578 1248 dedisti
1594 1203 1772 1248 mihi2.»

388 1276 446 1318 Et
465 1274 722 1318 charitatem
743 1274 798 1318 ab
819 1275 912 1334 ipso
934 1275 1179 1334 accepimus
1194 1309 1205 1330 ‚
1226 1274 1280 1319 de
1297 1290 1385 1334 quo
1403 1273 1564 1318 dicitur
1588 1290 1599 1317 .·
1621 1292 1643 1316 «
1661 1273 1775 1319 Cha-

389 1362 411 1386 »
447 1345 548 1389 ritas
579 1345 657 1389 Dei
679 1344 839 1390 diffusa
861 1354 925 1390 est
957 1346 1004 1390 in
1041 1345 1246 1390 cordibus
1268 1346 1423 1390 nostris
1455 1360 1532 1404 per
1567 1345 1777 1404 Spiritum

388 1432 411 1456 »
442 1423 640 1459 sanctum
657 1449 668 1469 ‚
698 1415 776 1473 qui
812 1415 940 1459 datus
962 1424 1026 1459 est
1046 1416 1218 1460 nobis³.
1243 1433 1262 1456 »
1293 1416 1378 1459 Sed
1398 1416 1492 1459 haec
1522 1413 1673 1458 itidem
1695 1415 1777 1458 tria

387 1484 712 1543 aliquantulum
727 1492 830 1528 sunt
843 1485 1011 1528 diversa
1026 1505 1036 1541 3
1056 1484 1132 1528 sed
1146 1484 1292 1528 omnia
1309 1485 1386 1528 Dei
1405 1483 1534 1528 dona.
1557 1502 1577 1525 «
1596 1487 1779 1529 Manent

388 1571 410 1596 »
447 1554 563 1598 enim
599 1554 680 1598 tria
719 1554 812 1597 haec
830 1588 841 1609 ‚
878 1554 1009 1609 fides,
1049 1569 1165 1613 spes,
1204 1554 1387 1598 charitas
1421 1573 1429 1599 :
1464 1555 1598 1614 major
1629 1563 1774 1598 autem

391 1645 410 1668 »
446 1626 606 1669 horum
629 1624 814 1669 charitas
828 1625 860 1667 4.
891 1642 910 1665 »
936 1627 987 1668 In
1012 1624 1094 1668 illis
1116 1624 1303 1683 panibus
1325 1640 1415 1669 non
1435 1634 1498 1669 est
1529 1624 1671 1670 dictus
1692 1625 1773 1669 ali-

386 1695 483 1754 quis
501 1694 622 1754 panis
648 1693 784 1753 major
806 1693 897 1738 aliis
922 1712 930 1738 :
957 1693 1033 1738 sed
1056 1693 1307 1753 simpliciter
1329 1695 1476 1753 petiti,
1501 1703 1544 1739 et
1575 1694 1667 1739 dati
1687 1703 1772 1739 tres

386 1779 534 1824 panes.

445 1838 523 1879 VI.
546 1836 660 1879 Ecce
682 1833 764 1877 alia
785 1834 867 1878 tria
891 1852 899 1877 :
930 1852 950 1875 «
976 1834 1082 1886 Quis
1104 1842 1167 1879 est
1192 1842 1381 1877 vestrum
1402 1867 1413 1888 ‚
1438 1850 1462 1877 a
1478 1849 1567 1892 quo
1595 1835 1704 1893 petit
1727 1836 1772 1878 fi-

388 1924 409 1948 »
444 1905 526 1949 lius
543 1921 645 1950 suus
679 1920 857 1964 panem,
893 1905 1112 1965 numquid
1147 1905 1337 1964 lapidem
1356 1906 1547 1964 porriget
1580 1907 1652 1949 ei?
1684 1910 1773 1951 Aut

390 1994 411 2018 ,υ
446 1977 541 2036 quis
569 1985 632 2020 est
653 1984 846 2020 vestrum
867 2010 877 2029 ‚
914 1991 937 2019 a
958 1991 1047 2034 quo
1075 1976 1185 2034 petit
1214 1976 1400 2034 piscem,
1432 1975 1649 2036 numquid
1681 1992 1772 2020 ser—

390 2065 411 2089 »
446 2055 622 2106 pentem
643 2047 834 2105 porriget
853 2045 920 2089 ei?
951 2048 1040 2089 Aut
1062 2062 1085 2089 a
1108 2061 1197 2105 quo
1225 2047 1333 2105 petit
1359 2062 1486 2091 ovum
1507 2082 1518 2102 ‚
1556 2047 1773 2107 numquid

393 2136 411 2159 n
448 2117 640 2176 porriget
667 2117 705 2160 ei
742 2116 1042 2175 scorpionem?
1064 2117 1106 2161 Si
1128 2130 1229 2173 ergo
1258 2131 1334 2161 vos
1350 2151 1361 2172 ,
1402 2132 1501 2160 cum
1524 2118 1612 2162 sitis
1637 2117 1768 2172 mali,

390 2206 411 2229 »
447 2188 581 2232 nostis
603 2187 719 2231 bona
740 2187 841 2230 data
860 2185 962 2230 dare
983 2185 1079 2230 filiis
1100 2186 1250 2230 vestris
1266 2221 1277 2241 ‚
1303 2196 1468 2246 quanto
1490 2188 1624 2245 magis
1647 2190 1773 2231 Pater

393 2277 412 2299 »
447 2267 587 2303 vester
609 2258 686 2317 qui
717 2258 761 2301 in
789 2255 909 2301 coelis
943 2266 1006 2300 est
1039 2255 1161 2300 dabit
1192 2257 1307 2301 bona
1338 2257 1588 2316 petentibus
1624 2260 1727 2301 se5?
1746 2275 1766 2298 »

391 2328 490 2371 Tria
507 2342 609 2386 ergo
631 2342 778 2370 rursus
801 2327 880 2371 ista
899 2324 1221 2370 consideremus
1237 2360 1248 2380 ‚
1284 2340 1337 2370 ne
1366 2325 1478 2370 forte
1501 2327 1562 2369 ibi
1589 2327 1672 2369 sint
1698 2326 1771 2370 illa

391 2397 471 2441 tria
488 2432 498 2452 ,
523 2396 630 2441 fides
648 2431 659 2452 ‚
679 2411 773 2455 spes
789 2430 799 2450 ,
824 2395 1008 2440 charitas
1033 2413 1042 2439 ε
1068 2396 1202 2454 major
1225 2404 1370 2439 autem
1392 2396 1548 2440 horum
1571 2396 1767 2440 charitas.

438 2496 451 2515 ¹
469 2496 559 2527 Rom.
581 2505 638 2534 ιιι,
659 2493 689 2526 3.
709 2509 748 2516 -
769 2499 782 2516 ²
799 2493 878 2526 Psal.
899 2502 1011 2533 cxviii,
1031 2491 1132 2534 49.—
1152 2491 1164 2515 3
1184 2495 1276 2526 Rom.
1292 2503 1324 2534 v,
1345 2493 1376 2525 5.
1402 2510 1438 2516 -
1463 2492 1479 2522 4
1496 2501 1515 2525 2
1532 2495 1604 2526 Cor.
1626 2504 1696 2534 xm,
1717 2494 1767 2526 13.
1830 2533 1833 2540 Ι

394 2564 435 2572 -
453 2547 468 2572 5
489 2551 565 2582 Luc.
586 2560 631 2590 xi,
658 2548 774 2581 11-13.
