1898 3178
362 225 415 264 48
795 239 827 263 s.
864 234 1093 263 mausum
1127 234 1307 263 Emscori

357 318 434 361 per
456 302 596 346 bonus
615 302 735 347 fuisti
750 336 761 356 ,
787 301 945 346 habeto
960 300 1299 346 misericordiam
1323 318 1331 344 2
1352 300 1385 344 si
1403 297 1638 359 aliquando
1651 313 1742 342 ma-

356 371 423 416 lus
460 373 604 428 fuisti,
640 372 730 416 noli
759 370 939 431 perdere
972 373 1239 416 memoriam.
1264 374 1322 416 Et
1354 370 1451 430 quis
1484 379 1548 414 est
1574 383 1743 428 semper

356 443 530 487 bonus?
552 442 758 496 FaciliuS‚
783 443 817 486 si
836 451 878 486 te
901 445 1016 486 Deus
1048 441 1278 501 diligenter
1301 440 1525 495 discutiat,
1554 438 1745 483 inveniet

355 522 398 556 te
412 513 542 558 etiam
554 528 671 556 nunc
688 511 870 567 malum,
887 528 1019 572 quam
1036 522 1086 557 tu
1100 503 1142 557 te
1154 526 1323 570 semper
1344 511 1525 555 bonurn.
1542 512 1658 567 Ergo
1674 518 1744 554 to-

353 582 532 628 leranda
561 593 664 628 sunt
692 583 852 628 zizania
883 584 977 628 haec
1010 585 1123 628 inter
1158 582 1452 635 frumentum,
1489 580 1597 624 hirci
1632 580 1745 623 inter

355 654 528 708 arietes,
561 653 685 697 hoedi
707 653 819 698 inter
840 669 954 699 oves.
987 653 1105 708 Quid
1126 662 1273 697 autem
1304 651 1377 694 ille
1412 650 1466 694 de
1495 648 1747 693 frumento?

359 741 378 765 «
415 726 467 767 In
488 733 684 783 tempore
703 758 713 779 ‚
737 723 881 784 inquit
897 759 907 779 ‚
930 723 1096 778 messis,
1130 723 1272 767 dicam
1297 720 1560 765 messoribus
1579 739 1586 764 :
1607 718 1746 764 Colli-

358 810 378 834 »
416 793 502 851 gite
519 795 710 853 primum
726 794 904 849 zizania,
925 802 968 837 et
985 792 1158 851 alligate
1174 792 1220 836 in
1239 790 1467 835 fasciculos
1485 788 1541 833 ad
1563 789 1748 834 combu-

357 880 378 903 »
416 863 603 908 rendum
631 880 681 908 ea
698 900 708 920 ‚
744 864 937 910 triticum
968 872 1114 907 autem
1136 877 1284 906 meum
1319 859 1542 906 recondite
1568 859 1615 904 in
1641 860 1747 903 hor-

358 951 378 973 »
415 949 503 979 reo.
546 954 564 975 »
610 935 804 979 Transiet
847 949 950 993 ergo
989 934 1079 993 agri
1120 932 1340 977 concretio
1357 966 1369 986 ,
1409 931 1555 976 veniet
1600 930 1749 974 messis

355 1003 574 1049 discretio.
611 1005 755 1064 Exigit
789 1003 844 1048 de
886 1005 1012 1049 nobis
1053 1003 1185 1048 modo
1216 1002 1428 1047 Dominus
1466 999 1721 1060 patientiam
1735 1033 1746 1053 ‚

355 1089 489 1133 quam
510 1075 716 1133 proponit
741 1075 786 1117 in
807 1089 873 1128 se,
898 1074 1044 1118 dicens
1074 1074 1154 1117 tibi
1168 1106 1180 1128 ,
1209 1075 1303 1130 Ego
1321 1080 1437 1116 certe
1460 1071 1495 1115 si
1514 1068 1647 1114 modo
1669 1084 1750 1113 vo·

354 1143 478 1188 luero
497 1145 696 1203 judicare
713 1177 723 1197 ,
748 1144 967 1202 numquid
988 1144 1138 1201 inique
1168 1142 1413 1201 judicabo?
1435 1144 1529 1198 Ego
1551 1140 1586 1184 si
1616 1138 1751 1183 modo

354 1213 536 1258 voluero
552 1212 748 1273 judicare
763 1247 774 1267 ,
800 1213 1019 1270 numquid
1037 1211 1130 1255 falli
1158 1213 1345 1270 potero?
1372 1212 1415 1255 Si
1437 1225 1518 1268 ego
1540 1209 1615 1268 qui
1639 1223 1753 1253 sem-

355 1299 433 1344 per
456 1293 571 1327 recte
588 1283 754 1343 judico,
772 1290 815 1325 et
833 1281 911 1341 qui
929 1280 1020 1325 falli
1038 1296 1128 1325 non
1141 1295 1335 1340 possum,
1357 1280 1515 1324 differo
1532 1279 1752 1339 judicium

355 1369 528 1409 meum3
548 1362 596 1396 tu
617 1353 820 1410 ignorans
837 1350 1211 1411 quemadmodum
1229 1350 1498 1411 judicandus
1515 1351 1592 1405 sis,
1617 1349 1752 1394 audes

357 1433 445 1468 tam
461 1437 737 1483 praepropere
752 1422 951 1481 judicare
964 1423 982 1463 ⁶?
995 1420 1166 1475 Videte,
1184 1420 1354 1475 fratres,
1373 1419 1752 1480 quemadmodum

357 1493 441 1538 illis
464 1493 596 1539 servis
615 1492 863 1537 volentibus
882 1500 982 1535 ante
1012 1499 1184 1550 tempus
1215 1489 1433 1534 eradicare
1462 1490 1645 1543 zizania⁷
1666 1489 1753 1533 hoc

358 1579 469 1624 opus
487 1578 567 1607 nec
582 1563 629 1606 in
647 1577 783 1606 messe
795 1560 1020 1605 concessit.
1047 1560 1119 1603 Ait
1137 1561 1252 1603 enim
1272 1576 1282 1603 .·
1305 1578 1323 1600 «
1341 1562 1393 1602 In
1416 1567 1612 1617 tempore
1635 1572 1753 1601 mes-

361 1652 383 1675 »
418 1634 472 1678 sis
506 1634 646 1677 dicam
682 1630 944 1674 messoribus
971 1648 980 1673 2
1011 1647 1030 1669 »
1069 1644 1159 1672 non
1187 1629 1246 1673 ait
1260 1664 1270 1683 ‚
1312 1628 1461 1673 Dicam
1493 1628 1632 1672 vobis.
1670 1626 1754 1672 Sed

359 1702 469 1763 quid
489 1737 499 1757 ‚
532 1702 565 1746 si
586 1701 668 1760 ipsi
690 1700 800 1745 servi
825 1713 1032 1743 messores
1061 1700 1220 1742 erunt?
1254 1701 1367 1743 Non.
1394 1700 1503 1744 Nam
1534 1711 1754 1756 exponens

362 1772 509 1818 omnia
533 1770 806 1828 singillatim,
830 1789 849 1811 «
869 1772 1100 1823 Messores,
1130 1769 1187 1812 ait
1207 1803 1218 1823 ,
1246 1768 1398 1826 Angeli
1427 1777 1545 1812 sunt.
1567 1786 1587 1808 »
1611 1770 1754 1812 Homo

362 1858 466 1902 ergo
489 1857 617 1886 carne
639 1849 806 1900 septus,
832 1854 1005 1883 carnem
1030 1848 1232 1898 portans,
1259 1847 1334 1882 aut
1354 1838 1468 1882 forte
1491 1853 1591 1882 caro
1616 1847 1749 1893 totus,

363 1913 408 1958 id
430 1922 513 1968 est,
532 1928 632 1957 caro
646 1926 849 1971 corpore,
870 1909 1052 1954 carnalis
1069 1909 1235 1964 animo,
1262 1908 1395 1953 audes
1417 1918 1517 1953 ante
1532 1924 1744 1968 usurpare

362 1984 557 2028 officium
585 1982 797 2036 alienum,
822 1979 942 2041 quod
966 1995 1046 2024 nec
1071 1980 1115 2023 in
1136 1995 1273 2023 messe
1295 1981 1373 2023 erit
1402 1982 1559 2023 tuum?
1583 1982 1676 2024 Hoc
1698 1980 1754 2024 de

363 2054 611 2115 separandis
633 2052 804 2097 zizaniis
832 2070 839 2096 :
865 2051 920 2094 de
941 2050 1070 2094 hircis
1088 2051 1228 2110 quid?
1252 2069 1271 2092 «
1297 2052 1408 2096 Cum
1425 2051 1592 2096 venerit
1616 2050 1752 2095 Filius

366 2144 387 2167 ³)
422 2125 626 2179 hominis,
644 2133 687 2167 et
700 2137 850 2167 omnes
868 2120 1023 2180 Angeli
1038 2136 1138 2165 cum
1155 2135 1226 2175 eo,
1243 2120 1412 2165 sedebit
1426 2121 1471 2164 in
1486 2121 1586 2165 sede
1603 2121 1751 2180 gloriae

368 2215 389 2237 n
424 2212 528 2251 suae,
553 2205 597 2240 et
617 2194 1002 2253 congregabuntur
1021 2202 1120 2237 ante
1139 2207 1239 2236 eum
1257 2207 1405 2238 omnes
1431 2202 1605 2250 gentes,
1632 2202 1676 2236 et
1692 2207 1755 2236 se-

366 2285 388 2307 »
424 2266 595 2326 parabit
611 2281 680 2310 eas
697 2300 707 2320 ‚
732 2265 841 2309 sicut
863 2273 1007 2324 pastor
1023 2273 1193 2323 separat
1215 2278 1315 2308 oves
1338 2264 1393 2307 ab
1423 2262 1610 2307 hoedis1.
1648 2281 1669 2304 »
1699 2265 1755 2307 Et

366 2336 526 2390 veniet,
542 2345 585 2379 et
601 2334 817 2395 separabit
834 2353 842 2379 ε
857 2335 1004 2378 veniet
1016 2333 1162 2377 messis
1175 2368 1185 2388 ‚
1201 2342 1244 2377 et
1265 2333 1601 2392 separabuntur.
1618 2332 1753 2377 Modo

367 2420 469 2463 ergo
490 2414 660 2464 tempus
692 2405 970 2465 separationis
1000 2420 1091 2449 non
1113 2413 1198 2458 est,
1235 2403 1311 2448 sed
1342 2402 1624 2448 tolerationis.
1664 2405 1754 2447 Nec

367 2475 466 2520 ideo
483 2476 562 2520 ista
583 2474 788 2531 dicimus,
807 2475 959 2521 fratres
977 2510 988 2531 ,
1007 2484 1057 2519 ut
1078 2474 1340 2533 corripiendi
1359 2473 1545 2520 dormiat
1565 2472 1755 2531 diligen-

411 2558 425 2580 ¹
442 2558 564 2592 Matth.
586 2569 675 2601 xxm,
691 2558 746 2600 31,
762 2558 816 2591 32.
