1898 3178
399 221 536 247 sEnMO
567 223 700 260 exul,
735 223 788 249 DE
821 222 966 251 vmuns
998 225 1091 251 Luc.
1127 226 1216 251 xvle
1416 214 1500 254 623

127 402 1491 424 mmmmmmumsmmmummtmmwmmxtzxmw

579 544 806 591 SERMO
855 546 1005 593 CXIII
1018 546 1046 590 ¹.

129 716 189 758 De
209 713 348 759 verbis
369 715 591 773 Evangelii
613 719 744 760 Lucae
761 733 832 761 xv1
860 737 868 762 :
896 718 1070 762 Facite
1084 717 1218 762 vobis
1241 719 1422 763 amicos
1443 717 1504 763 de

467 801 748 831 mammona
772 787 1052 844 iniquitatis,
1079 798 1168 832 etc.

186 958 222 999 Ι.
242 957 368 1009 Quon
385 955 684 1012 admonemun
703 957 935 1002 admonere
947 958 1171 1003 debemus.
1188 961 1353 1003 Recens
1367 962 1508 1004 Evan-

127 1025 260 1084 gelica
283 1026 412 1071 lectio
435 1027 661 1072 admonuit
680 1027 820 1072 facere
838 1029 995 1073 amicos
1016 1028 1070 1073 de
1084 1044 1327 1074 mammona
1343 1031 1505 1090 iniqui-

126 1097 247 1151 tatis,
271 1106 319 1141 ut
342 1113 413 1141 eos
435 1098 511 1157 qui
532 1098 700 1142 faciunt
718 1133 728 1152 ‚
755 1099 964 1158 recipiant
987 1108 1028 1142 et
1052 1099 1132 1157 ipsi
1156 1100 1197 1143 in
1227 1100 1507 1145 tabernacula

127 1175 303 1211 aeterna.
327 1168 411 1219 Qui
442 1176 543 1210 sunt
566 1168 641 1227 qui
665 1168 895 1211 habebunt
920 1168 1201 1213 tabernacula
1223 1178 1405 1223 aeterna,
1426 1171 1506 1214 nisi

127 1238 263 1282 sancti
277 1239 380 1282 Dei?
391 1241 446 1282 Et
459 1239 534 1298 qui
548 1247 649 1282 sunt
663 1239 738 1298 qui
753 1238 808 1282 ab
824 1239 924 1298 ipsis
936 1239 1174 1298 accipiendi
1189 1249 1290 1283 sunt
1304 1240 1348 1283 in
1364 1241 1508 1283 taber—

129 1309 283 1354 nacula
299 1320 476 1364 aeterna,
491 1311 570 1353 nisi
584 1311 659 1370 qui
677 1325 826 1354 eorum
844 1309 1095 1369 indigentiae
1110 1312 1316 1366 serviunt,
1333 1320 1375 1355 et
1388 1310 1509 1372 quod

127 1381 186 1425 eis
209 1396 317 1440 opus
345 1390 407 1424 est
426 1415 436 1435 ,
461 1380 654 1424 hilariter
675 1381 1030 1425 subministrant?
1061 1382 1357 1426 Recordemur
1377 1397 1479 1441 ergo
1495 1417 1505 1437 ,

126 1451 173 1495 in
201 1451 433 1495 novissimo
449 1451 615 1510 judicio
638 1452 872 1494 Dominum
891 1466 979 1494 esse
1001 1451 1221 1495 dicturum
1249 1452 1307 1496 eis
1329 1453 1405 1512 qui
1426 1462 1511 1497 sta-

127 1521 241 1565 bunt
261 1520 316 1565 ad
335 1520 552 1564 dexteram
571 1521 662 1579 ejus
688 1539 696 1564 :
727 1539 745 1561 «
766 1519 953 1574 Esurivi,
978 1529 1021 1564 et
1037 1520 1215 1565 dedistis
1246 1521 1353 1565 mihi
1382 1538 1511 1566 mano

133 1610 153 1633 »
188 1591 348 1636 ducare
381 1610 390 1634 :
411 1610 430 1632 ³>
455 1600 497 1634 et
515 1599 670 1634 caetera
693 1605 792 1649 quae
809 1591 957 1634 nostis.
988 1593 1044 1634 Et
1061 1605 1162 1633 cum
1179 1591 1242 1634 illi
1265 1602 1510 1651 quaererent

129 1663 308 1723 quando
324 1662 363 1706 ei
376 1662 583 1721 obsequia
599 1662 677 1704 ista
695 1661 995 1720 praebuissent,
1016 1659 1238 1719 respondit
1257 1680 1265 1705 ε
1287 1681 1306 1703 «
1325 1662 1511 1715 Quando

133 1752 154 1775 »
188 1734 266 1777 uni
282 1749 330 1777 ex
350 1733 537 1777 minimis
555 1733 660 1776 meis
682 1730 862 1786 fecistis,
886 1731 993 1775 mihi
1010 1730 1184 1776 fecistis.
1204 1750 1224 1773 »
1245 1733 1320 1776 Isti
1344 1734 1513 1778 minimi

131 1814 232 1850 sunt
249 1805 326 1865 qui
347 1805 563 1864 recipiunt
584 1804 630 1847 in
647 1801 924 1847 tabernacula
959 1811 1135 1846 aeterna.
1162 1805 1256 1847 Hoc
1277 1803 1387 1848 dixit
1408 1804 1512 1848 dex—

132 1876 228 1931 tris,
254 1875 355 1936 quia
375 1874 573 1919 fecerunt
595 1893 603 1918 z
623 1874 708 1917 hoc
729 1873 839 1916 dixit
860 1872 1039 1916 sinistris
1056 1908 1067 1927 ‚
1085 1873 1186 1932 quia
1207 1873 1349 1918 facere
1362 1874 1514 1919 nolue-

132 1955 250 1990 runt.
277 1945 361 1991 Sed
382 1945 521 1990 dextri
548 1945 624 2005 qui
647 1943 866 1998 fecerunt,
897 1942 1005 2003 quid
1032 1953 1313 2003 acceperunt,
1338 1945 1408 1989 vel
1429 1961 1511 2005 po-

132 2018 217 2061 tius
243 2016 351 2078 quid
369 2016 588 2075 accepturi
610 2017 744 2060 sunt?
769 2014 982 2070 «Venite,
1003 2014 1146 2075 inquit
1161 2049 1172 2069 ‚
1195 2015 1413 2060 benedicti
1430 2020 1515 2062 Pa-

135 2106 156 2130 »
174 2088 250 2132 tris
261 2087 362 2142 mei,
381 2084 596 2147 possidete
614 2093 812 2144 paratum
829 2083 952 2128 vobis
967 2098 1151 2142 regnum
1165 2099 1189 2127 a
1202 2085 1512 2131 constitutione

136 2177 157 2200 »
174 2157 519 2203 mundiAEsui-ivi
532 2157 663 2211 enim,
675 2165 718 2200 et
730 2154 908 2199 dedistis
920 2154 1027 2197 mihi
1039 2154 1512 2210 manducare.Quando

137 2247 158 2270 »
182 2229 259 2273 uni
290 2244 342 2272 ex
370 2226 557 2272 minimis
589 2225 694 2270 meis
716 2225 896 2274 fecistis,
922 2224 1030 2267 mihi
1061 2224 1222 2269 fecistis
1236 2228 1269 2269 ².
1296 2243 1317 2267 »
1343 2226 1515 2271 Minimi

135 2316 238 2361 ergo
256 2300 452 2361 quisunt
464 2297 648 2343 Christi?
664 2296 732 2341 Illi
746 2305 868 2351 sunt,
888 2296 965 2355 qui
978 2295 1124 2340 omnia
1140 2311 1216 2340 sua
1238 2295 1511 2353 dimiserunt,

136 2381 180 2415 et
199 2372 335 2416 secuti
355 2379 456 2415 sunt
483 2383 583 2413 eum
599 2402 610 2422 ‚
635 2376 679 2411 et
700 2365 915 2427 quidquid
946 2365 1219 2421 habuerunt,
1248 2367 1513 2426 pauperibus

137 2441 480 2498 distribuerunt3
512 2448 562 2483 ut
592 2441 681 2482 Deo
730 2438 821 2481 sine
853 2435 1048 2481 saeculari
1084 2435 1294 2496 compede
1325 2437 1514 2497 expediti

184 2556 194 2573 ¹
216 2549 300 2582 Alias
313 2548 353 2583 35
367 2549 407 2582 de
429 2546 536 2581 verbis
555 2545 690 2579 Domini.
711 2560 752 2568 -
772 2551 785 2568 ²
804 2544 919 2577 Matth.
936 2553 1011 2585 ΧΠ,
1031 2541 1088 2585 35,
1103 2543 1156 2576 36.
