1898 3178
364 243 501 271 sumo
533 242 656 278 vax,
691 241 745 268 nn
776 238 1024 268 nswomnus
1055 241 1100 268 m
1132 241 1278 269 azzon.
1482 229 1507 266 7

135 307 249 361 Quid
270 321 371 364 ergo
392 305 451 349 ibi
475 304 727 365 quaerebat?
753 322 774 346 «
798 306 896 350 Non
915 305 1017 364 quia
1040 318 1212 365 quaero,
1236 304 1402 364 inquit,
1426 302 1507 348 da-

139 395 159 419 »
195 386 312 430 tum,
350 374 425 419 sed
457 376 628 435 requiro
660 372 899 418 fructum¹.
928 391 949 415 »
984 376 1082 420 Non
1114 383 1164 419 ut
1195 388 1299 433 ego,
1335 374 1504 434 inquit,

134 446 328 505 explear,
348 445 424 490 sed
446 460 501 488 ne
524 460 598 490 vos
618 446 766 489 inanes
784 444 1052 488 remaneatis.

191 518 245 560 V.
273 517 359 569 Qui
379 531 482 575 ergo
504 531 594 560 non
623 524 804 575 possunt
824 513 965 559 facere
987 514 1109 574 quod
1132 514 1315 570 Paulus,
1344 523 1396 559 ut
1415 528 1510 558 ma«—

132 588 261 631 nibus
281 587 367 631 suis
389 602 432 631 se
454 587 694 646 transigant
713 621 724 642 ,
760 586 970 646 accipiant
996 585 1051 629 de
1078 585 1188 630 lacte
1209 586 1381 640 ovium,
1414 600 1510 630 sus-

134 666 303 701 tentent
319 672 440 701 suam
458 657 755 701 necessitatem
774 677 785 714 3
805 656 880 700 sed
897 671 987 700 non
1003 655 1221 713 negligant
1234 657 1379 700 ovium
1394 655 1512 699 infir·

132 727 356 772 mitatem:
381 742 471 771 non
508 727 591 771 hoc
625 726 707 770 sibi
731 734 930 786 quaerant
946 760 957 781 ,
989 734 1199 785 tanquam
1230 724 1511 770 commodum

130 811 258 840 suum
275 831 285 850 ‚
321 804 371 840 ut
407 811 457 840 ex
485 797 737 841 necessitate
761 811 850 840 suae
872 796 1067 855 penuriae
1087 795 1318 840 videantur
1337 810 1511 839 annun-

129 867 235 911 tiare
257 866 543 924 Evangelium
563 887 574 924 3
607 865 682 911 sed
700 866 948 911 hominibus
969 864 1264 910 illuminandis
1286 865 1509 924 praebeant

127 937 270 980 lucem
293 937 414 980 verbi
432 937 623 980 veritatis
638 940 670 979 ².
700 938 810 981 Sunt
837 936 953 979 enim
977 944 1182 994 tanquam
1209 935 1400 979 lucernae
1415 969 1426 990 ‚
1451 935 1508 979 si-

127 1015 202 1050 cut
223 1004 388 1050 dictum
411 1015 474 1050 est
497 1025 505 1051 ;
536 1025 556 1048 «
580 1006 674 1051 Sint
702 1005 844 1049 lumbi
863 1005 996 1049 vestri
1019 1006 1228 1060 accincti,
1253 1014 1297 1048 et
1316 1004 1508 1048 lucernae

129 1094 149 1116 »
185 1074 384 1119 ardentes
407 1094 415 1119 ε
433 1084 476 1119 et
493 1090 622 1119 nemo
644 1075 842 1119 accendit
854 1073 1094 1128 lucernam,
1114 1083 1157 1117 et
1174 1074 1296 1133 ponit
1310 1089 1406 1118 eam
1425 1074 1507 1118 sub

129 1163 149 1186 »
184 1144 330 1188 modio
349 1178 360 1197 ‚
381 1144 456 1187 sed
476 1159 605 1202 super
625 1143 954 1197 candelabrum,
978 1153 1027 1186 ut
1047 1143 1188 1186 luceat
1209 1143 1413 1187 omnibus
1430 1144 1507 1202 qui

125 1232 146 1256 n
180 1214 227 1257 in
248 1213 379 1257 domo
404 1222 507 1257 sunt
527 1232 535 1257 2
560 1214 620 1257 sic
640 1213 785 1256 luceat
805 1211 955 1256 lumen
979 1221 1172 1256 vestrum
1193 1227 1339 1256 coram
1361 1212 1505 1257 homi-

127 1301 147 1325 »
182 1283 311 1326 nibus
325 1317 337 1338 ‚
361 1291 411 1326 ut
427 1282 604 1327 videant
625 1282 741 1326 bona
762 1296 893 1339 opera
914 1290 1074 1336 vestra,
1095 1291 1138 1325 et
1156 1281 1398 1340 glorificent
1420 1285 1506 1327 Pa·

125 1369 145 1394 »
179 1361 290 1396 trem
311 1360 507 1397 vestrum
529 1351 606 1411 qui
633 1351 680 1395 in
708 1349 831 1395 coelis
852 1352 960 1394 est³.
989 1368 1010 1392 n
1033 1351 1076 1395 Si
1098 1365 1201 1409 ergo
1222 1351 1303 1395 tibi
1325 1350 1504 1396 lucerna

122 1421 430 1467 accenderetur
448 1422 493 1465 in
517 1420 652 1465 domo
667 1456 678 1476 ‚
705 1435 852 1465 nonne
874 1421 1079 1481 adjiceres
1096 1420 1265 1476 oleum,
1289 1435 1345 1465 ne
1365 1421 1504 1466 extin-

121 1493 358 1551 gueretur?
382 1495 516 1536 Porro
537 1492 571 1535 si
604 1490 807 1546 lucerna,
839 1500 1017 1550 accepto
1041 1490 1162 1546 oleo,
1195 1506 1284 1535 non
1306 1490 1470 1535 luceret
1486 1526 1498 1546 ‚

120 1576 210 1606 non
231 1571 323 1606 erat
355 1561 482 1621 plane
504 1561 635 1620 digna
668 1577 766 1621 quae
788 1563 834 1606 in
862 1561 1123 1607 candelabro
1145 1569 1380 1620 poneretur
1395 1596 1406 1616 ‚
1425 1560 1502 1606 sed

118 1647 217 1691 quae
238 1632 447 1676 continuo
470 1630 756 1690 frangeretur.
784 1632 909 1676 Unde
926 1646 1029 1690 ergo
1049 1632 1222 1686 vivitur,
1238 1631 1500 1676 necessitatis

118 1710 182 1746 est
203 1702 396 1760 accipere
411 1736 421 1755 ,
446 1698 665 1746 charitatis
687 1711 750 1745 est
772 1701 989 1760 praebere:
1012 1717 1102 1746 non
1123 1711 1330 1762 tanquam
1346 1702 1499 1747 venale

117 1772 172 1815 sit
191 1770 499 1828 Evangelium‚
534 1780 584 1814 ut
604 1770 716 1814 illud
736 1771 790 1815 sit
811 1771 999 1830 pretium
1032 1772 1144 1831 ejus,
1170 1772 1293 1831 quod
1319 1781 1498 1817 sumunt

116 1842 192 1900 qui
223 1841 490 1885 annuntiant
509 1839 628 1883 unde
648 1841 811 1885 vivant.
840 1841 883 1885 Si
916 1841 1031 1885 enim
1052 1842 1112 1886 sic
1133 1842 1357 1897 vendunt,
1381 1856 1498 1900 mag-

116 1925 216 1954 nam
237 1925 326 1954 rem
343 1909 418 1954 vili
438 1909 650 1954 vendunt.
676 1911 902 1970 Accipiant
923 1911 1278 1956 sustentationem
1309 1913 1496 1956 necessi-

115 1979 212 2023 tatis
234 1996 257 2023 a
279 1979 466 2039 populo,
490 1979 735 2023 mercedem
758 1979 1085 2039 dispensationis
1107 1997 1132 2025 a
1164 1981 1362 2026 Domino.
1397 1984 1496 2027 Non

114 2049 229 2093 enim
250 2057 313 2092 est
333 2048 516 2092 idoneus
533 2048 722 2107 populus
741 2050 922 2094 reddere
940 2051 1183 2095 mercedem
1199 2051 1300 2106 illis,
1320 2052 1397 2110 qui
1412 2052 1493 2095 sibi

112 2118 159 2161 in
180 2118 387 2163 charitate
408 2116 636 2176 Evangelii
657 2118 863 2162 serviunt.
884 2122 979 2163 Non
1003 2130 1231 2178 expectent
1247 2120 1311 2163 illi
1332 2136 1493 2166 merce-

114 2187 214 2233 dem
229 2222 240 2242 ,
265 2188 347 2231 nisi
368 2187 488 2233 unde
509 2196 553 2230 et
579 2188 647 2231 isti
670 2186 870 2231 salutem.
899 2188 1015 2240 Quid
1049 2203 1150 2246 ergo
1171 2188 1241 2233 isti
1262 2190 1494 2248 increpan-
1518 2218 1522 2223 ι

112 2267 206 2311 tur,
240 2255 359 2301 unde
391 2259 667 2314 arguuntur?
700 2258 813 2310 Quia
850 2273 951 2302 cum
986 2258 1052 2302 lac
1090 2269 1420 2315 consumerent,
1451 2269 1495 2305 et

112 2327 220 2371 lanis
242 2342 285 2371 se
306 2334 519 2384 tegerent,
536 2341 635 2371 oves
650 2326 945 2385 negligebant.
965 2329 1047 2372 Sua
1070 2343 1173 2386 ergo
1188 2337 1357 2373 tantum
1372 2345 1494 2390 quae-

112 2397 267 2440 rebant
281 2431 292 2450 7
318 2412 408 2440 non
429 2412 530 2455 quae
550 2398 653 2440 Jesu
675 2396 850 2441 Christi.

168 2468 245 2509 Vl.
274 2465 357 2510 Sed
378 2465 585 2525 quoniam
607 2465 793 2509 diximus
808 2465 916 2525 quid
932 2466 987 2510 sit
1002 2465 1069 2509 lac
1089 2481 1359 2524 consumere,
1375 2485 1490 2528 quae-

158 2555 166 2570 ¹
196 2547 303 2590 Philip.
325 2560 371 2589 1v‚
395 2560 444 2589 17-
473 2566 512 2571 —
533 2555 544 2570 2
562 2550 635 2580 Luc.
659 2559 714 2586 ιιι,
738 2549 789 2580 35.
819 2566 856 2572 —-
878 2548 891 2572 3
910 2550 1028 2582 Matth.
1049 2560 1078 2588 v,
1103 2551 1154 2589 15,
1181 2552 1230 2584 16.
