1898 3178
393 234 530 261 sEnMO
563 233 677 271 Lxx,
713 234 766 260 DE
800 232 944 261 vssnssls
976 233 1141 262 ΜΑΤΤΗ.
1178 236 1239 262 xi.
1426 227 1508 264 285

135 305 250 349 Quos
270 305 397 341 aestus
409 332 420 352 ‚
436 314 536 357 quae
553 297 709 355 frigora
725 332 735 352 ,
751 314 850 357 quae
872 298 1078 358 pericula,
1098 299 1152 342 ab
1170 298 1308 359 equis,
1326 314 1350 342 a
1370 299 1508 354 fossis,

132 382 155 410 a
178 367 424 426 praecipitiis
440 401 451 421 ,
477 383 500 410 a
522 366 777 411 fluminibus
793 402 804 422 ‚
841 384 864 411 a
884 367 986 413 feris
1009 368 1237 428 perferunt
1257 378 1509 427 venatores3

131 452 262 497 quem
284 436 477 480 laborem
501 438 718 481 esuriendi
746 447 789 481 et
817 438 1019 494 sitiendi,
1049 449 1234 500 quantas
1257 440 1447 484 vilissimi
1470 450 1512 484 et

129 507 408 551 sordidissimi
428 507 515 551 cibi
541 517 584 552 et
610 516 739 567 potus
770 509 1011 566 angustias,
1037 519 1087 554 ut
1109 511 1291 555 bestiam
1316 511 1513 570 capiant?

129 580 186 621 Et
206 576 427 621 interdum
449 592 530 622 nec
552 577 684 637 ipsius
701 578 850 622 bestiae
868 594 1018 623 carnes
1032 614 1042 634 ,
1068 590 1244 639 propter
1265 596 1397 641 quam
1419 581 1512 625 haec

128 655 249 691 tanta
281 647 518 703 sustinent,
544 657 649 692 sunt
681 647 819 707 epulis
842 649 1108 694 necessariae.
1145 653 1408 711 Quanquam
1434 651 1513 695 etsi

126 733 229 777 aper
251 733 491 778 cervusque
515 719 724 778 capiatur,
751 719 884 777 magis
912 735 1042 764 suave
1069 720 1124 764 sit
1145 722 1341 765 venantis
1368 721 1512 765 animo

128 788 230 846 quia
253 796 405 847 captus
423 797 508 844 est,
530 804 663 848 quam
687 789 954 833 comedentis
972 789 1116 849 palato
1140 792 1242 850 quia
1264 801 1411 836 coctus
1430 802 1506 835 est.

127 858 310 910 Quantis
326 859 590 903 cruciatibus
606 873 742 918 prope
754 858 1105 918 quotidianarum
1124 859 1348 919 plagarum
1367 871 1512 904 tenera

125 941 362 985 puerorum
385 937 488 972 aetas
509 927 742 973 subditur?
757 929 934 981 Quantis
956 929 1084 973 etiam
1105 930 1151 973 in
1164 929 1319 973 scholis
1343 930 1511 987 vigilia—

124 1013 220 1042 rum
243 1007 287 1042 et
304 998 576 1043 abstinentiae
599 999 804 1043 molestiis
826 1009 1098 1055 exercentur,
1119 1016 1208 1044 non
1228 1009 1404 1060 propter
1426 1000 1512 1044 dis-

123 1068 308 1112 cendam
330 1070 606 1129 sapientiam,
633 1071 708 1114 sed
725 1079 905 1129 propter
926 1086 1028 1129 opes
1050 1071 1324 1131 honoresque
1342 1072 1510 1115 vanita-

121 1138 199 1193 tis,
232 1148 282 1182 ut
307 1154 534 1195 numeros,
569 1149 612 1184 et
650 1139 835 1195 litteras,
867 1149 910 1183 et
936 1140 1116 1185 disertas
1145 1140 1338 1185 fallacias
1366 1141 1512 1201 eloqui

121 1208 318 1252 discant?

185 1280 267 1321 III.
299 1276 383 1322 Sed
411 1278 457 1320 in
490 1278 554 1321 his
577 1278 780 1322 omnibus
809 1279 884 1338 qui
919 1279 1012 1323 haec
1038 1295 1125 1323 non
1156 1290 1328 1336 amant,
1361 1281 1511 1325 eadem

126 1347 270 1406 gravia
293 1347 518 1406 patiuntur
544 1362 551 1387 τ
579 1347 780 1406 quivero
809 1358 981 1401 amant,
1016 1349 1166 1394 eadem
1200 1351 1400 1410 quidem,
1435 1351 1509 1395 sed

120 1433 211 1462 non
234 1419 379 1476 gravia
401 1418 491 1476 pati
512 1417 732 1462 videntur.
759 1419 914 1462 Omnia
937 1419 1053 1463 enim
1070 1435 1181 1464 saeva
1209 1430 1252 1465 et
1273 1422 1478 1465 immania
1496 1457 1506 1476 ,

121 1504 298 1548 prorsus
321 1488 464 1532 facilia
498 1497 540 1532 et
562 1504 697 1548 prope
726 1488 847 1533 nulla
875 1490 1007 1534 efficit
1033 1505 1166 1534 amor.
1200 1494 1374 1544 Quanto
1404 1508 1507 1551 ergo

123 1559 280 1604 certius
307 1574 356 1603 ac
381 1558 551 1602 facilius
573 1558 628 1602 ad
647 1574 792 1603 veram
816 1559 1128 1604 beatitudinem
1160 1561 1344 1606 charitas
1378 1563 1506 1617 facit,

120 1629 240 1689 quod
258 1629 314 1673 ad
331 1629 562 1683 miseriam,
579 1638 794 1688 quantum
815 1631 973 1688 potuit,
991 1631 1205 1690 cupiditas
1224 1631 1350 1676 fecit?
1368 1636 1507 1685 Quam

120 1699 247 1744 facile
269 1698 478 1743 toleratur
495 1698 702 1758 quaelibet
723 1698 955 1742 adversitas
978 1700 1225 1758 temporalis
1239 1736 1249 1754 ,
1276 1711 1326 1745 ut
1347 1711 1509 1747 aeterna

120 1785 254 1829 poena
274 1769 452 1824 vitetur,
478 1777 520 1813 et
537 1777 699 1812 aeterna
721 1769 890 1828 requies
911 1772 1213 1828 comparetur?
1236 1773 1335 1815 Non
1350 1772 1508 1816 imme-

120 1841 205 1885 rito
232 1839 306 1884 ille
337 1855 411 1885 vas
443 1839 663 1884 electionis
695 1854 795 1883 cum
827 1839 995 1898 ingenti
1025 1839 1174 1884 laetitia
1203 1840 1335 1885 dixit:
1367 1861 1387 1884 «
1409 1845 1505 1887 Non

122 1928 144 1952 »
171 1919 273 1954 sunt
293 1903 521 1967 condignae
538 1909 755 1969 passiones
777 1910 905 1968 hujus
928 1910 1133 1969 temporis
1150 1945 1161 1965 ,
1189 1910 1244 1954 ad
1266 1926 1507 1971 superven-

124 1998 145 2021 »
170 1989 314 2024 turam
333 1979 537 2038 gloriam,
563 1995 662 2039 quae
681 1978 945 2023 revelabitur
960 1979 1006 2022 in
1027 1980 1194 2024 nobis1.
1217 1999 1235 2021 »
1258 1983 1371 2025 Ecce
1388 1983 1507 2026 unde

121 2049 232 2093 illud
252 2051 407 2109 jugum
436 2065 566 2094 suave
588 2059 652 2094 est
667 2084 678 2104 ,
703 2059 746 2094 et
766 2050 931 2094 sarcina
952 2049 1072 2094 levis.
1099 2053 1155 2095 Et
1175 2050 1210 2094 si
1238 2061 1419 2109 angusta
1444 2062 1508 2097 est

120 2120 268 2179 paucis
302 2118 588 2177 eligentibus,
619 2118 756 2163 facilis
790 2128 936 2163 tamen
965 2120 1169 2164 omnibus
1203 2119 1502 2179 diligentibus.

121 2191 234 2235 Dicit
256 2188 480 2234 Psalmista
500 2208 508 2233 :
544 2208 563 2230 «
585 2192 766 2248 Propter
787 2189 919 2233 verba
942 2189 1158 2234 labiorum
1194 2200 1394 2248 tuorum,
1425 2207 1506 2252 ego

123 2278 144 2302 »
170 2260 385 2304 custodivi
397 2259 486 2304 vias
503 2258 633 2303 duras
648 2261 679 2302 ².
695 2278 715 2300 »
737 2258 821 2304 Sed
835 2275 934 2319 quae
949 2259 1057 2303 dura
1074 2260 1502 2319 suntlaborantibus,

121 2329 283 2374 eisdem
299 2330 400 2388 ipsis
411 2330 643 2373 mitescunt
657 2329 918 2373 amantibus.
942 2333 1121 2389 Propter
1134 2330 1253 2389 quod
1272 2332 1330 2374 ita
1348 2332 1504 2376 divinae

122 2400 295 2460 pietatis
324 2399 642 2459 dispensatione
663 2409 809 2444 actum
843 2409 931 2455 est,
965 2409 1014 2444 ut
1041 2401 1219 2445 interior
1249 2403 1401 2458 homo,
1426 2405 1504 2463 qui

122 2479 355 2515 renovatur
376 2469 430 2514 de
457 2469 527 2514 die
547 2470 593 2513 in
616 2468 730 2513 diem
745 2471 779 2527 ³,
803 2486 893 2515 non
915 2469 1057 2514 adhuc
1084 2471 1165 2515 sub
1185 2471 1279 2531 lege
1303 2473 1468 2532 positus
1485 2509 1496 2530 ,

170 2563 181 2578 ¹
203 2559 293 2589 Rom.
309 2567 379 2595 vm,
402 2556 450 2589 18·
471 2573 508 2578 —
530 2563 541 2578 ²
558 2555 639 2588 Psal.
662 2567 726 2597 xvi,
745 2557 776 2598 4.
797 2574 838 2579 -
864 2555 878 2579 3
898 2566 916 2588 2
931 2559 1003 2589 Cor.
1019 2568 1065 2595 iv,
1088 2557 1136 2590 16.
