1898 3178
396 189 533 216 sEmvm
564 184 711 225 mxu,
746 187 800 214 DE
832 185 981 215 ovnms
1011 186 1057 215 m
1088 186 1239 214 Ezecn.
1455 174 1508 213 57

133 263 308 314 portant
327 255 534 298 sarcinam
556 251 634 295 Dei
660 271 667 296 :
694 251 826 296 latera
850 253 960 297 mala
982 288 993 309 ‚
1025 253 1321 312 conspirantes
1354 252 1508 304 amici,

133 327 313 370 societas
335 323 582 383 pertinaciae
607 342 616 367 ε
641 337 803 367 cornua
838 333 978 367 crecta
994 359 1005 379 ‚
1036 323 1147 368 elata
1171 323 1372 382 superbia
1395 343 1403 367 :
1429 324 1513 366 im-

132 395 245 456 pelle
282 394 485 438 laterihus
505 402 548 437 et
570 394 759 437 humeris
777 428 788 448 ‚
809 393 969 437 ventila
992 394 1218 449 cornibus,
1243 393 1366 437 mitte
1399 392 1511 437 foras

132 465 252 526 quod
270 480 359 508 non
378 464 569 508 emisisti.
596 466 724 509 Certe
745 464 833 523 ipsa
858 472 949 507 tota
966 478 1093 507 causa
1113 473 1192 519 est,
1217 464 1318 523 quia
1349 472 1398 506 tu
1416 465 1513 523 jus-

131 546 199 580 tus
217 544 260 579 et
286 535 356 578 alii
378 535 542 594 injusti,
569 545 612 579 et
627 535 855 593 indignum
873 543 964 577 erat
982 543 1030 577 ut
1049 535 1190 594 justus
1205 543 1314 579 esset
1330 549 1431 578 cum
1449 534 1514 577 in-

126 607 250 667 justis
274 625 281 650 :
306 606 535 664 indignum
558 604 779 656 videlicet,
802 615 851 649 ut
874 604 1093 649 frumenta
1115 615 1257 650 essent
1272 606 1385 649 inter
1407 605 1510 649 ziza*

131 678 223 735 nia3
243 675 471 734 indignum
489 685 538 719 ut
553 691 651 720 oves
665 676 778 720 inter
795 676 936 720 hircos
958 681 1199 735 pascerent,
1215 676 1354 721 donec
1371 686 1515 735 pastor

130 747 298 792 veniret
320 746 470 807 quiin
500 746 738 806 separando
775 751 1025 791 non'errat.
1055 750 1200 792 Ita—ne
1235 756 1282 791 tu
1322 747 1514 805 Angelus

130 816 351 861 eradicans
373 817 558 861 zizania?
573 820 669 862 Non
692 826 734 861 te
757 831 1033 875 agnoscerem
1056 816 1274 876 Angelum
1297 816 1516 860 eradican-

134 898 216 932 tem
233 888 392 932 zizania
408 923 419 942 ,
444 902 524 931 nec
546 888 579 932 si
596 886 685 947 jam
701 889 847 932 messis
869 888 1067 932 venisset.
1094 892 1208 932 Ante
1221 902 1402 932 messem
1425 902 1514 931 non

130 968 202 1013 tu,
234 958 309 1001 sed
347 957 541 1017 quisquis
571 957 726 1013 fuerit7
765 973 853 1002 non
886 967 949 1002 est
987 973 1128 1001 verus.
1156 958 1240 1010 Qui
1273 957 1516 1015 designavit

130 1036 356 1081 messores,
398 1027 634 1085 designavit
668 1036 710 1071 et
743 1037 930 1087 tempus.
974 1031 1152 1072 Possent
1181 1037 1224 1072 et
1254 1028 1450 1071 homines
1473 1042 1517 1070 se

129 1098 316 1155 Angelos
327 1097 485 1145 dicere,
500 1099 749 1142 Invenimus
770 1097 948 1142 fortasse
960 1099 1004 1141 in
1024 1098 1254 1156 Scripturis
1265 1107 1307 1140 et
1318 1098 1515 1140 homines

130 1169 267 1212 dictos
290 1168 478 1226 Angelos
499 1203 509 1220 ,
547 1168 622 1212 sed
656 1178 801 1212 tamen
839 1183 919 1226 ego
954 1178 1123 1227 tempus
1148 1168 1294 1211 messis
1317 1167 1512 1211 attendo.

131 1236 284 1295 Angeli
320 1237 400 1280 tibi
430 1251 589 1279 nomen
617 1246 738 1295 potes
761 1238 1007 1295 imponere,
1033 1247 1206 1296 tempus
1242 1237 1390 1280 messis
1427 1251 1516 1280 non

129 1317 251 1366 potes
274 1307 483 1351 breviare.
512 1309 664 1366 Itaque
688 1305 845 1350 falsum
868 1307 997 1362 dicis,
1023 1307 1125 1366 quia
1149 1307 1203 1350 sis
1232 1326 1240 1351 ε
1266 1307 1368 1365 quia
1402 1322 1516 1350 non-

130 1377 234 1421 dum
255 1377 373 1420 venit
391 1376 570 1436 quando
592 1376 661 1420 sis.
685 1377 873 1421 Proinde
891 1392 990 1421 cum
1013 1377 1202 1432 venerit,
1229 1385 1271 1420 et
1293 1378 1382 1420 veri
1400 1392 1517 1420 mes-

129 1463 243 1492 sores
266 1448 381 1490 missi
418 1446 607 1500 fuerint,
631 1448 776 1491 nescio
801 1447 874 1490 ubi
900 1457 941 1491 te
971 1447 1196 1491 inveniant
1214 1482 1225 1501 ‚
1251 1456 1398 1491 utrum
1417 1463 1519 1506 pur·

130 1517 322 1576 gandum
358 1518 434 1576 qui
457 1516 503 1560 in
527 1517 682 1561 horreo
706 1517 953 1561 recondaris
969 1553 980 1572 ,
1006 1533 1061 1561 an
1087 1516 1353 1575 alligandum
1379 1518 1515 1577 quiin

129 1588 272 1646 ignem
284 1586 521 1646 projiciaris
530 1587 650 1630 ‚Ideo
660 1587 773 1630 enim
785 1587 899 1641 dico,
911 1587 1038 1641 forte,
1050 1587 1151 1646 quia
1163 1602 1251 1631 non
1261 1586 1401 1631 audeo
1405 1588 1517 1647 judi-

130 1673 242 1703 care.
267 1657 400 1702 Modo
415 1665 458 1700 te
475 1657 578 1700 foris
593 1656 720 1701 doleo
743 1677 751 1702 :
773 1667 921 1701 utrum
938 1658 991 1701 sis
1004 1656 1180 1701 futurus
1192 1658 1324 1711 intus,
1342 1659 1512 1716 ignoro.

188 1730 330 1771 XVII.
360 1727 538 1771 Interim
563 1718 664 1770 a'udi
687 1742 738 1770 ex
761 1727 843 1771 alio
874 1728 1107 1786 Scripturae
1130 1728 1377 1772 testimonio
1398 1728 1453 1771 de
1475 1737 1517 1772 te

130 1798 338 1856 scriptum
363 1789 474 1851 eSse,
501 1812 600 1840 cum
623 1797 757 1854 vivis3
777 1807 820 1840 et
841 1797 930 1841 noli
954 1797 1065 1841 velle
1087 1799 1249 1842 zizania
1271 1798 1513 1852 eradicare,

131 1867 308 1927 quando
325 1877 497 1926 tempus
521 1883 610 1910 non
632 1876 694 1911 est
714 1888 724 1924 3
745 1867 820 1911 scd
837 1877 886 1911 tu
905 1869 996 1927 ipse
1017 1869 1131 1912 intro
1148 1868 1263 1923 redi,
1288 1884 1390 1912 cum
1405 1878 1516 1912 tem-

130 1953 211 1998 pus
244 1947 321 1982 est.
354 1938 465 1982 Dicit
488 1938 566 1981 alia
591 1939 666 1981 Dei
692 1939 911 1998 Scriptura
944 1959 951 1983 :
988 1958 1007 1981 «
1040 1938 1174 1983 Filius
1200 1939 1339 1983 malus
1361 1940 1451 1999 ipse
1472 1955 1518 1984 se

135 2027 155 2051 u
185 2010 352 2067 justum
371 2007 476 2052 dicit
495 2011 555 2051 ¹.»
571 2009 625 2052 Hi
649 2019 750 2053 sunt
769 2010 939 2053 humeri
961 2019 1003 2054 et
1025 2009 1157 2054 latera
1182 2019 1225 2054 et
1240 2026 1401 2054 cornua
1423 2021 1513 2056 tua.

131 2080 244 2124 Male
272 2078 393 2123 fortis
411 2114 421 2134 ‚
459 2089 624 2139 quanto
654 2079 807 2124 melius
835 2095 945 2124 esses
971 2081 1201 2124 infirmus?
1223 2081 1336 2126 Male
1366 2080 1487 2126 fortis
1504 2117 1514 2136 ‚

132 2149 207 2193 sed
226 2165 315 2193 non
336 2164 478 2193 sanus.
494 2150 607 2193 Male
630 2150 751 2194 {ortis
771 2151 1050 2209 phreneticus
1066 2151 1196 2195 caedit
1217 2161 1260 2195 et
1276 2150 1514 2196 medicum.

132 2220 245 2264 Dicis
276 2230 319 2263 te
343 2220 583 2278 perfectum
603 2255 613 2275 ‚
640 2230 688 2264 ut
719 2220 850 2265 facias
883 2222 1120 2266 defectum.
1145 2224 1320 2274 Quanto
1342 2223 1512 2281 potius,

132 2298 298 2349 quanto
319 2288 468 2332 utilius
491 2305 600 2333 esses
622 2291 835 2346 infirmus,
853 2301 902 2335 ut
922 2291 994 2335 ille
1016 2301 1058 2335 te
1080 2293 1320 2351 perficeret,
1337 2294 1413 2351 qui
1433 2307 1514 2336 no-

131 2362 194 2403 vit
214 2359 520 2418 imperfectum
544 2363 700 2404 tuum?
728 2360 960 2420 Apostolus
983 2360 1143 2405 Paulus
1170 2377 1243 2405 vas
1260 2360 1481 2405 electionis
1499 2397 1509 2416 ,
1571 2388 1578 2394 «

129 2443 185 2474 ne
214 2429 494 2474 extolleretur
516 2431 562 2473 in
580 2431 914 2476 revelationibus
941 2431 1084 2491 (quod
1110 2429 1254 2475 dicere
1270 2447 1359 2478 non
1379 2432 1508 2476 aude-

182 2519 192 2536 ¹
212 2515 306 2546 Prov.
327 2524 416 2556 xxiv,
432 2514 523 2555 juxta
546 2524 616 2546 Lxx.
