1898 3178
395 221 478 260 168
842 231 876 260 s.
912 231 1142 260 Avensa-Im
1174 233 1354 261 Emscom

402 316 422 340 »
459 301 628 342 Patrem
661 306 873 351 vestrum,
910 298 985 357 qui
1023 298 1068 341 in
1090 298 1210 342 coelis
1231 308 1295 343 est
1321 318 1330 343 :
1357 317 1377 339 »
1414 314 1537 343 reum
1570 314 1615 343 se
1645 302 1779 344 teneri

399 369 700 423 arbitrabitur,
725 368 826 427 quia
847 377 997 412 contra
1019 378 1285 428 praeceptum
1308 368 1437 425 fecit,
1470 369 1547 413 ubi
1579 369 1740 414 dicitnr
1767 389 1776 414 ε

402 457 422 480 «
457 438 681 483 Attendite
711 453 767 482 ne
790 438 1004 497 justitiam
1025 448 1212 484 vestram
1234 438 1397 484 faciatis
1419 454 1564 484 eoram
1588 440 1779 484 homini-

400 527 421 551 »
457 510 538 554 bus
555 544 566 565 ‚
588 518 638 553 ut
659 508 891 553 videamini
913 509 968 553 ab
986 509 1059 554 eis.
1098 528 1118 551 »
1142 513 1420 569 Rursusque,
1449 510 1483 553 si
1517 511 1602 555 hoc
1624 511 1781 554 timens

397 589 441 623 et
459 594 636 634 cavens,
657 593 706 622 ea
735 595 834 638 quae
854 579 967 623 bene
989 580 1090 625 facit
1113 580 1406 634 absconderit,
1432 594 1523 623 non
1544 595 1588 623 se
1607 579 1783 638 putabit

395 650 552 693 servire
566 649 798 708 imperanti
819 658 863 694 et
882 650 1043 694 dicenti
1068 670 1076 695 ι
1105 669 1125 692 «
1145 654 1309 695 Luceat
1330 650 1481 694 lumen
1498 657 1689 694 vestrum
1713 665 1781 695 co-

400 737 420 760 »
456 735 547 764 ram
569 719 821 764 hominibus
834 755 846 776 ‚
871 729 920 765 ut
940 720 1118 766 videant
1136 722 1252 767 bona
1274 736 1406 780 opera
1427 730 1583 766 vestra.
1609 738 1631 763 »

456 793 514 834 II.
541 791 627 844 Qui
645 799 761 835 recte
781 800 928 836 autem
942 790 1169 850 intelligit,
1193 800 1431 852 utrumque
1450 791 1619 851 implet,
1635 799 1679 837 et
1698 806 1784 836 ser-

394 861 483 906 viet
500 862 820 908 universissimo
842 862 1028 906 Domino
1046 897 1057 917 ‚
1078 862 1155 922 qui
1171 877 1342 907 servum
1358 862 1534 922 pigrum
1551 877 1642 907 non
1663 862 1786 906 dam-

396 942 548 988 naret,
579 933 614 977 si
635 948 685 978 ea
707 949 805 993 quae
826 934 920 977 fieri
951 932 1074 977 nullo
1109 932 1241 978 modo
1273 942 1497 992 poterant,
1532 933 1781 992 imperaret.

396 1004 556 1048 Audite
573 1005 687 1049 enim
713 1003 898 1049 Paulum
921 1019 1093 1048 servum
1106 1004 1267 1049 Christi
1288 1007 1312 1048 J
1316 1019 1407 1060 esu,
1422 1013 1626 1048 vocatum
1642 1007 1787 1063 Apos-

399 1074 536 1118 tolum
552 1109 563 1129 ‚
588 1085 863 1134 segregatum
885 1076 931 1118 in
962 1074 1248 1132 Evangelium
1269 1076 1370 1129 Dei,
1392 1084 1630 1134 utrumque
1654 1083 1698 1118 et
1718 1073 1786 1119 fa-

396 1145 582 1188 cientem
600 1153 643 1187 et
654 1143 900 1188 docentem.
916 1144 1072 1188 Videte
1086 1145 1461 1203 quemadmodum
1478 1145 1624 1189 luceat
1636 1144 1786 1189 lumen

398 1216 488 1275 ejus
506 1229 653 1259 coram
670 1214 940 1270 hominibus,
956 1224 1006 1258 ut
1021 1213 1198 1258 videant
1213 1214 1329 1259 bona
1343 1231 1472 1274 opera
1490 1216 1595 1274 ejus.
1620 1233 1639 1255 «
1655 1216 1788 1260 Com-

397 1305 417 1328 »
454 1284 734 1340 mendamus,
771 1285 935 1345 inquit,
973 1285 1257 1343 nosmetipsos
1279 1284 1334 1329 ad
1355 1301 1530 1329 omnem
1561 1287 1788 1331 conscien-

399 1375 419 1398 »
454 1357 559 1399 tiam
576 1356 806 1398 hominum
827 1355 872 1397 in
890 1363 1127 1413 conspectu
1152 1355 1269 1398 Dei1.
1294 1373 1314 1396 »
1340 1358 1397 1400 Et
1418 1356 1577 1399 iterum
1599 1371 1607 1396 :
1639 1377 1659 1399 a
1680 1359 1787 1400 Pro-

400 1445 421 1468 »
455 1425 654 1471 videmus
673 1426 788 1469 enim
818 1425 935 1470 bona
948 1461 958 1481 ,
984 1440 1075 1470 non
1092 1425 1235 1470 solum
1255 1441 1399 1471 coram
1419 1429 1508 1471 Deo
1529 1461 1541 1481 v
1565 1426 1641 1471 sed
1657 1427 1786 1471 etiam

400 1516 420 1538 »
456 1511 602 1541 coram
636 1496 931 1541 hominibus‘2.
961 1514 981 1537 »
1006 1499 1064 1541 Et
1093 1496 1283 1555 iterum3
1324 1516 1342 1539 «
1370 1496 1542 1541 Placete
1583 1497 1788 1542 omnibus

400 1586 419 1608 »
456 1582 533 1626 per
555 1568 721 1621 omnia,
748 1567 860 1611 sicut
881 1575 925 1611 et
946 1581 1027 1626 ego
1046 1566 1253 1611 omnibus
1276 1582 1353 1626 per
1373 1567 1518 1612 omnia
1539 1566 1734 1626 placeoss.
1763 1584 1785 1608 »

398 1637 554 1682 Videte
572 1653 719 1682 rursus
743 1636 1117 1696 quemadmodum
1134 1639 1345 1693 attendat,
1362 1654 1417 1682 ne
1434 1638 1565 1683 iaciat
1576 1638 1788 1697 justitiam

397 1724 520 1753 suam
543 1724 690 1753 coram
704 1708 975 1760 hominibus,
993 1718 1045 1750 ut
1064 1708 1265 1753 videatur
1287 1709 1341 1752 ab
1359 1709 1432 1753 eis.
1459 1728 1479 1751 «
1499 1710 1620 1767 Opus
1642 1716 1789 1752 autem

401 1797 422 1819 »
458 1791 586 1821 suum
611 1775 787 1834 probet,
809 1774 969 1833 inquit,
1006 1777 1333 1835 unusquisque3
1364 1785 1407 1819 et
1428 1785 1535 1820 tunc
1564 1778 1609 1819 in
1632 1785 1790 1820 semet-

401 1867 422 1889 »
457 1848 550 1906 ipso
581 1845 765 1891 habebit
798 1844 1002 1904 gloriam,
1033 1855 1076 1889 et
1099 1861 1188 1890 non
1206 1846 1251 1889 in
1273 1838 1450 1890 altero&
1477 1865 1496 1886 »
1524 1848 1580 1890 Et
1596 1845 1784 1902 iterum,

400 1937 420 1960 «
455 1919 562 1961 Nam
599 1915 733 1974 gloria
765 1924 911 1959 nostra
947 1915 1043 1959 haec
1085 1924 1143 1958 est
1181 1915 1477 1959 testimonium
1510 1916 1787 1961 conscientiae

401 2006 421 2029 »
457 1987 655 2030 nostrae5.
686 2003 706 2026 »
724 1984 909 2028 Etillud
930 2000 1020 2044 quo
1044 1984 1153 2028 nihil
1177 1994 1240 2028 est
1268 1984 1538 2031 manifestius
1560 2005 1569 2031 z
1598 2005 1619 2028 «
1646 1987 1688 2031 Si
1710 1987 1788 2031 ad·
1855 2025 1858 2032 ⁴

403 2077 422 2100 »
458 2059 570 2111 huc,
597 2056 764 2115 inquit,
792 2054 1043 2099 hominibus
1073 2055 1312 2114 placerem,
1338 2056 1499 2101 Christi
1521 2072 1667 2117 servus
1697 2072 1787 2102 non

403 2147 423 2169 »
459 2126 638 2171 essemss.
661 2143 680 2167 »
704 2124 789 2170 Sed
823 2140 878 2168 ne
914 2125 1146 2184 quisquam
1181 2140 1332 2170 eorum
1355 2126 1432 2185 qui
1469 2126 1525 2170 de
1560 2126 1787 2187 praeceptis

399 2198 524 2258 quasi
546 2194 894 2255 repugnantibus
913 2195 1044 2254 ipsius
1065 2195 1240 2239 Domini
1258 2205 1490 2240 moventur
1508 2232 1518 2252 ‚
1537 2197 1677 2242 multo
1698 2212 1787 2242 ma-

398 2269 459 2326 gis
481 2264 691 2326 Apostolo
709 2266 800 2324 ejus
822 2265 990 2324 ingerat
1012 2265 1314 2325 quaestionem,
1331 2276 1373 2311 et
1391 2265 1506 2312 dicat
1523 2286 1532 2312 z
1551 2267 1785 2321 Quomodo

399 2348 447 2382 tu
463 2338 569 2382 dicis
587 2356 596 2382 :
619 2335 830 2381 «Placete
851 2335 1056 2380 omnibus
1077 2351 1155 2396 per
1172 2337 1334 2392 omnia,
1347 2338 1458 2382 sicut
1479 2347 1522 2381 et
1539 2353 1620 2397 ego
1643 2339 1786 2383 omni·
1852 2363 1855 2384 ι
1890 2363 1898 2391 ς,

402 2407 517 2450 »bus
536 2422 613 2465 per
634 2407 779 2452 omnia
796 2405 973 2466 placeo:
992 2416 1069 2451 »et
1092 2416 1141 2450 tu
1159 2406 1276 2452 idem
1293 2407 1427 2453 dicis:
1450 2426 1470 2450 «
1489 2407 1530 2452 Si
1543 2408 1686 2453 adhuc
1702 2409 1785 2454 ho-
1852 2395 1855 2419 ³
1890 2438 1895 2458 ι.

449 2507 458 2524 ¹
478 2510 499 2535 9,
515 2503 586 2534 Cor.
611 2512 654 2542 iv,
669 2511 700 2535 2.
727 2520 768 2526 —
789 2502 867 2535 21d.
888 2513 953 2543 vm,
979 2512 1029 2534 11.
1051 2519 1092 2525 -
1113 2501 1126 2526 3
1150 2514 1161 2534 1
1189 2505 1260 2535 Cor.
1283 2514 1317 2543 x,
1344 2503 1396 2535 33.
1414 2519 1454 2526 —
1472 2501 1487 2531 4
1503 2502 1605 2535 Galat.
1626 2513 1669 2544 vi,
1690 2502 1720 2544 4.
1741 2520 1781 2526 -
1850 2478 1855 2547 l
1888 2504 1897 2531 'J

403 2554 416 2578 5
436 2564 454 2587 2
474 2559 544 2588 Cor.
562 2568 583 2593 ι,
608 2566 656 2590 1¹2.
680 2574 718 2579 —
739 2557 754 2578 6
772 2557 874 2590 Galat.
898 2568 921 2598 1,
946 2568 992 2589 10.
