1898 3178
378 268 515 299 suano
545 267 690 306 nvn,
723 266 778 295 DE
809 264 959 297 ovnms
989 266 1036 296 11«
1067 265 1215 294 Ezsscu.
1433 255 1485 296 ⁷1

114 336 383 384 Facilitatem
413 333 649 394 quamdam
682 332 784 377 vitae
804 332 934 392 hujus
950 366 962 388 ,
985 331 1095 378 nihil
1114 331 1160 376 in
1179 345 1225 376 se
1255 331 1491 378 habentem

114 407 264 463 ardui,
287 405 511 460 laboriosi,
535 403 744 460 difficilis,
768 418 972 463 campum
993 403 1101 448 dixit
1125 421 1136 449 ε
1159 402 1300 464 qualis
1321 412 1386 448 est
1405 405 1494 450 vita

114 478 354 523 multorum
371 475 568 520 fidelium
582 476 628 520 in
648 473 841 520 Ecclesia
863 473 969 530 Dei,
991 473 1252 519 habentium
1269 474 1493 535 conjuges,

113 549 224 594 filios
240 584 252 605 ,
289 550 440 594 domos
466 562 587 606 suas;
620 547 810 592 velutin
839 560 995 606 campo
1013 555 1115 591 sunt
1139 545 1278 606 ligna,
1306 545 1495 592 arduum

114 620 225 665 nihil
244 620 476 665 ascendere
495 619 746 664 valuerunt.
765 617 850 664 Sed
871 617 1086 678 accipiant
1105 618 1307 674 imbrem,
1326 617 1499 663 dabunt

115 699 159 735 et
182 690 276 735 haec
307 690 427 749 ligna
461 689 659 734 fructum
691 703 836 734 suum.
877 690 1046 733 Horum
1076 686 1298 747 lignorum
1327 687 1500 735 fructus

116 769 181 806 est
203 777 213 802 :
247 779 269 804 «
292 763 464 819 Frange
487 759 701 805 'esurienti
733 773 894 819 panem
923 768 1051 805 tuum
1067 792 1080 814 ‚
1114 767 1158 802 et
1184 772 1372 817 egenum
1407 759 1500 804 sine

119 849 140 873 »
172 840 291 876 tecto
312 832 447 876 induc
473 833 519 876 in
535 831 718 877 domum
747 831 915 875 tuam¹.
940 848 960 872 n
985 828 1160 877 Talibus
1178 828 1307 888 lignis
1327 828 1501 875 dicebat

116 903 351 962 Apostolus
375 921 385 948 :
409 921 431 946 «
454 905 552 948 Non
574 903 675 963 quia
696 916 847 963 quaero
876 900 1052 956 datum,
1083 900 1158 945 sed
1179 900 1355 960 requiro
1376 899 1499 946 fruc-

119 990 141 1014 »
172 976 305 1017 tum².
323 991 344 1015 »
361 972 580 1032 Etlingua
601 988 702 1033 quae
731 973 779 1017 in
794 987 951 1032 campo
971 980 1097 1028 sunt,
1119 970 1293 1016 dabunt
1307 970 1503 1016 fructum

120 1062 140 1085 »
174 1058 303 1087 suum
340 1063 350 1089 ε
388 1062 410 1086 »
444 1044 524 1088 etsi
545 1060 634 1088 non
669 1044 834 1088 habent
871 1045 1079 1103 majorem
1094 1076 1106 1098 ‚
1150 1042 1318 1087 habent
1354 1050 1503 1088 tamen

116 1115 351 1173 quemdam
373 1129 518 1158 suum.
547 1134 566 1156 α
591 1116 648 1158 Et
671 1123 784 1158 terra
805 1113 926 1158 dabit
947 1113 1271 1172 generationem
1292 1127 1416 1156 suam
1438 1130 1448 1156 ε
1477 1130 1499 1154 »

117 1192 209 1228 tota
230 1193 358 1227 terra.
383 1202 404 1225 «
428 1186 485 1228 Et
507 1183 820 1228 inhabitabunt
835 1182 881 1226 in
902 1192 1016 1227 terra
1036 1197 1128 1227 sua.
1163 1199 1185 1223 »
1208 1183 1307 1225 Jam
1334 1182 1502 1241 campi,

118 1251 250 1298 colles
264 1287 276 1308 ‚
315 1262 487 1297 montes
520 1252 692 1296 dabunt
732 1252 1029 1310 generationes
1064 1266 1177 1296 suas.
1211 1250 1329 1305 Quid
1363 1259 1508 1311 potest

118 1338 296 1383 campus
312 1325 330 1368 Ξ)
351 1322 458 1384 quid
474 1332 617 1382 potest
633 1322 786 1367 collis?
806 1322 914 1382 quid
927 1331 1071 1382 potest
1083 1324 1238 1367 mons?
1257 1322 1382 1368 Solus
1396 1323 1507 1382 agri-

117 1394 211 1439 cola
246 1403 519 1452 agnoscatur.
559 1412 579 1435 «
612 1396 669 1438 Et
701 1393 965 1437 habitabunt
984 1394 1030 1437 in
1058 1402 1174 1437 terra
1194 1408 1272 1437 sua
1295 1393 1342 1437 in
1361 1407 1452 1452 spe.
1480 1411 1502 1435 »

119 1463 284 1508 Videtis
302 1465 406 1524 quia
430 1480 480 1508 ea
502 1464 742 1524 promittit,
762 1478 863 1524 quae
882 1464 968 1509 hoc
989 1472 1186 1523 tempore
1204 1462 1341 1508 donat
1361 1464 1503 1508 nobis.
1536 1507 1542 1514 .

117 1534 324 1589 Quandiu
341 1535 448 1580 dicit
471 1554 491 1577 «
513 1536 559 1579 in
581 1550 655 1594 spe
670 1570 680 1590 ,
705 1553 726 1577 υ
743 1534 888 1580 adhuc
904 1535 950 1579 in
966 1536 1050 1581 hoc
1073 1544 1268 1595 tempore
1289 1534 1502 1595 intelligo.

118 1607 232 1652 Cum
259 1607 373 1651 enim
394 1607 718 1666 pervenerimus
735 1606 790 1650 ad
811 1607 1021 1666 promissa
1035 1641 1048 1661 ,
1066 1608 1155 1666 jam
1173 1621 1264 1651 non
1284 1607 1366 1651 erit
1391 1621 1504 1666 speS,

118 1677 193 1721 sed
211 1692 278 1720 res
297 1677 389 1735 ipsa
407 1677 503 1720 erit.

177 1750 339 1792 XXVI.
353 1766 373 1790 «
389 1750 445 1791 Et
463 1748 600 1791 scient
615 1747 823 1807 quoniam
835 1762 916 1807 ego
930 1762 1026 1792 sum
1037 1747 1322 1803 Dominus,in
1335 1762 1388 1793 eo
1405 1762 1507 1792 cum

120 1837 142 1860 »
178 1818 434 1877 confregero
456 1817 599 1862 furcas
614 1818 707 1877 jugi
729 1819 906 1862 eorum3
924 1836 935 1863 ι
961 1835 983 1859 »
1007 1817 1152 1863 furcas
1169 1818 1330 1878 quibus
1345 1819 1507 1878 premi-

119 1899 190 1934 tur
209 1888 372 1934 collum
395 1904 561 1933 eorum.
588 1890 788 1943 Domine,
814 1888 967 1948 frange
994 1888 1160 1944 furcas,
1184 1889 1345 1950 quibus
1361 1889 1504 1934 haere-

118 1961 194 2006 tici
223 1969 430 2020 premunt
449 1959 561 2005 colla
582 1961 867 2004 infirmorum.
887 1959 1004 2013 Quid
1025 1960 1141 2004 enim
1163 1968 1251 2004 tam
1269 1969 1505 2019 angustum

119 2041 162 2075 et
180 2030 302 2075 turca
330 2045 623 2090 compressum
639 2065 650 2084 ,
676 2045 807 2090 quam
822 2049 831 2075 :
846 2030 944 2076 Noli
966 2030 1116 2074 audire
1137 2030 1376 2085 Christum,
1401 2030 1505 2075 audi

119 2104 220 2146 me?
238 2105 431 2146 Remove
448 2101 612 2145 furcam
625 2137 635 2153 ,
659 2102 868 2161 respirare
883 2102 1100 2161 permitte.
1126 2101 1279 2146 Nescio
1299 2100 1406 2162 quid
1427 2101 1497 2147 di-

118 2188 203 2217 cas.
231 2172 375 2217 Audio
392 2187 542 2217 vocem
573 2173 751 2231 pastoris
771 2172 857 2216 mei
878 2191 887 2218 ε
917 2175 1038 2216 «Per
1060 2187 1210 2217 omnes
1233 2181 1407 2232 gentes,
1432 2174 1503 2218 in-

123 2262 144 2284 »
179 2243 440 2302 cipientibus
472 2243 527 2286 ab
550 2241 833 2286 Jerusalem4.
859 2261 880 2284 n
903 2242 1005 2288 Sine
1032 2257 1102 2287 me
1123 2242 1245 2302 sequi
1266 2251 1500 2302 pastorem.

121 2313 238 2367 Quid
260 2314 452 2373 premis?
476 2312 597 2357 Tolle
619 2312 788 2358 furcam
805 2313 861 2358 de
890 2313 1004 2358 collo
1025 2328 1124 2358 meo
1143 2348 1154 2368 ,
1173 2313 1324 2358 tollam
1348 2316 1506 2375 jugum

121 2383 220 2428 lene
236 2384 408 2429 Domini
430 2384 529 2428 mei.
557 2387 660 2429 Haec
675 2384 813 2439 audit,
833 2393 878 2429 et
898 2385 1070 2444 premit.
1088 2384 1288 2440 Domine,
1307 2400 1395 2430 non
1411 2385 1507 2431 vult

122 2456 351 2500 haereticus
388 2456 552 2500 furcam
582 2456 873 2515 suspendere,
909 2465 959 2501 tu
993 2455 1359 2516 furcamrfrange.
1384 2459 1503 2504 Crux

185 2561 196 2576 ¹
221 2554 291 2586 lsai.
315 2565 403 2591 tvm,
432 2565 464 2595 7.
486 2571 524 2577 -
547 2562 558 2575 ²
588 2553 700 2596 Philip.
726 2565 775 2595 tv,
797 2565 850 2595 17.
871 2570 913 2578 —-
939 2553 952 2578 3
970 2554 1086 2587 Ezech.
1111 2564 1220 2595 xurv,
1243 2564 1298 2597 27.
1317 2555 1391 2585 —4
1419 2558 1501 2589 Luc.

122 2620 208 2642 xxiv.
228 2608 280 2650 47.
