1898 3178
440 233 524 273 274
881 246 915 273 s.
950 243 1182 274 Aucus'nm
1214 246 1394 274 :nasoon

432 310 517 356 hoc
537 319 622 366 est,
648 325 714 355 res
735 310 978 355 illuminata
991 346 1002 366 ‚
1031 327 1210 357 accensa
1230 322 1280 357 ut
1301 312 1482 357 luceret.
1516 314 1626 365 Quae
1645 312 1824 357 accendi

435 390 604 440 potest,
630 389 772 440 potest
789 390 833 425 et
849 382 1058 440 extingui.
1087 381 1171 427 Sed
1192 391 1241 426 ut
1263 398 1352 427 non
1373 383 1655 442 extinguatur
1671 417 1682 437 ‚
1716 397 1824 426 ven-

438 459 531 494 tum
554 451 769 510 superbiae
785 466 875 495 non
894 451 1098 511 patiatur.
1115 455 1232 512 Ergo
1251 451 1263 507 ,⁷
1282 453 1540 497 «Confiteor
1561 452 1657 506 tibi,
1677 455 1820 506 Pater,

440 540 460 562 »
497 522 678 566 Domine
701 521 801 567 coeli
819 531 862 567 et
887 531 1030 581 terrae,
1053 524 1156 584 quia
1179 523 1440 568 abscondisti
1461 524 1556 567 haec
1573 539 1597 567 a
1618 522 1826 582 sapienti-

440 610 460 633 »
496 592 578 636 bus
599 602 642 636 et
662 591 970 652 prudentibus,
986 612 1006 635 »
1030 594 1182 638 lumen
1205 610 1248 638 se
1268 594 1547 654 putantibus,
1572 603 1615 638 et
1632 593 1826 638 tenebrae

435 671 580 720 erant·⁷
606 671 649 707 et
670 678 723 708 eo
745 663 867 723 quod
888 665 1083 709 tenebrae
1105 674 1256 719 erant,
1278 674 1321 708 et
1342 664 1492 707 lumen
1514 679 1558 708 se
1579 665 1794 723 putabant
1811 697 1822 719 ,

435 748 516 777 nec
538 732 774 778 illuminari
795 744 1049 794 potuerunt.
1091 735 1163 783 Illi
1188 744 1332 779 autem
1359 736 1437 795 qui
1458 736 1651 779 tenebrae
1671 743 1796 779 erant
1811 769 1822 790 ‚

433 812 476 847 et
513 803 714 848 tenebras
746 820 791 848 se
825 820 915 850 esse
949 806 1276 851 confitebantur
1291 841 1302 859 ‚
1342 805 1510 864 parvuli
1543 815 1668 849 erant
1685 840 1696 861 ‚
1737 821 1827 850 non

434 873 603 932 magni3
619 873 807 919 humiles
821 885 960 931 erant,
986 891 1077 920 non
1099 876 1292 934 superbi.
1318 878 1454 920 Recte
1474 890 1576 934 ergo
1598 874 1822 919 dicebant:

438 961 459 985 «
484 946 550 988 Tu
571 943 839 990 illuminabis
866 945 1091 990 lucernam
1111 961 1251 990 meam
1268 980 1279 1001 ,
1312 945 1510 990 Domine.
1532 963 1552 987 »
1591 948 1645 990 Se
1667 960 1828 1004 agnos-

433 1014 590 1058 cebant
607 1049 618 1068 ,
649 1015 887 1060 Dominum
903 1015 1152 1060 laudabunt
1169 1050 1180 1070 ,
1206 1031 1230 1060 a
1252 1015 1320 1061 via
1338 1015 1515 1060 salutari
1537 1031 1627 1060 non
1648 1014 1827 1060 recede-

435 1083 557 1126 bant.
606 1101 628 1124 «
642 1084 890 1129 Laudantes
910 1087 1150 1131 Dominum
1171 1086 1465 1141 invocabant,
1491 1094 1534 1130 et
1565 1085 1621 1129 ab
1643 1085 1828 1129 inimicis

441 1171 460 1194 υ
496 1153 582 1197 suis
604 1152 709 1198 salvi
730 1162 855 1197 erant
874 1158 906 1195 ¹.
929 1171 950 1194 n

494 1227 551 1269 X.
577 1223 785 1269 Conversi
798 1223 852 1268 ad
866 1223 1101 1268 Dominum
1118 1226 1258 1268 Deum
1271 1227 1443 1268 Patrem
1462 1224 1826 1283 omnipotentem,

437 1309 548 1353 puro
571 1293 703 1338 corde
730 1293 785 1349 ei,
810 1302 1026 1353 quantum
1052 1302 1196 1353 potest
1217 1294 1405 1353 parvitas
1427 1302 1595 1348 nostra,
1621 1294 1830 1338 maximas

437 1373 569 1424 atque
587 1365 744 1408 uberes
766 1365 921 1422 gratias
946 1379 1140 1423 agamus,
1158 1373 1384 1423 precantes
1405 1373 1499 1408 toto
1520 1365 1666 1408 animo
1687 1365 1830 1422 singu-

438 1433 572 1479 larem
594 1434 978 1479 mansuetudinem
1002 1435 1093 1494 ejus
1108 1469 1119 1489 ‚
1144 1444 1195 1479 ut
1215 1449 1364 1494 preces
1381 1443 1547 1479 nostras
1565 1435 1609 1478 in
1622 1434 1832 1494 benepla-

440 1506 528 1550 cito
550 1521 628 1550 suo
646 1505 852 1550 exaudire
866 1505 1097 1565 dignetur3
1116 1506 1341 1550 inimicum
1367 1522 1390 1550 a
1415 1506 1571 1550 nostris
1599 1505 1766 1550 actibus
1787 1514 1832 1550 et

441 1577 778 1636 cogitationibus
793 1593 870 1622 sua
883 1577 1041 1621 virtute
1051 1576 1253 1636 expellat,
1269 1576 1394 1620 nobis
1409 1575 1671 1636 multiplicet
1679 1575 1828 1632 fidem,

442 1648 656 1707 gubernet
680 1657 896 1701 mentem,
921 1647 1132 1707 spiritales
1153 1646 1437 1706 cogitationes
1459 1647 1671 1692 concedat
1700 1656 1744 1691 et
1775 1644 1847 1692 ad!

442 1789 548 1850 ejus,
574 1789 731 1833 Amen.

489 1902 500 1920 ¹
520 1895 602 1928 Psal.
628 1906 709 1938 xvn,
727 1894 759 1938 4.
