1898 3178
12 188 21 456 -—--—-—-

0 2426 15 2460 lt

321 269 459 297 SERMO
477 269 609 306 LVIII,
634 268 682 296 m
712 265 878 296 MATTH.
914 269 985 308 v1‚
1019 268 1074 296 DE
1105 265 1231 296 ORAT.
1267 269 1375 314 non..
1443 257 1526 297 203

145 344 294 379 turum
310 343 388 379 est.
409 334 481 377 Eis
501 333 616 377 enim
633 342 868 378 venturum
887 343 950 379 est
968 369 979 390 ‚
1000 335 1160 395 quibus
1181 333 1350 379 dicetur
1372 353 1381 378 :
1406 352 1426 377 «
1446 337 1530 378 Ve-

147 424 168 447 »
202 407 313 460 nite,
337 403 556 448 benedicti
578 405 714 449 Patris
736 405 845 463 mei3
870 406 1079 464 percipite
1100 420 1285 465 regnum
1306 405 1427 465 quod
1452 420 1530 450 vo-

146 493 167 517 »
198 475 262 518 bis
286 482 484 533 paratum
507 482 569 518 est
600 474 654 519 ab
677 474 844 532 origine
866 474 1063 519 mundi1.
1092 494 1112 516 »
1152 475 1242 519 Illis
1264 490 1355 521 non
1385 475 1530 519 veniet

143 545 303 606 quibus
336 544 504 589 dicetur
532 564 541 590 :
570 564 591 587 «
624 544 839 590 Discedite
863 561 886 590 a
909 560 1005 601 me,
1029 545 1275 601 maledicti,
1310 546 1357 590 in
1385 546 1529 604 ignem

146 634 166 658 >›
201 624 414 659 aeternum
438 618 470 658 ².
511 633 531 656 »
569 616 682 660 Cum
716 631 819 674 ergo
850 615 1033 660 dicimus
1071 635 1079 660 :
1109 636 1129 658 ‹<
1160 617 1317 661 Veniat
1345 631 1528 675 regnum

145 704 166 728 »
202 695 351 742 tuum,
380 704 400 727 »
427 701 600 730 oramus
616 695 667 730 ut
689 686 814 731 nobis
831 686 990 730 veniat.
1010 686 1126 740 Quid
1142 696 1205 730 est
1219 722 1229 742 ,
1249 696 1299 731 ut
1313 687 1439 732 nobis
1455 702 1531 731 ve-

142 756 258 801 niat?
280 759 336 801 Ut
357 757 495 801 bonos
515 772 593 801 nos
615 757 822 802 inveniat.
850 759 944 802 Hoc
964 772 1067 816 ergo
1093 772 1266 801 oramus
1281 793 1292 813 ‚
1320 766 1370 802 ut
1392 758 1530 802 bonos

142 842 220 871 nos
237 826 389 885 faciat3
413 835 519 871 tunc
542 827 658 871 enim
676 827 803 872 nobis
819 827 964 873 veniet
985 841 1171 886 regnum
1186 828 1292 887 ejus.

202 900 278 942 IV.
304 897 518 942 Addimus
544 917 554 944 z
584 916 604 940 «
629 898 726 943 Fiat
747 898 950 944 voluntas
971 907 1046 942 tua
1066 933 1077 954 ,
1103 899 1216 943 sicut
1236 899 1282 942 in
1305 897 1420 943 coelo
1436 932 1447 953 ,
1472 898 1531 941 ita

143 985 164 1010 »
200 968 310 1012 etin
332 977 461 1012 terra.
489 986 509 1009 »
538 967 741 1014 Serviunt
763 969 1014 1027 tibiAngeli
1036 970 1078 1013 in
1103 967 1240 1025 coelo,
1268 984 1346 1013 nos
1370 968 1532 1013 servia-

140 1053 238 1082 mus
257 1038 339 1082 tibi
362 1039 406 1083 in
431 1047 561 1083 terra.
588 1042 687 1085 Non
707 1048 750 1084 te
772 1039 1007 1085 offendunt
1027 1036 1185 1099 Angeli
1206 1040 1251 1084 in
1271 1038 1407 1095 coelo,
1441 1054 1532 1083 non

139 1117 183 1152 te
205 1108 477 1153 offendamus
499 1109 544 1153 in
573 1118 702 1154 terra.
728 1109 962 1163 Quomodo
985 1109 1046 1153 illi
1069 1109 1238 1154 faciunt
1259 1108 1533 1154 voluntatem

140 1189 259 1224 tuam
274 1215 284 1235 ,
299 1181 358 1224 sic
373 1179 580 1225 faciamus
594 1190 638 1225 et
654 1195 748 1225 nos.
774 1183 831 1225 Et
847 1181 919 1225 hic
932 1180 1039 1241 quid
1052 1195 1226 1225 oramus
1238 1214 1249 1235 ‚
1271 1180 1352 1224 nisi
1364 1179 1532 1224 utboni

138 1251 297 1295 simus?
318 1251 506 1305 Quando
528 1251 644 1295 enim
663 1251 850 1296 facimus
866 1252 1138 1296 voluntatem
1159 1253 1263 1307 Dei,
1283 1255 1299 1310 (
1322 1266 1423 1295 nam
1440 1251 1531 1311 ipse

137 1322 229 1365 sine
247 1322 382 1366 dubio
404 1321 509 1366 facit
527 1336 649 1365 suam
663 1355 674 1377 ,
695 1324 833 1379 >tunc
851 1322 900 1365 fit
915 1321 1118 1366 voluntas
1133 1323 1224 1381 ejus
1246 1322 1291 1365 in
1313 1322 1453 1366 nobis.
1474 1323 1532 1365 Et

138 1390 261 1436 aliter
282 1391 394 1435 bene
421 1390 706 1450 intelligimus
734 1410 743 1436 :
787 1410 808 1433 «
847 1392 946 1435 Fiat
976 1390 1179 1436 voluntas
1211 1401 1287 1436 tua
1304 1427 1315 1447 ‚
1343 1392 1455 1436 sicut
1485 1392 1532 1435 in

139 1480 160 1503 »
194 1462 336 1517 coelo,
360 1463 421 1506 ita
464 1471 507 1506 et
538 1462 584 1505 in
617 1470 746 1506 terra.
785 1480 805 1503 »
844 1462 1091 1521 Accipimus
1122 1471 1393 1522 praeceptum
1428 1462 1527 1517 Dei,

135 1541 180 1578 et
200 1532 342 1592 placet
363 1532 487 1577 nobis
502 1567 513 1587 ‚
547 1532 691 1592 placet
717 1533 853 1576 menti
882 1541 1042 1577 nostrae
1067 1551 1076 1577 ε
1115 1550 1135 1574 (ι
1159 1531 1530 1577 Gondelectamur

138 1620 159 1645 »
193 1603 309 1647 enim
332 1602 417 1661 legi
438 1603 516 1647 Dei
538 1604 779 1648 secundum
799 1603 1049 1648 interiorem
1067 1603 1328 1648 hominemss.
1358 1621 1377 1645 n
1403 1606 1527 1648 Tunc

135 1674 186 1719 fit
200 1673 403 1719 voluntas
424 1674 515 1733 ejus
536 1673 582 1716 in
594 1673 732 1724 coelo.
753 1673 878 1718 Coelo
896 1674 1013 1717 enim
1040 1683 1318 1733 comparatur
1343 1674 1521 1733 spiritus

135 1754 302 1799 noster,
321 1753 446 1789 terrae
464 1753 610 1788 autem
631 1759 731 1789 caro
746 1752 907 1789 nostra.
929 1744 1046 1798 Quid
1061 1753 1125 1788 est
1145 1759 1269 1803 ergo,
1294 1763 1314 1787 «
1339 1744 1437 1789 Fiat
1456 1759 1530 1789 vo-

138 1833 160 1857 »
194 1814 339 1859 luntas
363 1824 435 1859 tua
451 1849 462 1870 ,
499 1815 608 1859 sicut
631 1815 678 1858 in
705 1814 842 1870 coelo,
867 1822 910 1859 et
927 1815 972 1858 in
996 1816 1136 1859 terra?
1159 1833 1181 1856 »
1218 1818 1275 1859 Ut
1300 1815 1523 1876 quomodo

136 1886 272 1930 menti
295 1894 454 1931 nostrae
475 1885 616 1945 placet
634 1894 709 1930 tua
721 1886 879 1945 jussio,
904 1886 964 1930 sic
986 1886 1024 1929 ei
1041 1886 1283 1931 consentiat
1301 1901 1402 1932 caro
1423 1902 1525 1932 nos-

137 1958 232 2001 tra?
254 1965 298 2001 et
321 1956 502 2001 tollatur
531 1956 621 2000 rixa
649 1955 723 2000 illa
757 1955 812 2000 de
833 1956 982 2001 medio
998 1991 1009 2012 ‚
1048 1972 1147 2017 quae
1173 1955 1434 2002 describitur
1470 1958 1525 2002 ab

136 2027 345 2087 Apostolo
376 2045 386 2071 :
415 2045 437 2068 «
466 2028 578 2072 Caro
610 2026 727 2071 enim
757 2027 1028 2086 concupiscit
1057 2027 1262 2072 adversus
1298 2027 1524 2086 spiritum,

137 2114 159 2139 »
194 2098 368 2158 spiritus
389 2107 534 2142 autem
549 2098 753 2143 adversus
775 2100 993 2144 carnem⁴.
1017 2118 1037 2141 »
1060 2098 1247 2153 Quando
1265 2109 1416 2144 contra
1434 2112 1526 2145 car-

135 2182 237 2213 nem
259 2168 528 2227 concupiscit
556 2168 757 2227 spirituS‚
777 2171 867 2229 jam
903 2168 1017 2214 facta
1044 2178 1108 2214 est
1128 2169 1330 2214 voluntas
1360 2170 1451 2229 ejus
1480 2170 1526 2214 in

137 2237 251 2284 coelo
274 2256 283 2282 :
308 2237 489 2298 quando
506 2247 657 2283 contra
673 2239 874 2298 spiritum
888 2254 978 2285 non
998 2239 1268 2299 concupiscit
1290 2254 1390 2284 caro
1404 2275 1415 2295 ‚
1435 2241 1527 2300 jam

137 2308 251 2353 facta
272 2317 335 2352 est
356 2307 558 2353 voluntas
580 2314 670 2365 ers
692 2310 738 2353 in
761 2319 888 2354 terra.
914 2311 1009 2355 Erit
1023 2320 1168 2355 autem
1191 2310 1320 2370 plena
1341 2325 1526 2355 concor—

91 2429 97 2431 ·
137 2378 207 2423 dia
223 2414 234 2434 ‚
259 2379 436 2439 quando
457 2380 547 2438 ipse
565 2380 752 2425 voluerit
772 2382 852 2426 :sit
870 2381 1003 2426 modo
1020 2396 1192 2441 pugna,
1209 2390 1259 2425 ut
1283 2382 1415 2440 possit
1436 2397 1526 2427 esse

136 2449 331 2494 victoria.
358 2450 501 2495 Etiam
525 2451 583 2494 sic
610 2451 722 2495 bene
746 2451 931 2511 intelligi
959 2461 1122 2512 potest,
1157 2470 1176 2494 «
1203 2451 1299 2496 Fiat
1320 2452 1524 2498 voluntas

143 2538 162 2560 »
199 2528 271 2563 tua
287 2555 297 2573 ‚
323 2520 433 2564 sicut
455 2521 500 2563 in
525 2520 660 2575 coelo,
681 2521 739 2565 ita
766 2531 808 2565 et
827 2523 871 2565 in
894 2531 1007 2566 terra
1032 2542 1039 2567 :
1069 2541 1088 2563 »
1113 2532 1162 2567 ut
1187 2523 1349 2567 coelum
1381 2539 1524 2582 pona-

187 2611 195 2627 *
220 2605 561 2646 Matrl1.1x-v,34.—
583 2613 594 2627 2
616 2605 693 2637 Ihm.
715 2606 769 2646 ξι.
792 2624 832 2628 -
864 2605 981 2638 3Ριιηιι.
998 2619 1055 2648 vn,
1074 2617 1126 2640 22.
1148 2625 1188 2630 —
1207 2607 1222 2638 4
1241 2608 1346 2640 Galat.
1363 2619 1394 2649 v,
1420 2620 1474 2650 ¹7·
