1898 3178
339 248 478 276 SERMo
510 246 709 285 LXXXVII,
743 246 798 273 DE
830 247 976 276 vnnms
1006 245 1171 275 ΜΑΤΤΗ.
1206 247 1274 275 xx,
1403 236 1488 277 439

119 332 137 354 »
172 328 270 373 quae
287 321 389 356 sunt
410 319 674 356 evacuentur
687 312 746 354 ¹.»
763 311 958 371 Denique
980 312 1188 371 leguntur
1202 311 1335 357 modo
1356 314 1488 359 verba

113 383 376 442 piscatorum
393 417 404 437 ‚
445 390 488 425 et
530 379 642 425 colla
695 381 948 425 subduntur
986 392 1223 428 oratorum.
1263 382 1489 429 Tollantur

113 467 215 511 ergo
235 451 290 496 de
323 451 467 496 medio
488 450 636 495 inanes
665 451 811 509 venti3
835 452 1013 496 tollatur
1043 453 1097 497 de
1131 452 1277 498 medio
1312 453 1482 511 fumus,

112 525 189 584 qui
209 521 441 568 crescendo
459 521 676 566 evanescit
695 540 705 566 ι
728 536 903 581 prorsus
923 538 1004 583 pro
1030 523 1169 569 salute
1188 524 1269 569 ista
1289 534 1488 570 contem-

111 601 288 637 llantur.

171 665 297 707 XIII.
314 663 358 708 Si
372 662 603 723 quisquam
620 676 800 721 corpore
817 671 1046 722 aegrotaret
1065 663 1111 708 in
1132 664 1306 710 civitate
1323 675 1367 710 et
1384 676 1492 711 esset

111 733 173 778 ibi
203 733 356 794 aliquis
383 733 664 793 peritissimus
687 732 881 778 medicus
904 734 1050 778 amicis
1071 735 1224 794 aegroti
1241 737 1492 795 potentibus

111 804 310 848 inimicus
337 824 346 849 2
371 805 405 848 si
427 804 659 864 quisquam
680 819 783 863 ergo
805 804 851 848 in
878 804 1052 849 civitate
1075 805 1222 864 aliquo
1250 807 1494 865 periculoso

109 875 265 920 morbo
287 875 477 935 corporis
497 884 752 934 aegrotaret,
776 884 820 919 et
841 884 950 920 esset
970 876 1017 919 in
1045 875 1198 920 eadem
1219 876 1394 922 civitate
1415 893 1492 938 pe-

109 946 334 991 ritissimus
355 946 548 991 medicus
570 946 716 990 amicis
731 981 742 1002 ,
766 955 818 991 ut
838 945 948 1002 dixi,
973 947 1224 1006 aegrotantis
1240 949 1491 1006 potentibus

108 1015 308 1061 inimicus
325 1051 336 1072 ‚
362 1017 437 1077 qui
474 1016 668 1061 dicerent
698 1017 838 1062 amico
865 1032 944 1062 suo
969 1036 978 1063 2
1011 1017 1111 1063 Noli
1133 1033 1235 1063 eum
1253 1017 1488 1074 adhibere,

107 1087 219 1131 nihil
251 1088 400 1133 novit:
426 1087 621 1132 dicerent
655 1097 823 1143 autem,
847 1103 936 1133 non
959 1087 1186 1149 judicante
1217 1088 1363 1133 animo
1379 1123 1391 1145 ‚
1415 1090 1493 1135 sed

107 1157 350 1203 invidente:
368 1173 515 1203 nonne
532 1157 606 1202 ille
628 1173 707 1218 pro
729 1158 866 1203 salute
888 1174 965 1203 sua
986 1168 1227 1203 removeret
1249 1159 1490 1204 amicorum

107 1229 352 1287 potentium
374 1228 573 1286 fabulas;
594 1238 636 1273 et
659 1239 709 1273 ut
729 1229 876 1288 paucis
897 1229 1051 1274 diebus
1073 1229 1170 1288 plus
1189 1231 1368 1287 viveret,
1389 1247 1489 1277 cum

106 1297 281 1342 illorum
308 1298 507 1357 qualibet
529 1299 768 1343 offensione
783 1334 794 1354 ‚
816 1298 1021 1358 pellendo
1043 1300 1110 1344 sui
1126 1302 1318 1360 corporis
1334 1304 1490 1348 morbo

107 1369 326 1413 medicum
349 1367 499 1424 illum,
525 1384 655 1428 quem
679 1370 988 1428 peritissimum
1009 1370 1125 1414 fama
1155 1373 1490 1418 commendave-

106 1447 197 1493 rat,
233 1438 489 1483 adhiberet?
517 1441 718 1497 AEgrotat
750 1439 994 1483 humanum
1017 1455 1150 1497 genus
1168 1475 1179 1496 ,
1209 1457 1300 1486 non
1329 1444 1491 1488 morbis

105 1508 312 1567 corporis,
327 1507 401 1552 sed
417 1509 616 1569 peccatis.
629 1511 653 1552 J
656 1518 751 1554 acet
772 1518 866 1554 toto
883 1509 988 1553 orbe
1009 1518 1223 1555 terrarum
1245 1512 1300 1555 ab
1313 1513 1490 1558 Oriente

104 1595 242 1639 usque
261 1581 306 1624 in
318 1579 597 1624 Occidentem
617 1578 790 1638 grandis
801 1589 1004 1638 aegrotus.
1016 1581 1086 1625 Ad
1102 1582 1346 1626 sanandum
1361 1598 1490 1641 gran-

105 1650 206 1694 dem
228 1659 441 1708 aegrotum
459 1648 684 1696 descendit
700 1649 975 1708 omnipotens
997 1650 1210 1695 Medicus.
1233 1653 1490 1699 Humiliavit

105 1735 149 1765 se
165 1735 304 1780 usque
321 1720 375 1764 ad
397 1719 627 1764 mortalem
649 1734 840 1775 carnem,
867 1728 1076 1780 tanquam
1091 1735 1231 1780 usque
1253 1721 1309 1766 ad
1325 1722 1487 1768 lectum

104 1790 368 1849 aegrotantis.
401 1793 485 1834 Dat
506 1789 654 1834 salutis
677 1798 891 1848 praecepta
909 1824 921 1844 ‚
955 1791 1251 1835 contemnitur
1273 1810 1282 1836 :
1309 1794 1386 1852 qui
1407 1809 1488 1838 au-

104 1859 248 1914 diunt,
271 1860 526 1904 liberantur.
547 1859 870 1914 Contemnitur‚
895 1874 996 1903 cum
1011 1859 1166 1905 dicunt
1187 1861 1312 1905 amici
1332 1871 1490 1921 poten-

104 1940 167 1977 tes
188 1950 197 1976 ε
223 1931 341 1976 Nihil
362 1931 498 1975 novit.
527 1931 571 1974 Si
587 1929 698 1974 nihil
715 1938 880 1985 nosset,
905 1931 1102 1989 potentia
1122 1932 1212 1990 ejus
1230 1941 1376 1991 gentes
1396 1949 1487 1980 non

104 2001 318 2061 impleret.
343 2002 387 2046 Si
407 2000 516 2045 nihil
552 2009 718 2055 nosset,
749 2015 839 2044 non
873 2009 982 2044 esset
1004 2009 1240 2061 antequam
1261 2002 1380 2061 apud
1407 2019 1487 2049 nos

103 2081 227 2116 esset.
261 2071 303 2116 Si
333 2070 443 2115 nihil
477 2079 644 2125 nosset,
688 2071 925 2129 Prophetas
955 2080 1055 2115 ante
1076 2086 1121 2115 se
1142 2087 1232 2116 non
1273 2074 1482 2119 mitteret.

103 2144 258 2187 Nonne
280 2140 411 2185 modo
434 2140 670 2199 implentur
691 2156 790 2200 quae
813 2149 913 2185 ante
936 2139 1144 2200 praedicta
1176 2145 1310 2187 sunt?
1330 2145 1486 2188 Nonne

104 2211 262 2272 prohat
288 2211 482 2255 medicus
510 2210 589 2254 iste
613 2211 712 2255 artis
743 2226 833 2255 suae
862 2211 1104 2270 potentiam
1132 2213 1341 2271 promissa
1362 2229 1485 2258 com-

103 2281 296 2341 plendo?
316 2284 470 2327 Nonne
487 2296 564 2340 per
584 2289 726 2326 totum
747 2281 964 2325 mundum
987 2281 1215 2340 perniciosi
1229 2292 1486 2328 evertuntur

105 2368 290 2408 errores,
322 2362 365 2397 et
394 2352 550 2396 tritura
584 2352 737 2396 mundi
774 2353 1009 2397 domantur
1036 2352 1328 2412 cupiditates?
1347 2357 1486 2400 Nemo

106 2421 222 2468 dicat
245 2441 254 2468 ε
278 2425 419 2467 Antea
451 2421 604 2466 melior
625 2431 716 2467 erat
751 2422 942 2468 mundus
965 2438 1097 2483 quam
1133 2423 1265 2468 modo
1291 2442 1300 2468 ε
1326 2439 1376 2467 ex
1397 2441 1486 2486 quo

40 2497 46 2504 “
108 2493 240 2552 coepit
261 2493 340 2537 iste
362 2492 554 2537 medicus
576 2501 712 2537 artem
729 2508 848 2539 suam
872 2508 1070 2539 exercere
1089 2514 1101 2550 ς
1122 2492 1258 2538 multa
1274 2494 1343 2540 hic
1359 2494 1484 2541 vide-

155 2584 165 2600 ¹
188 2589 199 2609 1
219 2579 291 2610 Cor.
314 2589 338 2617 1,
356 2585 411 2618 27,
432 2579 485 2609 28.
