1898 3178
260 237 400 264 SERMO
432 237 531 273 LVI,
565 234 611 262 m
643 233 809 260 ΜΑΤΤΗ.
846 235 911 272 VI,
947 234 1001 260 m:
1032 230 1156 261 onAT.
1191 235 1298 260 non.
1382 223 1462 260 175

82 299 162 343 ibis
179 314 203 343 a
219 299 372 359 spiritu
388 299 632 358 ejusPEcce
645 296 827 340 dimittit
844 305 902 351 te,
919 305 963 341 et
976 312 1064 343 non
1079 295 1290 355 flagellat:
1307 297 1466 340 deserit

82 368 455 430 blasphemantem
473 402 484 423 ‚
508 383 600 413 non
620 367 777 411 senties
803 366 1100 426 judicantem?
1128 370 1282 414 Nonne
1311 367 1466 411 melius

83 448 148 484 est
168 448 219 484 ut
238 437 430 497 flagellet
452 447 496 483 te
518 445 563 482 et
578 435 756 496 recipiat
777 445 842 493 te,
867 452 1000 497 quam
1021 445 1171 497 parcat
1191 437 1271 482 tibi
1284 471 1296 493 ,
1321 445 1365 481 et
1385 436 1465 481 de-

14 560 18 570 .
82 517 195 554 serat
211 509 288 552 te?

17 633 19 637 .
139 580 216 623 VI.
234 578 438 623 Dicamus
452 591 555 636 ergo
569 576 754 621 Domino
773 579 865 621 Deo
883 585 1032 622 nostro
1050 595 1059 622 :
1079 596 1097 617 «
1116 577 1317 632 Domine,
1340 576 1465 622 refu-

16 638 22 643 „
83 665 107 692 ιι
125 648 244 706 gium
265 647 406 693 factus
420 662 464 692 es
486 646 625 702 nobis,
640 647 686 690 in
700 647 981 705 generatione
999 655 1042 690 et
1057 647 1350 705 generatione.
1377 666 1395 688 »
1415 649 1468 691 In

16 772 18 782 ί
79 718 219 777 prima
241 718 517 777 generatione
538 726 582 762 et
600 717 733 762 altera
755 717 1054 775 generatione,
1076 715 1296 775 refugium
1326 716 1467 760 factus

16 785 26 842 T„
80 803 125 833 es
145 788 287 834 nobis.
315 791 380 833 Tu
401 787 619 846 refugium
641 797 691 832 ut
711 802 986 832 nasceremur
1000 822 1011 843 ,
1041 787 1118 847 qui
1150 803 1240 832 non
1263 802 1432 832 eramus
1454 806 1464 831 :

18 851 27 892 :²
79 868 131 904 tu
145 858 365 918 refugium
385 867 436 903 ut
453 874 778 903 renasceremur
792 892 804 914 ,
828 858 906 918 qui
917 857 1020 902 mali
1043 873 1215 903 eramus
1242 877 1252 903 ε
1276 867 1326 902 tu
1347 857 1469 902 refu-

20 933 27 985 ζ
81 929 203 989 gium
223 938 274 974 ut
292 944 487 989 pasceres
508 928 747 974 desertores
772 938 870 974 tuos
895 948 905 973 :
933 938 983 973 tu
1013 927 1231 988 refugium
1254 938 1304 973 ut
1328 928 1467 987 erigas

19 1023 25 1054 ‚²
65 1008 124 1044 -et
152 1000 309 1059 dirigas
345 1000 457 1045 filios
493 1009 591 1045 tuos
612 1019 622 1046 :
650 1009 700 1045 tu
722 998 942 1059 refugium
962 999 1104 1045 factus
1125 1014 1169 1044 es
1188 999 1330 1044 nobis.
1356 1002 1394 1043 Α
1425 1008 1468 1043 te

21 1070 29 1123 ’ἦ
79 1085 170 1115 non
190 1071 469 1125 recedemus,
492 1085 594 1116 cum
625 1070 875 1115 liberaveris
907 1085 985 1114 nos
1019 1071 1076 1115 ab
1114 1070 1318 1115 omnibus
1344 1068 1467 1114 malis

27 1130 29 1178 f
78 1141 260 1195 nostris,
291 1149 335 1185 ct
368 1139 613 1200 impleveris
637 1155 714 1185 nos
746 1140 872 1184 bonis
906 1141 1006 1184 tuis.
1045 1142 1164 1184 Bona
1197 1139 1300 1194 das,
1337 1138 1467 1182 blan-

28 1202 29 1207 *
78 1209 205 1265 diris,
228 1225 284 1254 ne
307 1210 540 1269 fatigemur
558 1210 603 1254 in
624 1210 693 1254 via
717 1229 727 1254 ι
752 1209 956 1268 corripis,
981 1208 1132 1264 caedis,
1159 1209 1369 1268 percutis,
1401 1208 1468 1252 di—

29 1267 31 1294 *
77 1279 179 1339 rigis
194 1314 207 1334 ,
230 1294 287 1324 ne
305 1279 555 1323 aberremus
577 1295 601 1323 a
624 1279 710 1323 via.
739 1279 835 1323 Sive
856 1293 958 1337 ergo
979 1278 1188 1324 blandiris
1202 1314 1214 1335 ‚
1238 1295 1294 1323 ne
1315 1278 1469 1337 fatige-

77 1364 178 1393 mur
198 1349 246 1393 in
269 1349 338 1393 via
354 1369 366 1408 3
385 1349 472 1393 sive
487 1349 688 1406 castigas,
713 1363 768 1392 ne
789 1348 1038 1393 aberremus
1059 1349 1165 1394 avia
1187 1367 1196 1394 ε
1221 1368 1238 1389 «
1257 1348 1464 1404 Domine,

56 1444 60 1453 ,
83 1438 103 1462 »
134 1419 353 1479 refugium
381 1417 522 1465 factus
543 1434 588 1465 es
620 1419 763 1464 nobis.
794 1438 812 1461 »

60 1590 63 1594 ,
1199 1582 1207 1590 ι

78 1610 360 1627 ΜΜΜᾹΛΙἋᾹΛΙἋ
364 1608 1462 1627 mmmmmwuwuwmmmwmwumvvwsmwum

555 1761 785 1805 SERMO
823 1759 934 1805 LVI
947 1762 976 1803 ¹.

63 1930 144 1978 'In
172 1929 412 1993 Evangel.
449 1928 631 1977 llffczttlz.
665 1936 708 1974 6.
743 1927 802 1974 cle
832 1928 1065 1975 Oratione
1095 1928 1372 1987 Domz'm'ea,
1395 1930 1467 1976 cccl

26 1998 30 2002 ’
599 1999 948 2060 Competentes.

56 2207 73 2229 Ἴ,
141 2175 178 2217 Ι.
211 2174 379 2216 Eunus
411 2171 645 2231 Apostolus
671 2180 869 2231 tempora
903 2171 1013 2228 ista,
1048 2172 1227 2233 quando
1260 2171 1461 2219 futurum

32 2250 196 2302 ‘gg;.erat,
219 2251 269 2286 ut
290 2256 439 2286 omnes
476 2251 624 2301 gentes
656 2242 703 2286 in
731 2244 872 2287 Deum
892 2242 1145 2298 crederent,
1170 2244 1461 2303 praenuntiata

32 2313 314 2373 0ostendens
345 2311 478 2356 fuisse
513 2327 538 2356 a
573 2313 821 2372 Prophetis,
859 2313 943 2358 hoc
990 2314 1285 2359 testimonium
1316 2315 1461 2374 posuit

32 2383 200 2446 ſtrquod
232 2383 442 2443 scriptum
463 2391 557 2427 est:
587 2400 608 2425 «
631 2386 688 2428 Et
709 2383 812 2439 erit,
841 2383 982 2429 omnis
1018 2384 1151 2429 homo
1179 2385 1257 2444 qui
1286 2386 1461 2431 invoca-

39 2483 41 2487 Α
60 2452 106 2504 ζ»
139 2454 250 2500 verit
267 2469 430 2499 nomen
452 2453 650 2506 Domini,
681 2453 823 2500 salvus
845 2455 927 2500 erit
943 2458 976 2500 ².
1003 2472 1025 2497 »
1049 2457 1189 2501 Antea
1209 2456 1327 2503 enim
1343 2456 1461 2518 apud

129 2569 138 2587 ¹
160 2563 243 2596 Alias
261 2563 301 2596 dc
321 2563 460 2596 Diversis
480 2561 582 2605 48.—
603 2561 689 2596 2J061
707 2573 740 2605 11,
758 2562 813 2595 32.
