1898 3178
350 229 432 268 624
780 236 812 265 s.
850 237 1079 265 Auuus‘rnu
1111 239 1291 266 EPISCOPI

347 305 571 357 servirent,
605 313 647 347 et
672 303 727 346 ab
750 303 954 347 oneribus
988 302 1143 346 mundi
1164 303 1367 347 liberatos
1383 337 1393 357 ‚
1418 303 1537 347 velut
1561 316 1728 361 penna·

347 385 413 421 tos
434 390 604 419 sursum
625 375 829 418 humeros
847 373 1063 418 tollerent.
1087 375 1141 418 Hi
1166 383 1266 418 sunt
1284 374 1464 418 minimi.
1486 377 1627 428 Quare
1653 374 1731 417 mi-

347 447 486 489 nimi?
504 446 613 498 Quia
630 444 829 499 humiles,
851 445 951 504 quia
966 460 1056 488 non
1072 443 1195 499 elati,
1213 461 1300 489 non
1315 445 1506 504 superbi.
1519 444 1729 504 Appende

347 517 548 561 minimos
571 517 696 570 istos,
722 525 766 559 et
787 530 916 573 grave
938 515 1109 575 pondus
1133 515 1338 559 invenies.

406 591 463 631 ΙΙ.
493 585 576 631 Sed
598 585 706 646 quid
734 595 824 641 est,
845 586 965 646 quod
1004 586 1063 630 ait
1095 601 1166 630 eos
1189 601 1278 629 esse
1311 585 1469 630 amicos
1500 585 1554 629 de
1590 600 1729 629 mam·

347 674 475 702 mona
497 657 763 718 iniquitatis?
776 657 893 710 Quid
910 666 973 701 est
995 672 1241 702 mammona
1259 657 1524 717 iniquitatis?
1538 657 1731 700 Primum

344 727 452 787 quid
470 736 532 771 est
549 742 800 771 mammona
818 729 835 768 ἵ)
853 728 1046 771 Verbum
1064 737 1128 772 est
1147 727 1263 771 enim
1279 726 1399 785 quod
1417 727 1619 770 Latinum
1642 742 1732 770 non

345 808 421 842 est.
460 798 696 842 Hebraeum
722 798 904 842 verbum
945 808 1031 853 est,
1072 806 1304 855 cognatum
1341 796 1501 855 linguae
1537 797 1726 840 Punicae.

350 871 435 912 Iste
465 869 581 912 enim
612 868 774 927 linguae
812 867 894 911 sibi
930 867 1257 926 significationis
1290 868 1480 926 quadam
1512 867 1732 911 vicinitate

347 938 581 983 sociantur.
609 937 737 991 Quod
769 937 923 981 Punici
944 936 1098 981 dicunt
1119 951 1357 991 mammon,
1383 937 1534 981 Latine
1561 936 1731 981 lucrum

344 1009 673 1062 vocatur.Quod
687 1009 857 1052 Hebraei
872 1008 1025 1053 dicunt
1040 1023 1302 1062 mammona,
1318 1008 1469 1051 Latine
1483 1008 1644 1052 divitiae
1658 1023 1732 1052 vo·

344 1090 513 1124 cantur.
527 1082 584 1123 Ut
599 1094 700 1136 ergo
710 1079 861 1122 Latine
874 1087 1017 1122 totum
1032 1077 1242 1134 dicamus,
1253 1078 1336 1123 hoc
1349 1078 1625 1122 aitDominus
1636 1093 1731 1122 nos-

345 1161 409 1195 ter
424 1154 446 1194 J
452 1165 547 1194 esus
558 1150 755 1195 Christus
778 1169 785 1193 2
812 1168 830 1190 «
849 1149 996 1193 Facite
1014 1149 1138 1192 vobis
1151 1149 1308 1193 amicos
1323 1147 1377 1192 de
1395 1148 1552 1192 divitiis
1570 1148 1731 1208 iniqui-

347 1241 366 1262 »
392 1221 504 1266 tatis.
522 1240 540 1262 »
559 1223 652 1265 Hoc
665 1218 846 1279 quidam
863 1219 976 1263 male
989 1218 1272 1277 intelligendo
1285 1219 1461 1278 rapiunt
1475 1234 1540 1263 res
1554 1218 1728 1273 alienas,

344 1303 387 1337 et
405 1291 570 1352 aliquid
593 1290 694 1335 inde
708 1290 973 1350 pauperibus
995 1289 1256 1347 largiuntur,
1282 1301 1324 1334 et
1346 1300 1503 1350 putant
1525 1306 1568 1334 se
1591 1288 1731 1334 facere

344 1363 465 1424 quod
498 1372 769 1422 praeceptum
790 1370 867 1405 est.
894 1361 1054 1405 Dicunt
1077 1361 1216 1415 enim,
1242 1364 1410 1420 Rapere
1447 1376 1512 1404 res
1541 1360 1700 1404 alienas
1716 1394 1727 1415 ,

343 1449 590 1478 mammona
612 1442 676 1477 est
701 1431 940 1491 iniquitatis
961 1450 969 1475 :
995 1446 1170 1488 erogare
1197 1430 1299 1474 inde
1327 1430 1515 1489 aliquid,
1548 1430 1731 1474 maxime

342 1504 571 1563 egentibus
597 1502 779 1556 sanctis,
817 1502 900 1544 hoc
930 1510 993 1544 est
1030 1499 1172 1544 facere
1207 1501 1367 1544 amicos
1402 1499 1456 1544 de
1485 1516 1731 1544 mammona

341 1575 595 1635 iniquitatis.
620 1572 871 1617 Intellectus
890 1573 967 1615 iste
989 1570 1271 1630 corrigendus
1293 1581 1372 1626 est,
1390 1572 1476 1615 imo
1491 1571 1544 1615 de
1567 1571 1728 1616 tabulis

341 1644 481 1690 cordis
504 1644 632 1688 vestri
648 1642 827 1688 omnino
847 1640 1058 1685 delendus
1073 1650 1152 1685 est.
1173 1641 1282 1687 Nolo
1297 1642 1355 1686 sic
1373 1642 1638 1700 intelligatis.
1668 1645 1727 1685 De

334 1715 460 1775 justis
485 1713 709 1758 laboribus
733 1710 861 1756 facite
879 1710 1173 1769 eleemosynas
1202 1731 1209 1755 :
1236 1727 1286 1755 ex
1304 1727 1354 1755 eo
1373 1711 1491 1771 quod
1516 1722 1630 1756 recte
1649 1712 1727 1755 ha-

341 1787 452 1831 betis
469 1785 585 1829 date.
606 1787 702 1830 Non
726 1783 838 1827 enim
873 1783 1120 1842 corrupturi
1143 1783 1242 1826 estis
1257 1782 1451 1842 judicem
1474 1784 1695 1827 Christum
1714 1818 1724 1837 ,

342 1867 391 1902 ut
423 1873 512 1902 non
548 1872 622 1900 vos
661 1855 808 1899 audiat
829 1869 931 1898 cum
963 1853 1258 1912 pauperibus,
1296 1852 1456 1912 quibus
1487 1852 1649 1897 tollitis.
1685 1852 1728 1898 Si

342 1928 458 1972 enim
478 1923 785 1985 depraedareris
809 1923 999 1983 aliquem
1020 1920 1284 1977 invalidum,
1312 1932 1359 1966 tu
1381 1922 1566 1967 validior
1588 1933 1630 1966 et
1645 1939 1727 1982 po-

342 1998 522 2051 tentior,
545 2005 586 2040 et
607 1995 775 2039 veniret
789 2003 933 2037 tecum
951 1992 1005 2037 ad
1018 1993 1211 2052 judicem
1225 1992 1469 2036 hominem¹
1488 1992 1728 2052 quemlibet

342 2068 386 2112 in
409 2069 490 2111 hac
521 2076 660 2120 terra,
700 2064 935 2108 habentem
966 2062 1191 2122 judicandi
1217 2061 1408 2121 aliquam
1437 2071 1695 2121 potestatem
1713 2098 1724 2118 ,

340 2138 559 2198 velletque
581 2147 726 2181 tecum
745 2150 916 2179 causam
941 2134 1083 2177 dicere
1100 2168 1110 2187 ‚
1135 2133 1169 2176 si
1191 2142 1239 2176 tu
1261 2132 1314 2176 de
1339 2133 1484 2192 praeda
1506 2142 1549 2177 et
1565 2133 1726 2193 spolia-

343 2211 460 2253 tione
481 2207 553 2252 illa
574 2207 714 2266 inopis
736 2206 858 2249 dares
881 2203 1044 2264 aliquid
1061 2202 1222 2263 judici,
1249 2212 1299 2246 ut
1321 2219 1398 2262 pro
1422 2213 1462 2246 te
1479 2204 1696 2263 judicaret
1713 2239 1723 2257 ‚

338 2279 472 2339 judex
490 2278 562 2322 ille
585 2277 653 2322 vel
676 2277 752 2321 tibi
768 2275 1166 2335 placeretPNempe
1188 2289 1265 2331 pro
1285 2283 1323 2316 te
1338 2273 1570 2332 judicavit,
1596 2283 1638 2317 et
1663 2283 1726 2317 ta-

344 2366 445 2394 men
467 2358 585 2394 tanta
605 2349 665 2393 vis
681 2357 744 2392 est
760 2346 939 2407 justitiae
954 2380 965 2401 ,
994 2353 1043 2388 ut
1065 2353 1107 2388 et
1131 2344 1205 2388 tibi
1223 2343 1447 2403 displiceat
1461 2348 1492 2388 2.
1517 2344 1614 2389 Noli
1648 2345 1726 2388 tibi

410 2472 416 2486 ¹
436 2465 512 2496 (Lod.
531 2467 616 2497 (3³5⁵.
638 2474 659 2494 11
676 2474 682 2494 :
711 2464 750 2494 Et
772 2460 899 2493 veniret
912 2460 951 2491 ad
965 2459 1109 2500 judicem
1126 2458 1285 2489 hominem
1317 2458 1536 2499 proconsulem
1562 2458 1723 2490 vicarium.

346 2538 386 2542 —
408 2528 418 2542 ²
451 2521 515 2552 Cod
548 2522 630 2552 Cass.
650 2530 674 2551 11
696 2530 702 2549 :
723 2520 821 2550 Tanta
843 2517 886 2548 vis
901 2515 1031 2556 justitiae
1047 2540 1055 2555 ,
1080 2519 1114 2546 ut
1137 2514 1236 2554 judex
1261 2523 1354 2553 quem
1382 2518 1415 2545 tu
1444 2514 1510 2554 ipse
1533 2514 1723 2555 corrupisti,

348 2577 444 2610 etiam
459 2577 517 2609 tibi
534 2576 729 2618 displiceret.

1866 1654 1898 1701 hi«
