1898 3178
455 274 593 303 SERMO
623 276 737 313 exn,
772 275 825 302 DE
857 272 1003 302 VERBIS
1034 275 1127 302 Luc.
1163 275 1254 301 xw.
1452 262 1536 302 619

162 339 251 384 bat.
275 339 379 393 Quis
410 348 474 384 est
496 339 617 399 panis
638 339 693 383 de
722 354 855 397 regno
886 340 990 394 Dei,
1015 339 1095 383 nisi
1117 339 1193 399 qui
1227 338 1333 383 dicit
1358 355 1367 379 :
1397 356 1418 380 «
1442 341 1536 397 Ego

164 428 184 450 υ
217 424 314 454 sum
335 410 456 469 panis
477 411 600 454 vivus
616 445 627 464 ,
645 410 791 469 quide
808 409 921 455 coelo
943 409 1147 454 descendi
1162 412 1174 435 ²
1193 411 1211 453 Ξ)
1232 428 1251 450 »
1270 408 1368 455 Noli
1385 424 1535 468 parare

159 478 327 535 fauces,
351 480 426 524 sed
458 495 547 524 cor.
582 479 691 524 Inde
712 480 1013 525 commendata
1035 489 1099 524 est
1130 480 1210 524 ista
1243 495 1390 534 coena,
1425 482 1538 523 Ecce

157 549 374 594 credimus
390 551 436 594 in
457 550 700 605 Christum,
721 566 821 595 cum
839 550 925 594 fide
945 551 1193 610 accipimus.
1212 553 1263 594 In
1286 549 1536 609 accipiendo

157 621 358 665 novimus
370 621 478 682 quid
498 621 752 680 cogitemus.
768 620 990 666 Modicum
1013 621 1261 681 accipimus,
1282 630 1325 666 et
1342 621 1388 665 in
1407 621 1538 665 corde

155 691 418 750 saginamur.
442 694 540 737 Non
562 706 663 749 ergo
698 691 819 751 quod
840 691 1035 746 videtur,
1061 691 1136 735 sed
1169 691 1288 751 quod
1314 692 1506 736 creditur
1523 726 1534 745 ,

156 761 308 820 pascit.
334 763 430 806 Non
452 775 555 820 ergo
577 761 705 804 etiam
729 776 902 805 sensum
931 761 1054 805 illum
1077 770 1300 805 externum
1332 761 1538 821 quaesivi-

156 845 279 889 mus3
304 846 385 876 nec
409 831 615 886 diximus,
640 831 916 876 Crediderim
936 832 1010 891 qui
1041 833 1273 876 Dominum
1296 831 1436 890 ipsum
1467 846 1537 874 re-

155 911 404 961 surgentem
423 937 434 957 ,
465 903 499 946 si
520 917 671 946 verum
694 911 757 946 est
785 901 905 961 quod
936 901 1118 953 dicitur,
1149 901 1352 946 viderunt
1378 901 1535 957 oculis,

155 974 355 1017 manibus
385 973 673 1033 palpaverunt
695 988 801 1018 :nos
832 989 922 1017 non
951 973 1193 1032 tangimus,
1230 987 1362 1032 quare
1398 973 1538 1016 credi-

155 1046 285 1088 mus?
320 1045 363 1090 Si
407 1044 504 1089 talia
539 1045 848 1104 cogitaremus,
885 1045 1078 1104 quinque
1106 1043 1188 1088 illis
1212 1044 1327 1103 jugis
1359 1043 1493 1087 boum
1514 1060 1537 1088 a

153 1129 280 1159 coena
300 1114 626 1174 impediremur.
654 1118 711 1160 Ut
731 1116 957 1170 noveritis,
989 1115 1142 1159 fratres
1158 1148 1169 1169 ‚
1194 1115 1375 1158 istorum
1403 1115 1536 1175 quin-

153 1200 241 1245 que
260 1200 464 1229 sensuum
483 1221 493 1240 ‚
519 1201 608 1229 non
630 1185 962 1229 delectationem
981 1220 992 1239 ,
1018 1200 1116 1245 quae
1137 1184 1378 1243 permulcet
1399 1193 1440 1228 et
1466 1186 1535 1228 in—

154 1256 262 1313 gerit
305 1256 573 1315 voluptatem
594 1291 604 1311 ‚
647 1256 720 1300 sed
755 1257 1045 1301 curiositatem
1083 1256 1320 1314 quamdam
1342 1264 1535 1300 notatam

153 1324 308 1380 fuisse,
344 1342 433 1370 non
468 1326 527 1369 ait
553 1345 561 1370 :
598 1345 616 1367 «
654 1326 858 1386 Quinque
883 1327 986 1385 juga
1028 1325 1162 1368 boum
1195 1325 1305 1380 emi,
1349 1341 1400 1369 eo
1440 1341 1536 1385 pas-

156 1414 177 1437 »
203 1411 300 1440 cere
320 1395 393 1439 illa
419 1415 427 1440 :
454 1396 529 1439 sed
547 1431 557 1450 ,
583 1412 634 1440 eo
656 1397 840 1455 probare
862 1396 949 1440 illa.
979 1395 1101 1448 »Qui
1121 1394 1215 1438 vult
1237 1395 1436 1455 probare,
1460 1412 1536 1455 per

148 1467 253 1525 juga
287 1466 423 1510 boum
451 1481 541 1510 non
578 1465 673 1510 vult
698 1466 926 1518 dubitare,
962 1465 1183 1524 quomodo
1215 1475 1387 1509 sanctus
1417 1467 1534 1511 Tho-

151 1550 242 1579 mas
265 1551 342 1594 per
359 1537 466 1596 juga
499 1535 640 1579 noluit
663 1536 878 1579 dubitare.
905 1533 1087 1579 Videam
1106 1568 1117 1588 ‚
1150 1543 1323 1593 tangam
1343 1569 1354 1589 ,
1378 1534 1535 1594 digitos

150 1606 336 1650 mittam.
362 1625 381 1647 «
400 1609 529 1660 Ecce,
547 1606 705 1665 inquit,
726 1606 880 1664 digitos
901 1614 995 1649 tuos
1011 1606 1132 1648 mitte
1149 1620 1225 1664 per
1241 1604 1352 1649 latus
1370 1621 1531 1661 meum,

154 1693 175 1716 »
210 1684 254 1719 et
275 1674 366 1720 noli
387 1691 477 1719 esse
510 1674 774 1719 incredulus.
799 1693 818 1715 »
843 1675 1019 1718 Occisus
1047 1690 1142 1718 sum
1164 1684 1343 1734 propter
1360 1684 1402 1719 te
1424 1695 1432 1720 :
1458 1691 1534 1735 per

150 1745 296 1790 locum
320 1761 449 1806 quem
473 1746 536 1789 vis
556 1755 732 1804 tangere
751 1779 763 1799 ‚
787 1746 1038 1803 sanguinem
1062 1744 1157 1789 fudi
1173 1781 1184 1800 ‚
1208 1754 1257 1789 ut
1278 1746 1532 1790 redimerem

150 1826 193 1861 te
209 1851 223 1873 ,
247 1826 291 1861 et
313 1816 456 1861 adhuc
486 1816 660 1860 dubitas
689 1816 743 1860 de
766 1831 834 1859 me
851 1851 862 1870 ‚
902 1817 982 1859 nisi
1020 1817 1208 1874 tetigeris
1235 1818 1337 1860 me?
1358 1820 1470 1861 Ecce
1489 1828 1533 1862 et

149 1888 233 1933 hoc
255 1896 413 1947 praesto
427 1922 438 1942 ‚
463 1902 563 1932 ecce
585 1896 627 1932 et
647 1888 731 1932 hoc
746 1887 929 1931 exhibeo
955 1906 963 1931 :
990 1896 1117 1945 tange
1139 1896 1182 1932 et
1204 1887 1331 1932 crede
1349 1909 1360 1945 3
1385 1889 1531 1934 inveni

147 1958 295 2003 locum
317 1958 508 2003 vulneris
523 1994 534 2013 ,
555 1974 654 2002 sana
676 1957 835 2002 vulnus
859 1957 1158 2002 dubitationis.

208 2032 283 2073 VI.
309 2048 329 2071 «
364 2030 532 2073 Tertius
554 2028 662 2073 dixit
687 2049 695 2073 :
724 2031 909 2073 Uxorem
931 2027 1050 2072 duxi.
1078 2047 1097 2069 »
1120 2031 1206 2072 Ista
1233 2028 1432 2088 voluptas
1465 2040 1529 2074 est

147 2099 310 2155 carnis,
333 2115 432 2159 quae
453 2099 612 2144 multos
640 2099 820 2158 impedit
842 2098 1034 2142 :utinam
1062 2097 1189 2152 foris,
1216 2107 1259 2142 et
1280 2114 1369 2142 non
1393 2099 1525 2144 intus.

150 2172 261 2215 Sunt
281 2170 477 2214 homines
499 2170 577 2229 qui
596 2170 747 2213 dicunt
774 2188 781 2212 :
804 2170 901 2213 Non
922 2178 984 2212 est
1001 2169 1166 2213 homini
1190 2169 1325 2223 bene,
1352 2169 1435 2213 nisi
1458 2171 1532 2214 cui

147 2239 306 2285 adsunt
338 2240 477 2285 carnis
500 2238 682 2283 deliciae.
717 2240 803 2298 Ipsi
837 2248 938 2283 sunt
968 2254 1076 2299 quos
1109 2248 1233 2283 notat
1263 2238 1495 2297 Apostolus
1514 2275 1526 2295 ‚

147 2311 338 2356 dicentes
366 2330 375 2355 :
405 2329 423 2352 «
451 2309 766 2354 Manducemus
789 2318 830 2353 et
852 2309 1054 2352 bibamus
1071 2343 1083 2363 ,
1107 2324 1199 2352 cras
1226 2309 1341 2352 enim
1370 2310 1529 2353 morie-

149 2399 170 2423 »
204 2383 348 2425 mur1.
377 2400 396 2422 »
416 2381 521 2434 Quis
542 2381 630 2425 huc
657 2379 759 2424 inde
785 2379 999 2424 surrexit?
1021 2379 1126 2432 Quis
1146 2378 1272 2423 nobis
1287 2414 1298 2434 ‚
1320 2380 1440 2438 quod
1467 2380 1528 2424 ibi

209 2502 220 2519 ¹
239 2497 329 2528 Joan.
350 2507 396 2537 Ἦ,
418 2495 473 2538 [μ.
494 2512 535 2518 —-
552 2502 564 2518 ²
585 2506 598 2526 1
619 2497 690 2528 Cor.
712 2505 765 2534 xv,
789 2495 841 2528 32.
865 2512 903 2518 --
921 2495 998 2528 Cod.
1018 2495 1101 2526 Cass.
1126 2505 1160 2534 u,
1188 2494 1244 2527 fol.
1276 2496 1362 2537 189:
1382 2495 1468 2527 Talia
1495 2495 1527 2527 in

145 2551 245 2594 epulis
259 2552 321 2584 suis
336 2552 428 2584 dives
444 2551 496 2584 ille
521 2551 676 2594 superbus
691 2551 820 2584 dicebat
839 2564 845 2583 :
865 2552 1096 2584 Manducemus
1114 2555 1147 2583 et
1165 2550 1325 2589 bibamus,
1355 2561 1423 2583 cras
1441 2551 1524 2583 enim

145 2607 328 2642 moriemur.
344 2608 432 2647 Quis,
453 2612 515 2640 etc.
