1898 3178
447 257 502 292 20
879 264 912 289 s.
948 260 1179 290 Auensnm
1212 261 1393 289 Emscom

444 329 562 373 dicas
582 328 700 386 ligna
724 326 900 386 praecisa
921 325 975 370 de
991 326 1078 371 vite
1096 346 1107 383 3
1129 341 1209 370 nec
1237 325 1291 370 ad
1314 323 1576 369 revocandas
1598 336 1696 367 oves
1710 355 1721 377 ,
1745 337 1827 366 nec
1892 331 1893 342 ³

443 413 590 443 rursus
620 396 674 441 acl
705 390 932 440 inserenda
963 394 1082 452 ligna
1103 395 1247 440 minus
1269 395 1451 439 idoneus
1480 402 1542 437 est
1563 396 1704 450 Deus3
1725 391 1827 450 quia

442 468 517 512 ille
543 481 737 512 summus
768 474 931 523 pastor,
968 464 1038 509 ille
1070 480 1198 510 verus
1219 464 1418 524 agricola.
1449 482 1469 506 «
1494 466 1551 507 Et
1577 463 1624 506 in
1652 476 1827 506 omnem
1884 467 1885 503 ῑ

445 556 466 579 »
501 537 656 581 faciem
675 545 799 580 terrae
820 534 1022 594 dispersae
1044 545 1175 593 sunt3
1199 545 1242 580 et
1260 550 1350 580 non
1373 534 1457 578 fuit
1478 534 1553 593 qui
1570 533 1824 592 requireret,
1876 573 1878 576 .

444 626 466 649 n
500 623 589 652 non
613 606 694 651 fuit
717 607 794 667 qui
816 615 1053 652 revocaret.
1076 609 1174 653 Non
1191 606 1303 661 fuit,
1333 623 1353 646 »
1380 603 1453 648 sed
1475 604 1521 647 in
1542 603 1624 648 iuis
1645 601 1828 662 pastori-
1882 598 1883 603 ’

440 677 521 721 hus
539 676 689 720 malis:
715 694 735 718 «
760 676 977 732 nonfuit,
1004 694 1022 717 »
1049 676 1124 720 sed
1142 677 1275 720 homo
1292 710 1303 731 ‚
1329 693 1349 716 «
1374 675 1452 734 qui
1473 673 1729 733 requireret.
1757 689 1777 713 »

476 749 598 791 XIX.
617 750 905 806 «Propterea,
918 755 1125 806 pastores,
1140 745 1287 790 audite
1308 744 1496 801 verbum·
1507 743 1702 788 Domini:
1718 742 1827 786 Vivo

442 835 463 859 »
499 832 578 875 ego
594 852 605 873 ‚
637 817 743 862 dicit
768 818 976 862 Dominus
997 818 1152 862 Deus¹.
1177 834 1197 858 »
1227 815 1381 860 Videte
1402 813 1520 858 unde
1537 813 1686 872 coepit.
1711 815 1827 856 Tan-

439 901 573 946 quam
592 888 754 948 juratio
787 896 851 931 est
884 887 983 942 Dei,
1020 887 1263 931 testificatio
1295 886 1397 930 vitae
1419 900 1522 929 suae.
1550 884 1700 928 «Vivo
1722 897 1824 941 ego,

439 974 460 997 »
497 956 603 1001 dicit
618 958 877 1002 Dominus.»
894 957 1059 1002 Mortui
1080 967 1182 1001 sunt
1205 966 1396 1016 pastores
1418 974 1427 1000 :
1448 954 1524 999 sed
1545 969 1708 998 securae
1727 960 1829 996 sunt

437 1041 538 1071 oves
555 1061 567 1082 ,
598 1028 705 1072 vivit
722 1028 947 1072 Dominus.
979 1046 998 1069 «
1029 1028 1139 1073 Vivo
1164 1043 1245 1086 ego
1262 1062 1273 1082 ‚
1304 1027 1410 1071 dicit
1427 1025 1634 1070 Dominus
1652 1028 1782 1068 Deus.
1803 1040 1824 1064 »

435 1097 520 1149 Qui
533 1106 676 1141 autem
695 1107 887 1155 pastores
905 1098 1068 1142 mortui
1089 1099 1222 1142 sunt?
1238 1100 1322 1141 Sua
1341 1104 1602 1156 quaerentes,
1618 1095 1707 1138 non
1728 1108 1828 1153 quae
1870 1117 1871 1121 =

438 1167 463 1207 J
467 1179 543 1208 esu
563 1165 739 1208 Christi.
757 1168 900 1208 Erunt
922 1180 1039 1222 ergo,
1055 1175 1098 1209 et
1116 1166 1395 1210 invenientur
1413 1173 1603 1224 pastores
1625 1179 1715 1208 non
1729 1179 1828 1223 quae

440 1250 517 1278 sua
539 1242 640 1277 sunt
658 1243 904 1292 quaerentes
920 1269 931 1285 ,
956 1233 1031 1277 sed
1048 1248 1148 1293 quae
1171 1237 1275 1277 Jesu
1295 1235 1491 1278 Christi?
1512 1237 1654 1277 Erunt
1669 1234 1798 1292 plane
1814 1267 1825 1288 ‚
1866 1270 1867 1284 ,

439 1314 483 1349 et
504 1304 806 1361 invenientur3
830 1303 958 1363 plane
978 1319 1058 1348 nec
1077 1304 1257 1359 desunt,
1273 1321 1354 1349 nec
1377 1305 1576 1349 deerunt.
1594 1304 1829 1349 Videamus
1866 1307 1867 1323 ³

444 1389 548 1432 ergo
571 1375 678 1434 quid
700 1375 816 1418 dicat
837 1374 1047 1419 Dominus
1066 1409 1076 1430 ,
1101 1375 1177 1434 qui
1198 1389 1243 1418 se
1265 1374 1371 1419 dicit
1391 1375 1534 1419 vivere
1556 1394 1564 1419 :
1587 1383 1736 1419 utrum
1759 1374 1828 1419 di-

437 1454 510 1489 cat
534 1445 785 1494 ablaturum
814 1461 858 1489 se
880 1461 979 1490 oves
1003 1462 1027 1490 a
1048 1445 1295 1505 pastoribus
1312 1445 1460 1501 malis,
1486 1445 1763 1505 pascentibus
1785 1461 1828 1490 se
1862 1476 1864 1508 5

440 1515 576 1574 ipsos,
605 1531 695 1561 non
716 1531 840 1572 oves3
860 1525 904 1560 et
926 1516 1133 1561 daturum
1151 1531 1194 1560 se
1216 1531 1285 1560 eas
1307 1516 1550 1575 pastoribus
1571 1516 1712 1571 bonis,
1737 1531 1828 1575 pas·
1860 1523 1870 1567 ,ἡ

439 1586 639 1630 centibus
672 1601 796 1641 oves,
827 1601 918 1630 non
938 1600 997 1630 se.
1026 1605 1046 1627 «
1072 1586 1181 1631 Vivo
1204 1601 1306 1644 ego,
1330 1585 1435 1630 dicit
1457 1586 1667 1631 Dominus
1686 1589 1798 1630 Deus
1813 1621 1824 1640 ‚
1896 1578 1898 1599 ¹

442 1674 463 1697 »
499 1656 580 1700 nisi
605 1671 683 1715 pro
715 1672 766 1700 eo
787 1656 908 1716 quod
930 1656 1057 1700 factae
1079 1666 1180 1701 sunt
1202 1672 1301 1702 oves
1329 1672 1436 1701 meae
1470 1657 1516 1701 in
1540 1665 1827 1702 comesturam
1858 1647 1868 1720 ᾗῇ

442 1743 462 1766 »
499 1726 701 1771 omnibus
720 1726 867 1770 bestiis
884 1727 1042 1785 campi,
1065 1741 1116 1771 eo
1138 1727 1258 1786 quod
1280 1743 1370 1772 non
1392 1736 1502 1772 esset
1521 1730 1828 1787 pastor.»Rur-
1858 1731 1867 1757 V

435 1810 509 1840 sus
532 1805 748 1855 pastorem
773 1796 899 1852 dicit,
924 1806 968 1840 et
989 1797 1119 1856 paulo
1135 1807 1250 1853 ante,
1271 1806 1315 1842 et
1335 1813 1468 1842 nunc.
1489 1800 1587 1844 Non
1608 1798 1683 1853 ait,
1709 1813 1760 1841 ex
1776 1813 1828 1842 eo
1856 1798 1866 1850 ξ’

439 1866 560 1926 quod
582 1883 671 1911 non
695 1867 780 1911 sint
798 1876 1004 1926 pastores.
1031 1867 1195 1911 Ovibus
1215 1868 1331 1911 enim
1354 1868 1514 1912 talibus
1537 1867 1649 1912 male
1677 1882 1827 1913 erran-
1856 1856 1857 1863 ἵ

437 1935 552 1981 tibus
566 1971 577 1992 ,
603 1937 714 1982 male
737 1937 1023 1996 pereuntibus
1045 1952 1135 1981 non
1155 1946 1218 1982 est
1240 1946 1409 1997 pastor,
1443 1938 1521 1982 etsi
1555 1953 1742 1997 praesens
1765 1947 1828 1982 est
1853 1957 1855 1961 ’

435 2016 581 2065 pastor
602 2025 612 2051 ε
639 2008 742 2067 quia
765 2017 808 2051 et
829 2022 931 2051 cum
955 2022 1142 2066 praesens
1172 2016 1235 2051 est
1256 2007 1356 2063 lux,
1381 2023 1472 2052 non
1503 2017 1566 2053 est
1588 2009 1711 2053 caecis
1731 2008 1820 2053 lux.
1849 2020 1865 2059 Δ

440 2093 462 2117 «
495 2078 552 2120 Et
581 2092 671 2121 non
704 2077 972 2136 quaesierunt
1004 2086 1194 2137 pastores
1231 2093 1332 2123 oves
1364 2093 1502 2132 meas,
1540 2088 1583 2122 et
1610 2087 1826 2137 paverunt
1849 2067 1863 2103 Ὗ

441 2161 463 2184 ))
498 2156 688 2202 pastores
708 2163 752 2186 se
775 2148 888 2202 ipsos
908 2177 919 2198 ,
945 2159 1045 2188 oves
1063 2152 1209 2188 autem
1231 2159 1347 2190 meas
1364 2161 1453 2191 non
1474 2157 1702 2206 paverunt.
1729 2169 1747 2190 »

496 2215 596 2257 XX.
618 2217 833 2272 «Propter
850 2212 983 2268 istud,
999 2223 1207 2273 pastores,
1229 2216 1375 2260 audite
1396 2218 1581 2261 verbum
1604 2220 1820 2263 Domini.»
1857 2234 1862 2283 3
1883 2211 1898 2239 ff

439 2284 524 2329 Sed
545 2284 621 2343 qui
643 2293 835 2343 pastores
853 2283 1174 2328 audite?‹<Haec
1197 2284 1303 2330 dicit
1320 2287 1529 2331 Dominus
1552 2292 1665 2332 Deus
1685 2307 1693 2333 :
1710 2292 1822 2334 Ecce
1846 2320 1847 2332 ¹

439 2371 459 2393 »
495 2368 576 2411 ego
599 2369 728 2412 super
748 2362 961 2414 pastores,
986 2364 1028 2398 et
1046 2354 1264 2413 inquiram
1288 2371 1387 2401 oves
1409 2372 1524 2401 meas
1544 2357 1599 2404 de
1620 2359 1822 2403 manibus
1843 2382 1845 2395 ÷

440 2440 463 2465 >›
500 2423 721 2466 eorum2.»
739 2423 898 2468 Audite
916 2433 959 2468 et
973 2424 1121 2467 discite
1143 2440 1242 2470 oves
1265 2427 1340 2470 Dei
1359 2446 1367 2470 :
1389 2443 1412 2471 a
1433 2426 1555 2471 malis
1580 2429 1843 2486 pastoribus

438 2492 619 2552 inquirit
650 2495 763 2537 Deus
798 2509 897 2538 oves
929 2509 1052 2549 suas,
1091 2503 1133 2538 et
1162 2495 1217 2539 de
1238 2496 1436 2541 manibus
1458 2512 1610 2542 eorum
1631 2498 1821 2558 inquiret
1879 2490 1893 2518 ³5

485 2583 494 2600 ¹
522 2576 638 2610 Ezech.
659 2588 772 2620 xxxw,
793 2590 827 2622 7,
846 2582 878 2612 8.
894 2596 935 2603 -
960 2587 971 2602 2
992 2580 1072 2612 Ibid.
1092 2591 1125 2622 9,
1147 2591 1194 2612 10.
