1898 3178
265 242 404 272 sEnMo
435 243 504 280 m,
539 241 594 268 DE
624 238 859 270 coNconntA
891 237 1056 269 MATTH.
1091 241 1144 268 ET
1175 241 1269 268 ωε.
1375 229 1457 268 117

81 310 302 355 christiani
322 344 333 364 ‚
353 318 396 353 et
413 309 563 353 orabat
582 324 662 368 pro
684 308 758 352 eis.
775 311 913 354 Orans
935 323 1037 367 ergo
1056 307 1187 352 Israel
1208 308 1254 351 in
1275 307 1462 365 Babylo-

80 381 173 435 nia,
198 378 426 424 exauditus
444 387 520 423 est.
558 378 785 423 Exauditae
809 388 910 423 sunt
940 394 1066 424 voces
1096 377 1324 433 Ecclesiae,
1359 376 1460 423 facti

81 449 423 495 suntChristiani
441 458 509 494 :et
529 448 684 494 videtis
701 448 869 508 impleri
891 449 1012 508 quod
1036 447 1271 507 figuraliter
1293 447 1461 492 dictum

81 530 164 565 est:
185 537 205 561 «
216 522 267 563 In
281 534 429 564 eorum
445 534 566 579 pace,
584 519 664 563 erit
676 527 920 579 paxvestra.
930 536 950 560 »
964 522 1238 578 Acceperunt
1251 519 1367 563 enim
1380 534 1462 578 pa-

79 604 173 634 cem
191 589 365 644 Christi,
381 598 425 633 et
439 588 698 634 destiterunt
719 588 919 648 persequi
935 588 1216 644 ChristianoS‚
1241 597 1292 633 ut
1305 589 1396 648 jam
1416 588 1463 631 in

78 660 308 705 securitate
342 660 457 719 pacis
479 659 798 705 aedificarentur
821 659 1050 715 Ecclesiae,
1087 668 1131 702 et
1163 660 1464 719 plantarentur

80 730 232 789 populi
253 731 298 774 in
317 730 582 789 agricultura
605 731 712 786 Dei,
738 739 783 775 et
797 728 1112 775 fructificarent
1134 744 1282 775 omnes
1314 738 1463 789 gentes

91 800 197 854 fide,
223 815 313 859 spe,
338 809 381 844 et
402 801 612 845 charitate
632 816 731 861 quae
748 809 812 845 est
831 801 878 845 in
899 801 1087 847 Christo.

137 873 234 915 XV.
261 873 393 915 Facta
420 880 483 915 est
514 872 832 931 transmigratio
867 872 913 916 in
940 871 1228 930 Babyloniam
1259 879 1366 915 tunc
1386 885 1464 930 per

79 942 334 986 Jechoniam
348 977 359 997 ‚
380 942 455 1002 qui
474 957 564 987 non
588 952 652 987 est
668 944 901 1002 permissus
923 958 1105 1003 regnare
1136 943 1183 986 in
1210 945 1234 986 J
1238 942 1465 987 udaeorum

80 1021 206 1069 gente
223 1047 234 1066 ‚
260 1022 367 1072 typo
395 1013 579 1068 Christi,
603 1028 734 1074 quem
754 1016 779 1058 J
783 1014 898 1058 udaei
915 1014 998 1059 sibi
1013 1028 1192 1072 regnare
1209 1012 1463 1058 noluerunt.

80 1084 325 1128 Transitum
364 1084 466 1128 fecit
504 1083 635 1129 Israel
657 1086 713 1130 ad
748 1086 936 1141 Gentes,
961 1085 1007 1129 id
1035 1094 1125 1140 est,
1163 1083 1466 1144 praedicatores

78 1154 303 1212 Evangelii
342 1154 607 1199 transierunt
639 1154 695 1199 ad
731 1155 916 1214 populos
947 1155 1170 1199 Gentium.
1209 1154 1326 1206 Quid
1364 1169 1468 1212 ergo

20 1252 24 1267 2
77 1224 241 1267 miraris
264 1223 384 1283 quod
412 1224 478 1268 his
500 1233 755 1268 numeratur
775 1225 1033 1270 Jechonias‘?
1054 1225 1229 1269 Etenim
1251 1224 1285 1268 si
1306 1224 1467 1269 Christi

76 1294 260 1352 figuram
283 1294 462 1352 gerebat
482 1308 506 1337 a
531 1293 694 1337 Judaeis
717 1291 979 1339 transeuntis
1007 1295 1062 1338 ad
1080 1296 1266 1351 Gente53
1289 1293 1466 1338 attende

23 1379 25 1394 ³
76 1362 184 1423 quid
201 1372 263 1407 cst
284 1364 480 1408 Christus
503 1364 616 1408 inter
643 1363 820 1410 ,ludaeos
850 1373 893 1409 et
915 1366 1091 1410 Gentes.
1117 1367 1272 1410 Nonne
1289 1366 1380 1424 ipse
1405 1372 1469 1408 cst

23 1484 25 1486 ¹
75 1431 148 1476 ille
170 1433 277 1492 lapis
300 1433 542 1492 angularis?
567 1433 754 1478 Attende
778 1435 824 1478 in
853 1434 1014 1494 angulo
1036 1435 1272 1479 terminum
1290 1434 1465 1494 parietis

74 1504 226 1558 nnius,
252 1513 294 1547 ct
312 1504 485 1548 initium
510 1504 682 1563 parietis
712 1504 903 1549 alterius.
944 1508 1090 1565 Usque
1111 1505 1166 1549 ad
1188 1506 1332 1564 ipsum
1352 1504 1465 1564 lapi-

74 1574 175 1618 dem
197 1574 360 1618 metiris
377 1589 515 1618 unum
538 1574 746 1633 parietem
762 1609 773 1630 ‚
791 1583 834 1619 et
856 1575 912 1619 ab
934 1575 1028 1633 ipso
1049 1575 1249 1619 alterum.
1274 1576 1343 1619 Bis
1363 1589 1466 1633 ergo

73 1653 328 1688 numeratur
352 1644 460 1703 lapis
499 1643 737 1702 angularis,
774 1644 851 1702 qui
873 1644 1094 1688 connectit
1125 1653 1364 1704 utrumque
1386 1660 1464 1704 pa-

72 1714 240 1758 rietem.
291 1714 520 1757 Jechonias
564 1712 665 1770 ergo
707 1722 875 1772 gestans
913 1713 1099 1771 figuram
1134 1714 1336 1769 Domini,
1370 1723 1464 1759 tan-

0 1784 5 1842 ζ
72 1799 204 1844 quam
224 1783 331 1843 lapis
348 1783 564 1842 angularis
578 1792 732 1843 typum
747 1782 1021 1843 praeferebat.
1037 1787 1095 1829 Et
1107 1784 1218 1830 sicut
1231 1787 1255 1829 J
1259 1786 1463 1830 echonias

0 1908 6 1914 μ
72 1868 249 1912 regnare
273 1868 362 1898 non
391 1862 455 1897 est
477 1854 708 1912 permissus
726 1852 910 1909 Judaeis,
937 1853 1013 1898 sed
1033 1854 1145 1898 itum
1162 1863 1227 1899 est
1250 1855 1298 1899 in
1319 1856 1463 1913 Baby-

0 1931 7 1966 ῗ
72 1924 232 1968 Ioniam
260 1943 269 1969 ε
289 1924 347 1969 sic
369 1923 566 1969 Christus
587 1924 694 1983 lapis
714 1938 848 1983 quem
869 1923 1216 1982 reprobaverunt
1237 1924 1460 1971 aedifican-

0 1999 7 2006 ”
72 2004 155 2051 tes,
178 1996 318 2040 factus
333 2003 396 2039 est
417 1995 463 2038 in
484 2003 616 2054 caput
638 1993 811 2053 anguli,
834 2003 885 2038 ut
905 1995 1191 2052 Evangelium
1214 1996 1460 2054 perveniret

6 2071 7 2074 ’
73 2066 127 2110 ad
144 2067 305 2111 Gentes
319 2069 350 2110 1.
371 2065 470 2112 Noli
486 2080 587 2123 ergo
609 2065 811 2109 dubitare
826 2065 892 2110 bis
909 2080 1139 2110 numerare
1159 2075 1292 2125 caput
1311 2067 1459 2125 anguli

72 2145 116 2180 et
137 2137 326 2181 occurrit
344 2137 426 2180 tibi
443 2150 651 2180 numerus
666 2136 873 2195 scriptus3
896 2145 1028 2196 atque
1042 2138 1101 2182 ita
1123 2137 1455 2197 quatuordecim

72 2215 189 2261 sunt,
203 2215 246 2250 et
260 2206 589 2266 quatuordecim
597 2241 607 2261 ,
623 2215 666 2250 et
677 2207 1009 2266 quatuordecim
1022 2226 1031 2253 ε
1046 2216 1089 2252 et
1098 2222 1188 2253 non
1197 2217 1298 2252 sunt
1309 2217 1457 2253 tamen

0 2284 13 2335 ᾗ
73 2277 362 2337 quadraginta
388 2277 487 2320 duae
514 2278 813 2335 generationes
830 2313 841 2333 ‚
873 2277 950 2323 sed
977 2278 1264 2337 quadraginta
1286 2288 1330 2323 et
1351 2294 1454 2324 una.

5 2353 13 2360 ⁴·
72 2347 183 2400 Quia
198 2347 310 2391 sicut
324 2347 431 2391 ordo
442 2346 638 2405 lapidum
658 2362 759 2392 cum
776 2363 853 2408 per
875 2348 1035 2394 lineam
1051 2357 1213 2394 rectam
1235 2349 1451 2408 dirigitur,

72 2431 221 2461 omnes
249 2416 497 2475 singillatim
525 2428 832 2476 numerantur3
863 2434 964 2464 cum
994 2428 1139 2464 autem
1168 2419 1455 2480 detorquetur

6 2494 15 2502 ⁴
73 2486 202 2541 ordo,
228 2496 277 2530 ut
300 2487 507 2545 angulum
531 2486 679 2543 faciat,
710 2488 834 2534 illum
864 2488 1053 2549 lapidem
1075 2487 1193 2534 unde
1225 2498 1454 2550 torquetur

121 2578 130 2595 ¹
152 2571 231 2604 Psal.
251 2582 350 2613 cxvn,
369 2582 397 2605 1.
