1898 3178
255 260 393 290 sermo
426 263 494 299 m,
532 261 585 288 DE
617 260 850 289 CONCORDIA
882 261 1047 291 ΜΑΤΤΗ.
1085 264 1136 289 ET
1171 265 1262 289 Lcc.
1372 254 1450 292 109

68 329 187 380 Quos
200 343 288 372 non
309 335 536 387 propterea
558 326 811 381 abscondit,
834 337 885 372 ut
906 337 1035 388 neget
1061 348 1070 374 z
1096 328 1171 373 sed
1192 338 1243 373 ut
1265 329 1450 374 abscon⁵

0 413 1 419 ¹
67 397 168 442 ditis
184 396 340 442 excitet
354 396 631 441 desiderium.
652 399 756 441 Haec
771 407 834 441 est
851 399 1012 443 utilitas
1028 399 1194 444 secreti.
1214 402 1389 444 Honora
1407 400 1453 444 in

68 483 120 512 eo
136 467 253 528 quod
267 466 465 511 nondum
482 467 711 525 intelligis,
727 477 771 511 et
786 477 907 512 tanto
926 470 1062 527 magis
1076 471 1242 514 honora
1255 505 1266 524 ,
1286 479 1452 530 quanto

66 536 190 597 plura
212 536 307 581 vela
338 537 491 581 cernis.
526 539 701 590 Quanto
733 538 848 581 enim
870 537 1056 598 quisque
1077 540 1332 584 honoratior
1365 551 1449 593 est,

66 617 187 653 tanto
208 608 334 667 plura
351 607 445 652 vela
473 607 666 667 pendent
688 609 732 652 in
759 608 892 653 domo
914 610 1021 668 ejus.
1049 610 1155 655 Vela
1179 611 1347 655 faciunt
1368 612 1451 655 ho-

66 693 217 723 norem
241 678 392 723 secreti
415 697 423 722 :
446 677 521 725 sed
538 679 856 723 honorantibus
872 678 1073 723 levantur
1086 679 1197 723 vela.
1219 679 1453 725 Irridentes

2 779 5 782 -
66 757 212 793 autem
229 748 325 793 vela
341 783 352 803 ,
371 758 414 792 et
432 764 452 792 a
468 747 665 792 velorum
683 748 904 793 vicinitate
922 748 1160 809 pelluntur.
1184 769 1203 791 «
1224 752 1335 803 Quia
1353 767 1454 809 ergo

0 815 7 853 ἷ
69 836 90 860 »
121 819 353 863 transimus
375 818 430 862 ad
446 819 691 874 Christum,
718 819 914 864 aufertur
935 819 1167 864 velamen1.
1196 839 1216 861 »

127 891 202 932 VI.
224 887 458 932 Proferunt
476 888 714 933 calumnias
728 905 823 934 suas
844 890 1021 950 quidam
1036 925 1046 944 ,
1070 899 1114 934 et
1135 889 1290 935 dicunt
1309 911 1317 935 ;
1341 895 1454 935 Mat-

4 965 12 1002 ‹'
68 960 209 1004 thaeus
225 968 341 1004 certe
363 959 639 1018 Evangelista
661 962 750 1004 est?
773 960 1102 1020 Respondemus
1122 980 1129 1005 :
1154 964 1216 1005 Ita
1231 997 1241 1016 ,
1262 962 1333 1020 pio
1352 977 1425 1005 ore
1442 997 1451 1015 ,

8 1078 16 1091 ¹
68 1029 198 1075 corde
219 1030 400 1084 devoto,
418 1031 463 1073 in
485 1029 609 1074 nullo
629 1031 807 1075 omnino
827 1030 1079 1075 dubitantes
1105 1050 1114 1075 z
1142 1030 1455 1090 respondemus

11 1091 16 1142 ζ
69 1100 196 1159 plane
222 1119 231 1144 ε
257 1099 528 1158 Evangelista
554 1109 617 1144 est
648 1101 898 1144 Matthaeus.
937 1102 1087 1145 Credis
1120 1101 1184 1156 ei,
1220 1102 1457 1160 inquiunt?

12 1183 16 1192 ·
68 1171 170 1222 Quis
189 1185 276 1214 non
296 1168 557 1229 respondeat
585 1188 593 1214 ;
618 1168 786 1214 Credo?
808 1169 1036 1222 Quomodo
1055 1171 1108 1214 de
1127 1186 1349 1214 murmure
1366 1186 1456 1214 ves-

70 1250 138 1284 tro
171 1240 243 1299 pio
263 1241 479 1284 insonuit?
502 1242 592 1289 Ita,
621 1239 800 1294 fratres,
827 1241 860 1283 si
890 1255 1038 1284 secure
1061 1236 1370 1295 creditis,⁴non
1394 1251 1457 1285 est

16 1323 19 1326 '
71 1309 188 1353 unde
200 1308 477 1353 erubescatis.
497 1311 674 1368 Loquor
688 1308 831 1363 vobis,
851 1309 1086 1368 aliquando
1103 1309 1312 1368 deceptus
1325 1346 1335 1364 ,
1355 1326 1455 1354 cum

19 1404 27 1438 ¹2
73 1379 214 1439 primo
232 1393 340 1438 puer
357 1377 410 1421 ad
434 1377 600 1422 divinas
620 1378 860 1437 Scripturas
877 1388 977 1422 ante
1004 1378 1160 1423 vellem
1185 1380 1338 1424 afferre
1357 1396 1458 1424 acu-

71 1465 172 1493 men
209 1448 496 1502 discutiendi,
537 1463 666 1508 quam
704 1449 906 1507 pietatem
947 1448 1172 1509 quaerendi
1206 1469 1214 1494 :
1249 1453 1341 1508 Ego
1370 1451 1458 1509 ipse

23 1509 29 1558 '.
72 1529 222 1565 contra
248 1535 316 1563 me
339 1519 548 1579 perversis
571 1519 767 1563 moribus
795 1518 1055 1563 claudebam
1076 1521 1256 1579 januam
1287 1521 1458 1565 Domini

72 1592 157 1635 mei
179 1610 188 1635 :
208 1606 307 1635 cum
339 1589 509 1649 pulsare
538 1589 742 1633 deberem
759 1625 769 1644 ,
793 1590 1118 1648 utaperiretur3
1148 1589 1385 1645 addebam,
1410 1601 1461 1635 ut

28 1654 36 1699 ¹¹·
72 1661 362 1706 clauderetur.
384 1661 607 1719 Superbus
632 1660 747 1703 enim
766 1659 984 1704 audebam
998 1675 1215 1719 quaerere,
1237 1661 1355 1720 quod
1379 1662 1460 1705 nisi

28 1721 39 1785 ¹„
72 1730 248 1776 humilis
275 1746 365 1774 non
391 1738 532 1789 potest
559 1722 767 1772 invenire.
809 1731 983 1782 Quanto
1018 1745 1093 1773 vos
1122 1728 1334 1774 beatiores
1362 1733 1461 1775 estis

74 1800 205 1845 modo
227 1815 357 1860 quam
380 1799 517 1843 securi
540 1798 722 1853 discitis,
739 1814 871 1858 quam
896 1800 1000 1854 tuti,
1026 1800 1294 1859 quicumque
1317 1800 1463 1845 adhuc

39 1891 41 1896 ·
75 1869 244 1931 parvuli
279 1870 377 1914 estis
399 1869 444 1912 in
467 1868 571 1912 nido
593 1868 721 1923 fidei,
747 1877 790 1912 et
823 1868 1059 1927 spiritalem
1085 1885 1226 1914 escam
1251 1871 1457 1930 accipitis.

34 1932 45 1998 ¹²:
75 1940 170 2000 Ego
192 1948 338 1984 autem
360 1939 489 1982 miser
504 1973 514 1992 ‚
549 1953 650 1982 cum
676 1952 746 1981 me
769 1937 823 1981 ad
843 1938 1082 1982 volandum
1103 1938 1312 1983 idoneum
1331 1950 1462 1999 puta-

35 2002 46 2038 ·'s
77 2027 168 2056 rem
183 2046 194 2066 ,
219 2009 372 2070 reliqui
394 2009 572 2065 nidum,
594 2017 638 2052 et
661 2008 778 2068 prius
802 2008 960 2063 cecidi,
987 2024 1120 2068 quam
1142 2009 1350 2054 volarem.
1378 2011 1464 2055 Sed

39 2069 47 2094 ⁷
77 2082 286 2127 Dominus
305 2080 542 2125 misericors
555 2094 625 2123 me
637 2114 648 2134 ,
675 2094 697 2123 a
715 2080 1040 2124 transeuntibus
1055 2095 1110 2123 ne
1124 2081 1402 2126 conculcarer
1419 2091 1464 2126 et

79 2164 289 2206 morerer,
315 2150 497 2204 levavit,
519 2161 561 2194 et
583 2150 625 2193 in
650 2149 755 2194 nido
778 2150 982 2209 reposuit.
1011 2153 1112 2194 Haec
1135 2152 1252 2194 enim
1274 2167 1343 2195 me
1364 2167 1465 2211 per-

80 2223 390 2274 turbaverunt,
411 2235 510 2279 quae
533 2219 664 2281 mod-o
686 2219 808 2263 vobis
830 2235 1006 2264 securus
1026 2222 1072 2264 in
1090 2222 1266 2266 nomine
1289 2223 1461 2266 Domini

40 2287 42 2289 ¹
81 2302 124 2336 et
144 2306 363 2351 propono,
385 2299 428 2333 et
449 2305 632 2348 expono.

141 2364 237 2405 VII.
266 2363 322 2405 Ut
352 2375 454 2418 ergo
475 2358 617 2402 dicere.
638 2375 856 2418 coeperam
878 2395 889 2413 ,
913 2360 970 2404 ita
1002 2361 1064 2404 illi
1096 2361 1418 2406 calumniantur
1449 2383 1457 2408 :

84 2432 313 2478 Matthaeus
328 2466 339 2486 ,
363 2430 601 2490 iniquiunt,
627 2429 900 2488 Evangelista
918 2439 981 2473 est
1002 2440 1043 2474 et
1067 2430 1238 2476 creditis
1255 2432 1322 2475 ei?
1344 2434 1466 2477 Con-

85 2511 313 2562 sequenter
340 2501 491 2560 utique
508 2514 639 2560 quem
662 2499 850 2543 fatemur
876 2501 1218 2558 Evangelistam,
1247 2502 1348 2548 huic
1386 2520 1464 2549 ne-

137 2594 143 2609 ¹
165 2595 184 2618 2
202 2590 273 2619 Cor.
295 2597 345 2626 111,
370 2584 423 2617 16.
