1898 3178
299 229 437 257 sunno
469 230 577 267 Xon,
614 232 667 256 DE
701 228 846 257 VERBIS
878 230 1043 258 ΜΑΠΗ.
1079 232 1182 257 xxii.
1351 220 1430 259 497

57 311 78 336 »
103 294 316 353 accipiens
335 329 345 349 ,
371 294 417 338 in
438 293 765 338 similitudinem
782 295 1011 339 hominum
1027 293 1165 340 factus
1181 330 1191 350 ‚
1218 304 1260 339 ct
1282 296 1436 340 habitu

57 382 78 406 »
102 364 305 408 inventus
324 368 377 408 ‘ut
402 365 534 408 homo
562 383 570 408 :
601 364 847 409 humiliavit
867 366 1147 425 semetipsum
1163 364 1304 410 lactus
1326 367 1434 410 obe-

57 451 78 476 »
102 434 226 478 diens
248 449 385 494 usque
407 433 464 478 ad
485 442 669 477 mortem
684 468 695 489 ‚
716 444 899 479 mortem
918 445 1064 480 autem
1083 436 1236 480 crucis.
1256 439 1437 495 Propter

57 521 78 545 »
102 503 223 563 quod
245 513 288 549 et
318 507 432 548 Deus
460 503 584 547 illum
607 504 825 548 exaltavit.
851 523 870 545 »
899 506 1147 549 Resurrexit
1168 506 1365 551 Christus
1387 522 1438 550 ex

55 574 217 618 semine
238 573 397 629 David,
423 573 537 618 filius
561 573 728 629 David,
754 575 855 634 quia
877 575 1111 620 exinanivit
1128 591 1186 620 se.
1211 576 1438 629 Quomodo

54 643 316 688 exinanivit?
335 645 556 689 Sumendo
574 643 693 703 quod
716 659 805 688 non
827 654 939 700 erat,
964 661 1053 691 non
1075 645 1300 705 perdendo
1318 647 1437 707 quod

55 723 160 759 erat.
181 714 430 759 Exinanivit
451 729 516 770 se,
542 714 788 759 humiliavit
810 730 869 759 se.
891 718 1004 761 Cum
1022 727 1131 762 esset
1152 721 1282 773 Deus,
1308 719 1439 763 homo

54 785 271 844 apparuit.
301 787 588 844 Contemptus
611 794 674 829 est
695 785 741 828 in
764 794 876 830 terra
905 786 1153 843 ambulans,
1178 788 1254 847 qui
1277 788 1439 833 coelum

54 855 172 899 fecit.
198 857 486 914 Contemptus
516 864 579 901 est
601 855 722 915 quasi
744 856 898 911 homo,
921 857 1044 916 quasi
1066 856 1230 901 nullius
1251 858 1434 902 virtutis.

54 928 152 971 Non
169 925 308 971 solum
328 935 622 986 contemptus,
647 926 723 970 sed
740 927 916 986 insuper
933 938 976 971 et
994 928 1174 972 occisus.
1201 930 1326 987 Lapis
1350 938 1440 972 erat

0 1018 2 1022 >
48 997 195 1057 jacens
213 1031 224 1052 ,
250 995 532 1041 offenderunt
554 997 600 1040 in
613 1012 714 1040 eum
731 997 891 1053 Judaei,
913 1007 956 1042 et
978 1000 1166 1058 quassati
1186 1007 1301 1042 sunt.
1324 999 1440 1051 Quid

0 1084 2 1095 ·
53 1077 198 1112 autem
226 1068 283 1111 ait
304 1068 426 1125 ipse?
452 1086 472 1108 «
497 1067 582 1120 Qui
603 1066 838 1112 offenderit
856 1069 901 1112 in
924 1069 1112 1128 lapidem
1142 1069 1273 1112 istum
1291 1103 1301 1123 ‚
1332 1084 1440 1113 con—

0 1156 3 1173 =
56 1155 78 1180 »
103 1137 405 1198 quassabitur:
431 1152 561 1196 super
582 1153 715 1198 quem
737 1139 904 1182 venerit
927 1147 1070 1182 autem
1088 1138 1196 1198 lapis
1213 1139 1307 1194 iste,
1334 1155 1441 1184 con-

0 1200 5 1230 3
55 1226 76 1251 »
104 1217 213 1253 teret
241 1209 386 1252 eum1.
416 1226 436 1248 »
464 1208 586 1252 Prius
615 1208 775 1267 jacuit,
802 1217 844 1251 et
866 1207 1146 1256 offenderunt
1165 1224 1172 1249 :
1194 1209 1338 1253 veniet
1363 1209 1441 1254 dc-

53 1294 198 1337 super,
225 1286 269 1320 et
290 1286 486 1320 conteret
507 1287 744 1335 quassatos.

113 1350 197 1391 III.
229 1346 466 1405 Accepistis
495 1354 538 1389 et
567 1345 728 1389 Filium
752 1347 914 1399 David,
941 1357 982 1389 et
1008 1350 1237 1391 Dominum
1266 1349 1401 1391 David
1430 1365 1437 1388 :

4 1425 11 1441 '²
54 1418 289 1463 Dominum
311 1415 450 1460 David
466 1430 650 1474 semper,
676 1414 816 1458 filium
846 1415 983 1459 David
1013 1431 1064 1459 ex
1099 1425 1322 1475 tempore:
1352 1421 1442 1461 Do-

53 1489 221 1533 minum
240 1485 376 1532 David
404 1495 556 1530 natum
584 1485 639 1529 de
671 1485 915 1529 substantia
947 1486 1110 1541 Patris,
1144 1486 1281 1530 filium
1303 1487 1442 1531 David

53 1567 205 1603 natum
228 1573 279 1601 ex
299 1557 434 1602 Maria
460 1556 652 1613 virgine,
688 1565 948 1614 conceptum
984 1556 1038 1599 de
1073 1556 1238 1614 Spiritu
1271 1567 1437 1602 sancto.

55 1625 301 1687 Utrumque
322 1636 562 1670 teneamus.
590 1626 735 1668 Unum
759 1625 918 1667 horum
941 1625 1064 1667 nobis
1081 1626 1162 1667 erit
1185 1635 1346 1670 aeterna
1369 1628 1442 1671 ha-

54 1698 222 1754 bitatio,
238 1697 424 1741 alterum
437 1694 733 1740 horum'nobis
751 1703 813 1738 est
828 1710 851 1737 a
865 1694 1211 1753 peregrinatione
1225 1694 1438 1740 liberatio.

93 1769 266 1813 ominus
298 1767 414 1811 enim
445 1775 591 1810 noster
625 1767 748 1808 Jesus
773 1764 968 1809 Christus
998 1764 1078 1807 nisi
1101 1764 1302 1821 dignatus
1333 1776 1443 1810 esset

0 2113 27 2157 lde

25 2276 30 2284 ·
87 2273 212 2303 erum
230 2273 239 2298 τ
260 2273 350 2302 non
369 2256 484 2300 enim
505 2255 660 2300 veritas
679 2270 758 2299 nos
778 2253 1008 2308 liberaret,
1029 2254 1063 2298 si
1078 2254 1237 2299 falsum
1256 2223 1446 2315 pretium

91 2344 139 2373 ro
161 2328 288 2373 nobis
307 2327 454 2371 daret:
473 2334 709 2384 utrumque
731 2325 807 2384 qui
824 2326 1073 2378 confitetur,
1091 2325 1341 2370 Catholicus
1364 2339 1442 2373 est.

105 2398 206 2442 abet
219 2398 418 2457 patriam,
434 2395 568 2439 habet
580 2394 709 2438 viam.
731 2395 876 2438 Habet
894 2395 1098 2453 patriam:
1124 2413 1143 2436 «
1161 2397 1211 2438 In
1235 2397 1446 2457 principio

77 2488 88 2512 ›
113 2478 205 2514 erat
225 2468 473 2513 verhum2:
502 2485 520 2507 »
550 2466 684 2509 habet
706 2466 888 2524 patriam
916 2485 924 2509 2
955 2485 974 2507 «
999 2467 1111 2510 Cum
1144 2466 1190 2509 in
1212 2464 1351 2512 forma
1373 2472 1449 2514 Dei

110 2564 121 2580 ¹
143 2554 254 2587 Matth.
281 2563 351 2591 xxi,
370 2551 426 2593 44.
443 2567 484 2574 —-
507 2557 520 2573 2
535 2552 624 2582 Joan.
645 2561 669 2589 1,
687 2561 713 2580 ι.

225 2618 362 2649 CXXV.
1237 2607 1286 2643 322
