1898 3178
336 261 417 301 540
764 270 797 299 s.
834 267 1063 299 Aucusnm
1097 272 1276 300 Emscom

332 338 470 383 multa
482 338 653 383 dimissa
675 346 790 381 sunt.
819 339 883 381 Tu
901 351 1050 382 verum
1073 336 1192 392 dicis,
1220 352 1275 383 an
1298 337 1493 381 Christus
1508 338 1526 378 ⁶?
1544 338 1611 381 Ad
1626 339 1708 382 hoc

333 409 411 453 tibi
447 410 666 453 dimissum
688 417 751 453 est
780 407 1055 452 mendacium
1083 416 1206 452 tuum
1223 443 1234 463 ,
1260 416 1309 452 ut
1330 406 1543 451 mendacii
1565 407 1710 452 dimis-

331 481 415 525 sori
432 482 592 524 crimen
610 481 839 539 imponas?
860 480 901 524 Si
920 479 1141 524 modicum
1156 480 1235 524 tibi
1258 480 1482 524 dimissum
1505 488 1594 535 631,
1619 495 1709 524 1110-

331 552 476 596 (11011111
511 551 665 609 diligis.
705 552 747 596 Si
784 551 898 595 enim
938 551 1158 596 modicum
1191 560 1254 595 est
1282 551 1360 594 tibi
1389 551 1639 606 dimissum,
1665 561 1707 597 et

330 622 565 681 plurimum
598 621 740 679 diligis
756 657 767 678 ,
793 621 1049 667 contradicis
1071 623 1108 666 ei
1131 623 1206 682 qui
1242 621 1349 665 dixit
1372 639 1380 665 :
1410 639 1430 662 «
1454 622 1535 666 Cui
1564 621 1708 666 modi-

331 711 351 733 »
388 707 487 736 cum
511 691 743 736 dimittitur
761 728 772 747 ,
792 693 1012 737 modicum
1035 692 1218 750 diligit.»
1240 691 1308 735 Illi
1326 706 1428 750 crgo
1447 691 1544 751 plus
1559 691 1705 747 credo,

328 763 403 822 qui
424 772 465 806 te
487 763 584 822 plus
601 764 736 807 novit.
757 766 913 807 Parum
939 763 1017 806 tibi
1039 761 1263 806 dimissum
1281 771 1423 820 putas,
1445 777 1618 821 prorsus
1635 778 1709 821 pa-

327 848 423 876 rum
446 832 602 892 diligis.
621 833 738 886 Quid
760 848 882 891 ergo,
907 833 1066 892 inquit,
1094 831 1233 876 facere
1254 831 1418 876 debui?
1439 832 1579 877 Multa
1596 831 1707 877 mala

326 904 617 958 committere,
642 913 693 948 ut
711 903 847 947 multa
865 912 1005 947 essent
1023 937 1033 957 ,
1055 917 1154 962 quae
1176 911 1320 962 posset
1341 901 1413 946 ille
1435 902 1541 946 mihi
1559 903 1708 947 dimit-

326 982 416 1016 tere
431 1008 441 1027 ,
462 982 512 1017 ut
528 972 711 1033 amplius
734 988 904 1033 possem
932 972 1141 1031 diligere?
1162 975 1377 1030 Angustat
1397 987 1475 1016 nos
1488 1007 1499 1027 ,
1521 972 1597 1017 sed
1618 975 1709 1017 Do·-

325 1043 468 1087 minus
486 1044 563 1102 qui
584 1045 678 1088 haec
700 1059 799 1088 vera
822 1042 1069 1103 proposuit,
1095 1043 1150 1086 ab
1168 1042 1374 1100 angustiis
1393 1041 1550 1086 lihcret
1571 1057 1656 1086 me.

384 1115 459 1158 VI.
483 1114 658 1158 Dictum
681 1123 744 1158 est
764 1115 847 1158 hoc
876 1122 1054 1173 propter
1078 1113 1343 1157 Pharisaeum
1366 1112 1518 1168 illum,
1542 1114 1618 1173 qui
1639 1114 1708 1158 vel

324 1183 443 1228 1111113
466 1185 533 1229 vel
552 1200 688 1244 pauca
704 1200 748 1229 36
769 1185 953 1244 putabat
973 1184 1134 1228 habere
1156 1194 1347 1243 peccata.
1364 1186 1461 1230 Non
1483 1184 1600 1228 6111111
1621 1188 1708 1230 Do-

324 1255 490 1298 minum
527 1255 729 1299 invitaret
746 1290 757 1310 ,
782 1256 863 1299 nisi
903 1255 1176 1314 aliquantum
1212 1254 1426 1313 diligeret.
1465 1254 1549 1298 Sed
1571 1269 1702 1314 quam

324 1339 477 1382 parum
501 1326 622 1368 erat‘?
645 1327 743 1370 Non
766 1324 964 1369 osculum
994 1323 1143 1378 dedit,
1178 1339 1267 1368 non
1288 1323 1439 1367 saltem
1463 1338 1619 1382 aquam
1649 1323 1704 1368 ad

323 1394 452 1453 pedes
468 1429 478 1448 ,
504 1404 547 1438 et
568 1396 601 1438 si
627 1410 715 1439 uon
738 1395 948 1452 lacrymas
975 1413 983 1438 z
1011 1409 1100 1438 non
1122 1393 1197 1438 illo
1219 1394 1429 1453 obsequio
1451 1403 1704 1452 prosecutus

322 1474 400 1518 est,
422 1479 510 1524 quo
531 1463 605 1508 illa
628 1464 784 1508 mulier
801 1479 900 1524 quac
917 1473 1096 1509 noverat
1115 1465 1223 1523 quid
1248 1473 1493 1519 sanaretur,
1518 1472 1562 1508 et
1578 1479 1601 1508 a
1619 1479 1707 1524 quo

322 1543 560 1578 sanaretur.
585 1535 622 1578 Ο
658 1535 869 1578 Pharisaee
887 1568 898 1589 ‚
936 1533 1034 1578 ideo
1055 1549 1211 1593 parum
1232 1534 1399 1592 diligis,
1426 1534 1527 1593 quia
1551 1549 1707 1593 parum

323 1605 401 1647 tibi
439 1603 597 1647 dimitti
620 1604 847 1662 suspicaris
873 1622 880 1647 :
904 1618 992 1647 non
1025 1603 1127 1662 quia
1160 1618 1313 1662 parum
1337 1602 1571 1647 dimittitur
1588 1639 1598 1659 ,
1630 1605 1705 1648 sed

322 1675 423 1732 quia
444 1688 597 1731 parum
621 1682 747 1732 putas
773 1688 862 1717 esse
885 1671 1004 1732 quod
1028 1673 1277 1717 dimittitur.
1300 1672 1416 1726 Quid
1435 1688 1539 1732 ergo
1561 1674 1705 1734 inquit

321 1743 418 1786 ille?
436 1746 529 1802 Ego
550 1743 625 1802 qui
645 1742 932 1787 homicidium
954 1757 1043 1787 non
1064 1742 1164 1798 feci,
1190 1743 1405 1787 homicida
1426 1743 1704 1803 deputandus

321 1815 448 1857 sum?
471 1814 555 1867 Qui
578 1812 841 1858 adulterium
865 1828 952 1857 11011
977 1813 1150 1868 admisi,
1175 1828 1255 1872 pro
1279 1813 1492 1858 adulterio
1515 1815 1703 1873 punien-

322 1884 402 1928 dus
429 1886 552 1927 sum?
575 1887 662 1927 Aut
684 1884 763 1928 ista
785 1883 890 1926 mihi
913 1882 1168 1927 dimittenda
1201 1892 1323 1938 sunt,
1348 1899 1448 1942 quae
1470 1899 1559 1928 non
1587 1900 1704 1928 com-

321 1956 450 1999 misi?
478 1957 590 1999 Ecce
612 1955 768 1998 iterum
801 1954 1017 1998 constitue
1046 1953 1179 2009 duos,
1211 1963 1253 1998 et
1281 1954 1512 2013 loquamur
1535 1954 1589 1999 ad
1611 1970 1698 2000 eos.

320 2026 450 2068 Venit
472 2040 586 2069 unus
615 2023 795 2084 supplex
820 2033 1022 2083 peccator
1039 2059 1049 2078 ,
1082 2033 1311 2083 coopertus
1339 2025 1470 2083 spinis
1493 2034 1702 2085 tanquam

320 2096 504 2140 hericius
522 2131 532 2151 ,
558 2105 601 2140 61
622 2095 750 2139 11111113
779 2094 957 2139 timidus
981 2104 1187 2155 tanquam
1210 2095 1348 2154 lepus,
1377 2095 1460 2140 Sed
1488 2104 1609 2156 petra
1640 2106 1703 2141 est

321 2166 537 2225 refugium
565 2166 736 2211 hericiis
770 2174 813 2210 et
841 2165 1106 2225 leporibus¹.
1134 2166 1263 2210 Venit
1288 2181 1389 2224 ergo
1420 2165 1474 2210 ad
1502 2176 1698 2227 petram,

320 2238 485 2281 invenit
504 2237 737 2296 refugium,
759 2237 914 2296 accipit
933 2236 1158 2280 auxilium.
1177 2236 1299 2281 Alius
1321 2253 1410 2282 non
1427 2237 1565 2282 multa
1580 2253 1701 2282 com-

322 2307 436 2351 misit
458 2326 466 2351 :
487 2306 594 2366 quid
615 2307 653 2350 ei
669 2305 890 2361 faciemus,
915 2315 965 2350 ut
981 2305 1170 2350 multum
1194 2306 1378 2365 diligat?
1400 2307 1506 2366 quid
1529 2323 1700 2365 persua-

321 2376 554 2421 debimus?
581 2378 742 2421 Contra
770 2377 941 2422 Domini
973 2376 1103 2420 verba
1123 2380 1345 2422 veniemus
1367 2397 1376 2422 ι
1409 2397 1428 2420 «
1455 2379 1538 2423 Cui
1557 2380 1699 2423 modi-

327 2463 345 2485 »
380 2460 479 2488 cum
522 2446 753 2491 dimittitur
772 2482 782 2502 ,
820 2446 1041 2497 modicum
1070 2446 1240 2505 diligit?
1272 2465 1292 2488 »
1329 2450 1394 2492 Ita
1434 2447 1562 2507 plane
1579 2483 1590 2503 ,
1628 2450 1698 2493 cui

322 2513 543 2558 modicum
566 2516 812 2561 dimittitur.
841 2517 924 2566 Sed
956 2532 982 2560 o
1020 2525 1067 2560 tu
1101 2518 1174 2575 qui
1199 2517 1323 2571 dicis,
1368 2527 1410 2561 te
1447 2533 1535 2561 non
1557 2517 1693 2563 multa

371 2594 378 2609 ¹
399 2587 479 2619 Psal.
499 2597 565 2628 cm,
588 2589 638 2620 13.
