1898 3178
404 249 484 288 408
835 256 866 284 S.
906 255 1135 284 AUGUSTINI
1167 257 1347 284 EPISCOPI

402 345 423 367 »
459 326 758 384 unusquisque
795 321 1000 366 fratribus
1037 322 1186 367 vestris
1221 338 1271 366 ex
1311 321 1515 366 cordibus
1551 323 1715 367 vostris.
1753 342 1774 365 »

398 399 461 442 Ne
484 396 599 439 dicas
619 396 663 438 in
679 393 826 452 lingua
842 414 852 438 ι
870 396 1070 452 Ignosco,
1092 402 1134 438 et
1147 393 1281 439 corde
1296 394 1486 438 differas.
1509 393 1776 453 Supplicium

397 467 512 510 enim
536 464 723 509 ostendit
743 463 824 508 tibi
841 466 953 508 Deus
968 499 983 520 ,
1008 465 1216 509 minando
1239 463 1488 509 vindictam.
1515 466 1644 510 Novit
1666 468 1779 508 Deus

396 538 473 581 ubi
496 537 626 580 dicas.
652 538 816 580 Vocem
839 545 961 580 tuam
976 536 1106 580 homo
1121 535 1285 580 audivit
1307 554 1316 580 :
1334 536 1640 580 conscientiam
1659 544 1778 580 tuam

397 610 509 651 Deus
531 606 717 666 inspicit.
748 606 790 651 Si
813 606 943 662 dicis,
968 606 1147 650 Dimitto
1170 625 1179 651 ε
1207 604 1392 650 dimitte.
1418 605 1573 650 Melius
1595 615 1656 650 est
1679 621 1778 649 cum

395 677 553 722 clamas
569 692 667 732 ore,
692 685 735 721 et
757 676 936 722 dimittis
954 677 1000 721 in
1019 677 1150 722 corde
1166 712 1178 732 ,
1203 691 1335 736 quam
1352 676 1538 721 blandus
1555 691 1652 732 ore,
1677 691 1781 722 cru-

397 748 503 793 delis
522 749 568 793 in
585 748 731 793 corde.

452 822 574 864 VIII.
593 822 618 864 J
621 835 689 864 arn
707 835 809 879 ergo
827 819 1057 864 obsecrant
1071 819 1195 879 pueri
1216 818 1548 879 indisciplinati,
1563 827 1607 863 et
1623 819 1783 864 nolunt
1848 853 1850 873 ἱ

394 889 622 950 vapulare,
667 891 744 951 qui
772 891 831 935 sic
868 891 1158 950 praescribunt
1192 890 1340 945 nobis,
1380 888 1558 950 quando
1579 888 1781 934 volumus
1846 910 1850 951 J

395 961 497 1006 dare
521 961 791 1022 disciplinam
819 982 828 1007 :
850 963 1030 1007 Peccavi
1045 998 1055 1017 ,
1080 962 1252 1020 ignosce
1270 962 1390 1006 mihi.
1417 964 1529 1006 Ecce
1550 962 1718 1021 ignovi,
1740 971 1782 1006 et
1846 980 1848 984 ’

391 1032 547 1076 iterum
571 1042 736 1091 peccat.
776 1036 956 1092 Ignosce
980 1052 988 1077 :
1016 1033 1176 1091 ignovi.
1204 1036 1360 1077 Peccat
1386 1033 1528 1077 tertio.
1566 1035 1744 1091 Ignosce
1770 1052 1779 1077 ε

388 1103 516 1147 tertio
537 1104 700 1161 ignovi.
728 1107 825 1147 Jam
847 1113 1004 1164 quarto
1021 1103 1214 1163 vapulet.
1242 1107 1299 1148 Et
1325 1103 1420 1159 ille,
1443 1104 1668 1163 Numquid
1686 1119 1783 1164 sep-

394 1173 558 1232 tuagies
579 1174 733 1233 septies
756 1183 798 1218 te
816 1172 1028 1232 fatigavi?
1053 1175 1094 1219 Si
1124 1175 1203 1218 hac
1236 1174 1558 1233 praescriptione
1584 1175 1784 1218 severitas

394 1242 634 1302 disciplinae
672 1244 884 1299 dormiat,
923 1259 1113 1302 repressa
1151 1244 1378 1302 disciplina
1416 1245 1536 1288 saevit
1570 1244 1782 1303 impunita

395 1314 604 1373 nequitia.
631 1312 743 1366 Quid
765 1329 867 1371 ergo
889 1313 1139 1357 faciendum
1161 1315 1251 1357 est?
1283 1313 1576 1372 Corripiamus
1608 1313 1748 1358 verbis
1769 1349 1779 1368 ,

397 1393 439 1427 et
455 1384 489 1427 si
511 1399 621 1442 opus
643 1393 727 1438 est,
765 1392 807 1427 et
829 1384 1082 1428 verberibus
1110 1403 1118 1428 :
1145 1382 1219 1427 sed
1241 1382 1451 1427 delictum
1487 1382 1779 1440 dimittamus,

395 1453 569 1512 culpam
602 1453 657 1496 de
678 1452 808 1497 corde
831 1454 1097 1513 abjiciamus.
1122 1452 1226 1497 Ideo
1249 1454 1364 1497 enim
1393 1453 1601 1497 Dominus
1628 1454 1783 1498 subdi-

398 1522 463 1567 dit
491 1542 502 1568 :
532 1542 551 1565 «
579 1526 639 1566 De
660 1524 865 1568 cordibus
905 1523 1076 1578 vestris,
1105 1541 1125 1564 ω
1157 1533 1207 1567 ut
1238 1523 1272 1566 si
1306 1538 1382 1582 per
1414 1523 1668 1568 charitatem
1701 1525 1784 1569 im-

395 1595 573 1653 ponitur
610 1593 863 1653 disciplina,
890 1595 944 1637 de
976 1593 1106 1638 corde
1141 1593 1293 1637 lenitas
1327 1609 1415 1638 non
1454 1594 1642 1639 recedat.
1666 1596 1782 1649 Quid

396 1665 511 1708 enim
534 1674 621 1708 tam
641 1666 760 1723 pium
784 1680 916 1725 quam
938 1664 1132 1709 medicus
1154 1663 1296 1708 serens
1316 1664 1661 1710 ferramentum?
1683 1667 1784 1711 Plo-

398 1744 463 1779 rat
485 1735 717 1789 secandUS,
744 1744 786 1778 et
810 1743 976 1779 secatur
1003 1755 1012 1780 ;
1037 1734 1179 1794 plorat
1197 1734 1415 1790 urendus,
1442 1745 1484 1780 et
1506 1735 1662 1781 uritur.
1686 1739 1782 1782 Non

396 1815 458 1851 est
476 1806 548 1849 illa
570 1806 824 1861 crudelitas,
858 1806 969 1850 absit
991 1816 1040 1851 ut
1063 1807 1223 1851 saevitia
1246 1806 1401 1850 medici
1431 1806 1616 1852 dicatur.
1651 1809 1781 1854 Saevit

396 1880 441 1922 in
461 1876 643 1932 vulnus,
689 1887 739 1921 ut
775 1878 907 1922 homo
941 1886 1115 1921 sanetur
1143 1878 1270 1938 :quia
1311 1879 1345 1922 si
1366 1877 1524 1922 vulnus
1553 1877 1777 1938 palpetur,

396 1949 529 1992 homo
550 1948 762 2007 perditur.
790 1948 856 1992 Sic
884 1963 986 2006 ergo
1008 1948 1086 1992 ista
1118 1948 1387 2003 monuerim,
1414 1947 1565 1993 fratres
1596 1950 1707 2005 mei,
1733 1959 1782 1994 ut
1832 1995 1835 2008 A

399 2018 550 2063 fratres
577 2027 746 2062 nostros
769 2018 844 2077 qui
866 2019 1140 2077 peccaverint
1162 2019 1280 2062 omni
1301 2017 1431 2063 modo
1453 2018 1698 2078 diligamus,
1725 2019 1779 2064 de

396 2089 526 2133 corde
543 2097 691 2133 nostro
712 2089 965 2133 charitatem
987 2089 1032 2132 in
1061 2103 1132 2132 eos
1155 2104 1244 2132 non
1266 2088 1559 2144 dimittamus,
1586 2099 1629 2133 et
1648 2089 1777 2134 disci-

394 2159 586 2218 plinam,
614 2175 715 2203 cum
739 2175 846 2219 opus
868 2168 952 2214 est,
978 2158 1131 2202 demus
1158 2178 1166 2203 ε
1192 2175 1246 2202 ne
1268 2174 1344 2217 per
1366 2159 1626 2203 solutionem
1651 2159 1778 2204 disci-

397 2228 527 2287 plinae
551 2239 713 2274 crescat
734 2230 924 2289 nequitia
944 2264 954 2284 ,
995 2239 1037 2273 et
1056 2230 1312 2288 incipiamus
1334 2238 1510 2289 propter
1542 2233 1679 2273 Deum
1703 2247 1777 2275 ac-
1829 2261 1831 2267 «
1894 2252 1898 2255 Ὗ

396 2300 534 2342 cusari
566 2319 575 2344 ε
615 2300 717 2359 quia
749 2300 975 2344 recitatum
1007 2309 1070 2343 est
1111 2300 1235 2344 nobis
1272 2319 1280 2343 :
1320 2319 1340 2341 «
1370 2303 1599 2344 Peccantes
1631 2316 1776 2345 coram

398 2387 417 2409 »
453 2371 655 2415 omnibus
672 2372 862 2430 corripe,
892 2381 941 2415 ut
964 2371 1107 2415 caeteri
1128 2372 1324 2415 timorem
1349 2371 1578 2415 habeant1.
1604 2391 1622 2413 »
1649 2374 1775 2417 Certe

394 2439 425 2481 si
461 2440 582 2498 quis,
623 2442 742 2499 quod
764 2441 900 2484 solum
928 2457 1074 2485 verum
1098 2452 1181 2495 est,
1217 2441 1440 2499 distinguit
1479 2452 1692 2501 tempora,
1726 2452 1768 2487 et

445 2541 451 2555 ¹
480 2547 488 2564 1
514 2536 580 2566 Tim
616 2548 643 2571 v,
667 2546 718 2567 ῆι).
