1898 3178
406 229 487 269 174
825 239 858 267 s.
894 239 1126 267 sinuosum
1158 240 1341 268 Emscom

400 308 481 351 tibi
507 325 516 352 :
541 316 585 352 et
612 307 845 351 constituet
871 314 914 349 te
937 321 1039 350 cum
1060 305 1233 364 Affngelis
1254 307 1301 351 in
1325 316 1564 364 aeternum,
1597 309 1675 353 uhi
1695 311 1788 370 jam

399 393 490 423 non
510 378 703 437 indigeas
729 376 921 432 domari,
945 376 1022 421 sed
1048 377 1356 422 tantummodo
1384 394 1409 422 a
1436 379 1627 437 piissimo
1648 382 1786 439 possi-

397 448 505 493 deri.
530 448 625 492 Erit
653 447 769 491 enim
794 455 902 492 tunc
930 449 1046 491 Deus
1065 448 1210 492 omnia
1242 448 1289 493 in
1322 447 1525 494 omnibus
1550 468 1561 495 ε
1591 465 1674 495 nec
1705 452 1787 496 erit

396 517 486 563 ulla
507 518 736 562 infelicitas
764 533 864 578 quae
893 533 972 563 nos
996 527 1219 574 exerceat,
1249 517 1326 562 sed
1358 517 1542 564 felicitas
1573 519 1665 564 sola
1685 537 1786 580 quae

396 591 581 648 pascat1.
598 592 695 648 Ipse
709 598 856 634 autem
872 598 1019 649 pastor
1038 599 1200 645 noster,
1218 592 1333 633 Deus
1350 599 1497 634 noster
1516 609 1526 635 ε
1545 590 1638 650 ipse
1654 600 1786 650 potus

392 669 538 703 noster
552 693 564 715 ,
584 662 698 704 Deus
716 668 887 718 noster,
912 660 1054 705 honor
1075 668 1222 704 noster
1237 694 1249 714 ,
1274 662 1390 704 Deus
1417 668 1564 704 noster
1578 652 1605 718 ς’
1623 660 1786 706 divitiae

392 739 574 785 nostrae,
599 733 716 775 Deus
743 739 907 775 noster.
925 734 1225 790 Quaecumque
1238 730 1310 774 hic
1329 730 1448 775 varia
1472 731 1631 791 quaeris
1648 766 1661 788 ,
1692 731 1784 791 ipse

391 800 472 845 tibi
488 815 601 846 unus
625 801 771 845 omnia
787 801 887 846 erit.

450 873 504 915 V.
540 871 609 916 Ad
633 872 747 916 hanc
769 887 888 931 spem
923 871 1056 916 homo
1079 871 1308 925 domatur,
1342 879 1387 914 et
1410 869 1601 916 domitor
1621 869 1782 916 intole-

391 942 536 986 rabilis
563 943 783 987 habetur?
804 942 873 987 Ad
894 943 1007 986 hanc
1022 957 1142 1002 spem
1165 942 1300 986 homo
1319 940 1524 986 domatur
1539 975 1550 997 ,
1571 951 1615 987 et
1630 951 1783 988 contra

388 1013 522 1058 istum
552 1013 707 1058 utilem
747 1013 1006 1059 domitorem
1022 1048 1034 1068 ,
1075 1012 1108 1056 si
1149 1012 1264 1057 forte
1304 1012 1527 1071 flagellum
1562 1012 1779 1072 proferat,

388 1086 712 1129 murmuratur?
734 1085 925 1130 Audistis
949 1085 1253 1128 exhortantem
1270 1083 1532 1143 Apostolum
1558 1102 1568 1128 :
1597 1103 1619 1127 «
1645 1084 1689 1130 Si
1710 1099 1780 1129 se-

388 1173 408 1196 »
443 1155 600 1214 paretis
621 1170 697 1199 vos
717 1170 741 1199 a
759 1155 1010 1214 disciplina,
1031 1170 1136 1213 ergo
1154 1154 1297 1210 nothi,
1317 1164 1361 1200 et
1378 1170 1469 1199 non
1490 1154 1589 1199 estis
1608 1154 1688 1198 filii
1701 1158 1737 1200 2.
1755 1173 1776 1197 n

385 1226 520 1272 Nothi
549 1234 651 1270 sunt
678 1223 878 1268 adulteri.
907 1244 927 1266 «
958 1225 1064 1278 Quis
1087 1224 1203 1267 enim
1237 1234 1303 1268 est
1323 1225 1463 1283 filius,
1489 1225 1560 1268 cui
1581 1239 1672 1269 non
1704 1224 1780 1270 det

388 1315 409 1338 »
444 1297 717 1357 disciplinam
745 1305 867 1355 pater
896 1296 1014 1355 ejus?
1035 1298 1092 1340 Et
1113 1295 1253 1340 carnis
1284 1295 1465 1355 quidem
1489 1305 1675 1351 nostrae,
1710 1296 1780 1341 in-

387 1385 408 1409 »
443 1368 555 1427 quit,
580 1375 722 1426 patres
747 1365 1020 1410 habebamus
1044 1374 1338 1424 correptores,
1370 1374 1414 1410 et
1443 1366 1774 1426 reverebamur3

387 1456 407 1479 »
441 1454 534 1483 non
553 1436 693 1482 multo
716 1437 850 1494 magis
871 1436 1156 1496 subjiciemur
1177 1436 1293 1481 Patri
1310 1436 1543 1495 spirituum
1557 1471 1569 1493 ,
1595 1446 1638 1481 et
1654 1437 1775 1482 vive-

385 1525 407 1550 »
442 1508 599 1552 musss?
624 1525 645 1549 »
670 1506 788 1560 Quid
809 1506 925 1550 enim
954 1505 1037 1550 tibi
1073 1507 1216 1565 potuit
1257 1514 1462 1565 praestare
1492 1515 1617 1566 pater
1647 1516 1771 1564 tuus,

381 1578 485 1638 quia
506 1578 715 1637 corripuit
735 1586 779 1621 te
795 1612 806 1632 ,
831 1577 935 1637 quia
954 1576 1179 1621 veberavit
1201 1585 1245 1620 te
1260 1610 1272 1632 ,
1297 1576 1401 1636 quia
1429 1575 1656 1636 flagellum
1678 1592 1774 1637 pro-

382 1648 483 1694 tulit
504 1658 548 1694 et
569 1648 726 1693 cecidit
749 1648 819 1691 te?
840 1646 1067 1707 Numquid
1089 1655 1294 1705 praestare
1313 1648 1460 1707 potuit
1475 1657 1526 1692 ut
1538 1648 1707 1694 viveres
1728 1649 1774 1694 in

379 1722 627 1764 aeternum?
649 1718 779 1772 Quod
792 1733 883 1762 non
897 1718 1044 1775 potuit
1065 1727 1269 1774 praestare
1285 1719 1383 1774 sibi,
1398 1718 1578 1779 quando
1593 1729 1774 1779 praesta-

381 1800 445 1835 ret
455 1790 563 1834 tibi?
574 1793 758 1848 Propter
769 1787 1002 1847 pecuniam
1015 1801 1138 1831 suam
1152 1787 1604 1848 quantulamcumque
1615 1823 1627 1844 ,
1639 1804 1771 1849 quam

379 1862 434 1907 de
454 1861 595 1906 usuris
616 1869 659 1905 et
679 1860 830 1904 labore
851 1857 1028 1917 collegit
1043 1893 1054 1913 ,
1080 1857 1308 1903 erudiebat
1326 1868 1370 1903 te
1382 1859 1565 1918 flagellis
1578 1894 1589 1916 ,
1610 1875 1667 1904 ne
1687 1860 1770 1905 tibi
1824 1873 1831 1880 ·

379 1931 578 1976 dimissus
598 1930 724 1976 labor
739 1931 832 1990 ejus
854 1937 898 1973 te
917 1928 1030 1972 male
1042 1928 1217 1973 vivente
1238 1926 1575 1987 disperderetur.
1589 1931 1646 1973 Et
1661 1930 1769 1975 ceci-

378 2002 443 2047 dit
465 2002 605 2047 filium
621 2037 633 2058 ,
664 2002 821 2046 timens
842 1999 984 2059 perire
1003 1998 1174 2042 labores
1202 2013 1301 2043 suos
1320 2017 1330 2043 ε
1358 2000 1568 2059 quoniam
1591 2000 1768 2061 reliquit

377 2073 457 2119 tibi
472 2109 484 2130 ,
509 2072 632 2135 quod
659 2087 740 2116 nec
759 2080 905 2115 tenere
924 2069 995 2114 hic
1016 2077 1212 2129 poterat,
1237 2084 1318 2113 nec
1333 2070 1519 2115 auferre.
1534 2073 1632 2117 Non
1647 2071 1765 2116 enim

375 2145 447 2189 hic
469 2143 635 2205 aliquid
652 2143 733 2188 tibi
750 2141 912 2186 dimisit
932 2140 1053 2201 quod
1074 2140 1207 2200 ipsius
1234 2155 1326 2185 esse
1344 2141 1480 2201 possit
1503 2160 1514 2187 z
1538 2142 1664 2187 cessit
1682 2168 1694 2196 4
1713 2151 1765 2188 ut

377 2215 436 2260 sic
453 2215 693 2261 accederes.
714 2216 827 2258 Deus
841 2220 985 2257 autem
1001 2220 1102 2255 tuus
1113 2245 1124 2266 ,
1138 2211 1407 2270 Redemptor
1425 2213 1526 2256 tuus
1542 2246 1554 2268 ,
1574 2212 1764 2258 domitor

379 2294 500 2341 tuuS,
527 2285 758 2344 castigator
779 2292 881 2327 tuus
895 2317 906 2337 ,
930 2291 1053 2342 pater
1074 2290 1197 2337 tuus,
1221 2280 1364 2326 erudit
1381 2291 1438 2326 te.
1464 2284 1588 2335 Quo?
1610 2284 1668 2327 Ut
1689 2297 1764 2327 ac-

377 2356 506 2414 cipias
517 2354 817 2400 haereditatem
828 2388 839 2408 ,
859 2351 937 2396 ubi
955 2367 1045 2396 non
1056 2352 1208 2396 efferas
1225 2361 1392 2411 patrem
1404 2387 1415 2408 ,
1436 2351 1511 2397 sed
1527 2352 1762 2398 haeredita—

377 2433 465 2469 tem
476 2425 635 2469 habeas
648 2426 790 2485 ipsum
806 2431 988 2484 patrem.
1014 2421 1082 2466 Ad
1098 2423 1210 2466 hanc
1221 2437 1341 2482 spem
1359 2421 1542 2467 erudiris
1557 2456 1568 2478 ,
1586 2431 1631 2467 et
1642 2437 1760 2468 mura

378 2496 548 2539 muras?
562 2505 605 2540 et
617 2496 651 2539 si
668 2494 774 2555 quid
788 2494 908 2539 triste
921 2492 1139 2548 acciderit,
1154 2491 1332 2537 sortasse
1344 2492 1648 2552 blasphemas?
1660 2495 1760 2547 Quo

421 2580 433 2601 ¹
453 2588 472 2611 2
488 2581 560 2613 Cor.
582 2589 634 2620 xv,
659 2579 708 2612 18.
729 2596 768 2603 —
790 2585 802 2601 ²
828 2578 926 2614 chr.
948 2577 1051 2619 x11,8.
1079 2594 1120 2601 —
1137 2574 1150 2601 3
1164 2577 1246 2611 Ibid.
1267 2588 1285 2619 7
1304 2583 1335 2611 et
1348 2588 1382 2620 9.
