1898 3178
364 261 501 287 sEnMO
534 261 614 295 Lx,
651 261 703 285 DE
737 259 882 288 VERBIS
914 261 1077 289 ΜΑΤΤΗ.
1113 264 1172 289 vr.
1362 253 1444 291 225

73 339 171 369 cere
197 343 206 369 ε
242 325 404 384 Injuste
435 324 724 368 damnamur?
746 328 806 368 De
843 325 1002 384 quibus
1035 335 1134 370 ante
1162 327 1207 370 in
1232 327 1447 385 Sapientia

73 393 238 439 dictum
257 402 347 438 est:
377 412 395 434 υ
428 393 675 437 Traducent
708 409 780 438 eos
813 410 863 438 ex
897 395 1074 441 adverso
1095 397 1343 456 iniquitates
1370 412 1446 441 eo-

74 482 95 504 »
130 466 269 508 rum¹.
291 481 312 504 »
339 463 439 508 Sine
452 462 590 507 dubio
612 463 826 508 videbunt
843 481 886 510 se
898 467 1013 524 juste
1031 467 1227 511 damnari
1250 484 1328 527 pro
1352 484 1445 513 sce-

70 534 231 578 leribus
252 543 296 578 et
316 533 570 578 criminibus
591 535 701 578 suis:
724 544 766 578 et
787 536 908 594 quasi
934 538 992 580 eis
1014 538 1200 583 diceret:
1226 541 1339 593 Non,
1356 553 1447 584 non

69 603 170 648 inde
199 605 316 648 unde
338 605 524 664 putatis,
550 604 625 648 sed
647 605 749 663 quia
767 605 951 660 esurivi,
973 615 1016 649 et
1035 622 1123 651 non
1145 607 1320 652 dedistis
1337 609 1446 653 mihi

70 673 347 718 manducare.
375 675 417 719 Si
438 674 551 718 enim
575 675 629 718 ab
650 673 733 718 illis
755 675 959 718 omnibus
976 677 1124 720 vestris
1151 676 1270 722 factis
1292 679 1443 733 aversi,

3 794 14 804 ρ
70 753 115 788 et
134 743 189 788 ad
205 759 274 788 me
295 744 506 798 conversi,
525 744 597 788 illa
620 745 763 788 omnia
786 745 964 788 crimina
987 755 1118 805 atque
1139 757 1315 805 peccata
1338 749 1450 792 elee—

4 811 15 835 ²
71 815 262 872 mosynis
283 815 568 859 redemissetis
583 850 594 870 ,
631 815 733 874 ipsae
757 815 1042 873 eleemosynae
1064 817 1194 861 modo
1216 818 1451 863 liberarent

5 891 18 932 ἐι
69 899 167 940 VOS,
195 895 239 931 et
265 902 288 930 a
319 895 441 930 reatu
463 894 685 931 tantorum
708 887 937 930 criminum
968 887 1255 932 absolverent.
1286 908 1306 930 «
1331 890 1451 933 Beati

74 973 94 997 »
128 956 244 999 enim
265 956 579 1011 misericordes,
600 957 807 1016 quoniam
832 957 931 1016 ipsis
953 958 1246 1003 misericordia
1269 968 1450 1018 praesta-

74 1044 94 1067 »
130 1026 246 1070 bitur
259 1030 291 1070 2.
325 1045 346 1068 »
373 1028 508 1072 Modo
539 1035 683 1071 autem
712 1046 730 1068 «
754 1030 817 1071 Ite
842 1028 887 1071 in
906 1028 1051 1086 ignem
1069 1038 1297 1073 aeternum.
1319 1029 1447 1074 Judi-

9 1111 15 1125 .
72 1113 94 1138 >›
128 1097 246 1141 cium
284 1098 374 1141 sine
403 1098 722 1150 misericordia,
759 1098 795 1141 ei
829 1098 906 1158 qui
939 1113 1028 1142 non
1067 1098 1169 1144 fecit
1204 1100 1449 1145 miscricor-

0 1165 14 1183 ''
72 1183 93 1208 »
128 1167 289 1211 diam3.
318 1185 338 1208 »

127 1240 207 1281 XI.
235 1237 639 1283 Commendaverim
663 1239 808 1292 vobis,
841 1238 992 1283 fratres
1013 1241 1096 1283 mei
1123 1259 1132 1284 ι
1162 1240 1262 1284 date
1294 1256 1450 1300 panem

2 1307 18 1367 *J
69 1317 317 1363 terrenum,
345 1318 388 1352 et
414 1309 583 1367 pulsate
618 1307 672 1352 ad
707 1308 944 1352 coelestem.
982 1310 1192 1355 Dominus
1212 1312 1333 1370 panis
1355 1320 1417 1355 est
1440 1331 1448 1355 :

2 1373 18 1415 ἰ
73 1396 93 1420 «
127 1381 220 1436 Ego
253 1394 349 1423 sum
372 1379 514 1437 panis,
539 1378 704 1437 inquit,
732 1378 873 1422 vitae4.
896 1396 917 1419 »
943 1380 1171 1432 Quomodo
1192 1381 1313 1425 dabit
1344 1382 1447 1435 tibi,

69 1448 146 1509 qui
162 1464 252 1493 non
273 1448 349 1493 das
366 1449 538 1506 egenti?
559 1451 670 1507 Eget
687 1447 740 1491 ad
762 1458 805 1492 te
823 1447 945 1503 alter,
971 1464 1067 1506 eges
1090 1449 1145 1493 ad
1167 1450 1352 1494 alterum
1380 1470 1388 1495 ε
1410 1460 1453 1494 et

70 1533 170 1562 cum
192 1533 290 1577 eges
317 1518 373 1562 ad
393 1518 578 1562 alterum
600 1527 642 1561 et
673 1527 768 1575 eget
790 1517 845 1561 ad
868 1526 908 1561 te
925 1517 1032 1562 alter
1048 1553 1058 1573 ,
1080 1518 1152 1562 ille
1175 1518 1230 1563 ad
1252 1529 1449 1578 egentem

71 1596 182 1646 eget.
203 1590 311 1633 Nam
327 1587 383 1632 ad
403 1603 535 1647 quem
553 1596 601 1631 tu
623 1603 742 1646 eges,
764 1586 926 1631 nullius
956 1598 1067 1645 eget.
1087 1591 1174 1632 Fac
1195 1591 1315 1649 quod
1337 1590 1451 1633 circa

71 1664 114 1700 te
133 1657 224 1701 fiat.
259 1659 353 1703 Non
378 1657 493 1700 enim
521 1656 744 1716 quomodo
784 1656 896 1700 inter
924 1671 968 1700 se
990 1657 1131 1700 solent
1156 1658 1451 1717 improperare

71 1725 263 1785 quodam
296 1727 428 1770 modo
464 1716 671 1769 beneficia
699 1725 823 1769 amici
852 1744 860 1770 z
892 1728 985 1782 Ego
1022 1726 1102 1769 tibi
1133 1728 1314 1785 praestiti
1336 1728 1450 1785 hoc,

26 1814 35 1839 ε
69 1795 358 1855 respondetur
373 1830 383 1850 ,
409 1797 465 1840 Et
481 1810 560 1853 ego
576 1795 656 1838 tibi
672 1795 756 1839 hoc
774 1814 782 1839 :
807 1794 902 1838 vult
922 1803 972 1838 ut
991 1804 1244 1854 praestemus
1263 1797 1325 1851 ei,
1351 1800 1454 1856 quia

72 1874 116 1909 et
135 1866 226 1924 ipse
246 1866 446 1925 praestitit
462 1865 603 1908 nobis.
625 1864 795 1909 Nullius
817 1863 1005 1922 indiget,
1026 1865 1124 1910 ideo
1144 1881 1272 1910 verus
1287 1876 1350 1910 est
1371 1869 1452 1911 Do·

0 1947 37 1978 ’.η
70 1937 231 1980 minus.
262 1956 282 1979 «
300 1936 393 1979 Dixi
409 1935 595 1980 Domino
614 1954 622 1979 :
648 1938 761 1978 Deus
783 1949 903 1978 meus
925 1949 968 1978 es
990 1944 1039 1979 tu
1053 1970 1063 1990 ,
1089 1937 1296 1995 quoniam
1318 1937 1453 1982 bono-

0 2001 31 2044 lt·
75 2023 97 2048 »
131 2022 228 2050 rum
259 2021 456 2050 meorum
489 2020 579 2050 non
601 2007 740 2063 eges5.
769 2022 789 2045 »
815 2007 927 2049 Cum
948 2020 1048 2063 ergo
1071 2006 1126 2050 sit
1148 2008 1379 2063 Dominus,
1408 2016 1452 2052 et

31 2095 36 2119 2.
75 2091 201 2122 verus
224 2077 449 2131 Dominus,
465 2085 508 2120 ct
524 2076 740 2120 bonorum
762 2084 1010 2120 nostrorum
1031 2091 1120 2120 non
1139 2086 1262 2135 egeat
1278 2099 1288 2135 3
1306 2087 1452 2122 tamen

73 2156 126 2191 ut
147 2146 313 2206 aliquid
344 2147 473 2190 etiam
510 2161 610 2204 erga
638 2144 762 2189 illum
784 2144 1046 2200 faceremus,
1068 2147 1228 2191 esurire
1252 2147 1452 2206 dignatus
1511 2194 1516 2202 ,

31 2240 35 2244 ·
71 2225 140 2260 ²est
160 2218 205 2260 in
220 2215 484 2275 pauperibus
501 2215 600 2258 suis.
631 2233 651 2256 «
675 2214 846 2258 Esurivi
861 2249 871 2268 ,
896 2215 1065 2275 inquit,
1090 2225 1134 2260 et
1150 2215 1326 2261 dedistis
1346 2217 1452 2260 mihi

35 2303 40 2323 ι
73 2303 102 2328 «ιι
134 2286 412 2330 manducare.
444 2285 648 2339 Domine,
675 2284 853 2343 quando
877 2293 921 2328 te
941 2285 1129 2329 vidimus
1161 2288 1455 2332 esurientem?

35 2390 40 2396 .
82 2373 104 2398 u
137 2359 250 2401 Cum
271 2357 347 2400 uni
368 2371 417 2399 ex
435 2354 620 2398 minimis
637 2355 741 2397 meis
763 2354 941 2408 fecistis,
964 2355 1071 2398 mihi
1093 2355 1289 2401 fecistis0.
1313 2376 1333 2400 »
1352 2362 1454 2403 Bre-

73 2427 188 2471 {viter
208 2441 311 2484 ergo
334 2425 510 2469 audiant
533 2424 743 2477 homines,
769 2424 988 2483 digneque
1009 2425 1299 2483 considerent,
1316 2444 1456 2487 quan-

127 2529 139 2547 1
159 2525 234 2564 Sap.
256 2533 300 2563 tv,
319 2530 372 2554 20.
400 2539 434 2544 —-
457 2528 467 2542 '1
488 2520 606 2552 Matth.
625 2531 658 2560 v,
675 2531 704 2561 7.
729 2537 767 2542 —-
784 2519 795 2541 3
816 2521 928 2552 Jacob.
950 2533 986 2560 ιι,
1012 2521 1060 2552 13.
1076 2538 1117 2545 -—
1141 2523 1259 2557 ⁴Joan.
1276 2536 1324 2566 vr,
1347 2526 1398 2559 35.
1415 2544 1455 2550 --

84 2575 100 2600 ⁵
114 2577 192 2609 Psal.
214 2589 269 2618 xv,
283 2586 314 2609 2.
332 2594 373 2599 -—
397 2574 413 2599 6
433 2576 551 2607 Mauh.
571 2586 646 2615 xxv,
668 2574 786 2615 'as-,ga

271 2642 409 2671 cxxv.
1277 2636 1325 2674 15
