1898 3178
464 244 601 271 sunno
633 243 681 281 L,
717 244 770 269 DE
804 240 948 270 valuns
980 241 1130 271 Auem.
1432 236 1487 273 99

112 308 299 354 siderare
315 308 499 353 divitias.
527 325 549 349 «
571 307 654 351 Sed
671 308 705 351 si
721 308 767 350 in
787 308 947 367 injusto
968 322 1215 352 mammona
1232 307 1378 352 fideles
1397 325 1488 354 non

115 396 137 420 »
170 378 332 433 fuistis,
357 392 509 422 verum
546 377 641 437 quis
677 377 800 421 dabit
821 378 972 421 vobis?
1001 381 1058 422 Et
1093 378 1126 421 si
1147 378 1193 422 in
1215 377 1355 423 alieno
1375 379 1487 424 fide-

116 466 137 490 »
170 448 232 492 les
253 463 343 493 non
363 447 505 492 fuistis
521 481 532 503 ,
555 456 747 492 vestrum
769 447 865 506 quis
887 447 1010 491 dabit
1024 448 1148 492 vobis
1167 451 1197 492 ¹.
1224 467 1244 489 η

181 520 259 562 ΙΧ.
293 520 554 578 Quanquam
579 517 842 562 Manichaeos
867 517 1043 576 proprio
1077 533 1196 562 more
1227 519 1490 579 propheticis

111 587 236 632 dictis
257 587 511 632 calumniari
537 586 817 632 manifestum
834 587 903 631 sit.
929 587 1270 645 Quisquisenim
1297 588 1490 649 ejusdem

114 657 346 717 Scripturas
368 658 735 703 circumstantiam
757 656 826 702 vel
843 656 1117 701 mediocriter
1137 658 1370 718 inspexerit
1385 695 1396 715 ,
1420 661 1491 704 in-

111 728 256 773 veniet
277 744 367 773 non
392 727 447 772 de
468 729 551 773 hoc
580 737 759 787 argento
779 726 850 772 vel
867 742 973 772 auro
988 762 999 783 ‚
1020 743 1109 788 quo
1131 730 1306 774 avaritia
1322 730 1492 790 impru-

111 797 264 843 denter
300 799 480 854 insanit,
523 798 676 844 dixisse
710 798 973 857 Prophetam
993 819 1003 856 3
1041 790 1130 842 sedx
1148 798 1203 842 de
1222 799 1298 844 illo
1320 802 1490 861 potius,

0 858 1 865 ἵ
34 916 43 925 l
110 870 232 929 cujus
257 869 385 914 etiam
413 870 647 929 Apostolus
668 869 889 924 meminit,
908 867 1054 913 dicens
1081 887 1090 913 ι
1119 887 1140 911 «
1167 869 1210 914 Si
1232 871 1329 930 quis
1346 880 1493 916 autem

113 956 135 981 »
168 938 355 984 aedificat
375 955 506 1000 supra
527 939 867 984 fundamentum
892 955 1049 984 aurum
1070 949 1114 984 et
1141 951 1369 1000 argentum
1390 978 1400 998 ,
1429 943 1495 986 la-

115 1029 134 1051 »
168 1009 289 1069 pides
318 1010 568 1070 pretiosos².
596 1029 616 1052 »
641 1013 741 1064 Quo
770 1025 877 1055 auro
905 1020 949 1055 et
987 1020 1164 1068 argento
1187 1011 1306 1056 dives
1336 1023 1399 1058 est
1421 1013 1494 1058 ille

110 1079 360 1136 thesaurus,
393 1095 527 1140 quem
558 1080 604 1124 in
636 1095 740 1138 agro
770 1079 861 1139 ipse
892 1080 1104 1124 Dominus
1125 1081 1354 1127 inventum
1372 1118 1383 1138 ,
1404 1093 1448 1127 et
1470 1099 1493 1128 a

109 1150 304 1210 quodam
325 1150 581 1195 mirabiliter
601 1150 966 1210 laudabiliterque
989 1166 1117 1195 avaro
1138 1152 1324 1196 venditis
1350 1155 1493 1198 omnif-

109 1221 191 1264 bus
222 1221 308 1265 suis
344 1231 541 1280 emptum
577 1235 668 1265 esse
706 1229 901 1264 testatur.
940 1223 1048 1266 Nam
1083 1221 1224 1280 ipsum
1257 1224 1493 1268 Dominum

110 1291 430 1350 praenuntians,
449 1299 493 1334 et
513 1291 617 1334 novi
642 1290 789 1334 saeculi
808 1323 821 1345 ‚
852 1290 935 1334 hoc
958 1299 1042 1345 est,
1071 1291 1275 1336 Ecclesiae
1297 1303 1494 1354 tempora

109 1361 312 1419 figurate,
330 1369 380 1405 ut
405 1360 529 1415 solet,
547 1359 777 1418 designans
795 1360 1010 1418 Propheta
1029 1395 1039 1414 ,
1066 1361 1124 1404 sic
1146 1361 1271 1407 dicit:
1300 1365 1494 1410 «Adhuc

110 1448 131 1471 »
164 1445 304 1475 unum
325 1429 549 1475 modicum
567 1438 652 1484 est,
678 1438 721 1473 et
741 1443 819 1487 ego
841 1429 1128 1474 commovebo
1149 1431 1310 1476 coelum
1339 1443 1382 1478 et
1403 1443 1490 1479 ter-

111 1518 132 1542 »
166 1516 280 1556 ram,
305 1509 349 1545 et
373 1515 489 1544 mare
510 1508 553 1543 et
575 1499 739 1543 aridam
757 1533 768 1554 ,
794 1508 837 1543 et
859 1499 1046 1544 movebo
1073 1515 1221 1545 omnes
1240 1511 1388 1561 gentes
1413 1523 1422 1548 ε
1449 1515 1491 1550 et

110 1590 130 1613 »
165 1573 309 1616 veniet
319 1572 594 1616 Desideratus
611 1570 778 1615 cunctis
795 1571 1011 1628 gentibus,
1029 1580 1073 1615 et
1095 1571 1289 1631 implebo
1308 1574 1489 1621 domum

110 1658 131 1683 n
163 1641 288 1686 istam
306 1641 439 1700 gloria
454 1675 465 1697 ,
491 1640 598 1685 dicit
619 1641 827 1684 Dominus
849 1640 1131 1684 exercituum.
1154 1645 1303 1687 Meum
1330 1655 1393 1690 est
1409 1663 1488 1691 au-

111 1729 131 1753 »
165 1727 262 1756 rum
281 1746 292 1767 ‚
330 1721 374 1756 et
405 1725 554 1755 meum
581 1710 646 1754 est
678 1719 926 1768 argentum,
957 1710 1062 1754 dicit
1094 1713 1305 1758 Dominus
1327 1719 1489 1762 exerci-

109 1800 129 1823 »
164 1791 306 1826 tuum.
338 1785 498 1840 Magna
523 1780 604 1824 erit
626 1780 760 1838 gloria
787 1780 943 1824 domus
968 1781 1090 1825 istius
1113 1783 1356 1829 novissimae
1393 1788 1490 1847 plus

108 1869 129 1892 n
164 1867 297 1912 quam
328 1852 507 1911 primae,
537 1849 642 1893 dicit
671 1849 883 1894 Dominus
917 1851 1213 1904 exercituum3
1244 1855 1354 1900 etin
1390 1857 1487 1903 loco

108 1940 128 1964 »
162 1923 244 1968 isto
259 1922 375 1967 dabo
396 1937 568 1982 pacem,
593 1921 700 1965 dicit
718 1921 927 1965 Dominus
949 1922 1255 1969 exercituum³.
1283 1944 1305 1967 »

162 1995 219 2037 X.
248 1993 290 2038 Si
305 1991 467 2037 vellent
488 1991 557 2036 isti
577 2006 667 2036 non
689 2006 778 2035 esse
798 2006 924 2035 canes
946 2000 989 2035 et
1010 1993 1151 2051 porci,
1178 1995 1340 2054 quibus
1362 2012 1488 2044 sanc-

105 2071 200 2107 tum
216 2062 319 2107 dare
342 2072 386 2107 et
408 2062 661 2121 margaritas
680 2061 890 2122 projicere
911 2063 1221 2123 prohibemur,
1246 2067 1320 2110 sed
1336 2077 1488 2127 peten—

105 2141 168 2178 tes
191 2133 408 2192 accipere,
432 2143 477 2178 et
497 2140 744 2193 quaerentes
773 2131 968 2176 invenire
987 2167 998 2188 ,
1029 2142 1072 2177 et
1093 2135 1312 2193 pulsantes
1334 2140 1488 2197 aperiri

105 2203 187 2248 sibi
205 2202 528 2262 desiderarent3
556 2217 690 2264 quam
712 2211 886 2262 possent
918 2203 1100 2248 fortasse
1122 2206 1252 2250 etiam
1282 2208 1373 2252 sine
1395 2209 1488 2255 ullo

104 2273 340 2333 interprete
357 2307 369 2328 ,
405 2272 517 2318 duee
552 2274 647 2332 ipso
679 2282 830 2317 sancto
866 2273 1028 2332 Spiritu
1050 2276 1207 2319 sentire
1239 2293 1339 2337 quae
1371 2279 1487 2325 dicta

58 2345 65 2347 ’
105 2353 205 2389 sunt
221 2378 232 2399 ‚
259 2343 316 2388 ad
342 2359 506 2389 novum
534 2344 747 2404 populum
764 2379 775 2399 ,
801 2344 885 2388 hoc
907 2354 994 2399 est,
1027 2347 1081 2389 ad
1104 2347 1385 2394 christianum
1407 2367 1488 2411 po-

105 2414 261 2475 pulum
278 2450 290 2470 ,
316 2416 438 2475 cujus
467 2415 665 2460 sacerdos
687 2430 872 2475 magnus
894 2425 956 2460 est
978 2419 1100 2461 Jesus
1120 2418 1255 2463 Filius
1278 2422 1375 2477 Dei,
1401 2424 1489 2469 sine

107 2485 196 2531 ulla
213 2485 398 2545 caligine
414 2487 632 2547 pertinere
658 2506 667 2530 ε
687 2494 803 2531 certe
828 2486 898 2531 vel
918 2503 970 2531 eo
990 2487 1087 2532 loco
1108 2488 1184 2533 ubi
1205 2489 1371 2538 dictum
1393 2505 1456 2540 est
1478 2515 1487 2541 :

154 2577 165 2594 ι
186 2572 265 2602 Luc.
287 2578 352 2610 xvi,
375 2581 427 2612 11,
451 2580 501 2603 12.
529 2586 564 2595 --
582 2577 594 2594 ²
624 2572 727 2603 tssor-
750 2580 798 2608 11¹,
817 2579 868 2603 12·
892 2586 932 2594 ··
948 2568 1080 2612 '’Aggaei
1097 2582 1136 2613 1¹2
1153 2583 1248 2615 7·¹0·

1234 2629 1274 2668 7.
