1898 3178
463 246 601 276 SOERMO
632 248 708 286 cv,
744 248 798 275 DE
830 249 975 276 vmuns
1006 248 1099 276 Luc·
1137 249 1197 275 xi.
1418 236 1500 276 573

124 310 259 354 Maria
276 344 288 365 ‚
314 310 395 354 hoc
417 325 650 369 speramus.
678 313 771 356 Hoc
794 327 970 371 agamus
992 312 1120 368 bene,
1145 320 1196 356 ut
1214 310 1324 356 illud
1346 312 1502 356 habea-

124 394 220 423 mus
241 379 384 438 plene.
411 382 520 425 Nam
541 379 648 439 quid
679 381 781 426 inde
805 383 1041 427 habemus?
1060 383 1103 426 in
1129 390 1345 442 quantum
1364 382 1502 426 habe-

123 451 252 494 mus?
273 450 471 510 quandiu
493 450 564 495 hic
582 466 751 506 sumus,
777 463 992 512 quantum
1017 463 1080 498 est
1107 453 1226 512 quod
1246 452 1348 497 inde
1368 453 1505 497 habe-

122 522 245 564 mus?
255 523 365 566 Nam
377 529 420 564 et
435 520 567 566 modo
578 521 681 565 inde
694 522 858 582 aliquid
879 524 1045 582 agimus
1056 558 1067 578 ‚
1090 524 1245 568 remoti
1263 539 1286 568 a
1300 524 1499 582 negotiis,

122 591 316 650 sepositis
342 590 628 636 familiaribus
658 593 792 648 curis,
825 593 1104 648 convenistis,
1137 594 1287 649 statis,
1327 594 1500 638 auditis.

124 663 176 705 In
190 669 406 720 quantum
427 661 511 705 hoc
533 662 673 720 agitis,
690 663 835 706 Mariae
853 663 1010 708 similes
1027 665 1141 708 estis.
1163 667 1219 708 Et
1239 663 1407 707 facilius
1429 679 1504 707 vos

122 731 243 791 quod
264 730 353 789 agit
370 731 528 786 Maria,
553 746 685 790 quam
707 746 786 790 ego
808 733 884 792 qui
905 747 1116 791 praerogo.
1145 733 1188 778 Si
1219 732 1328 792 quid
1363 742 1507 777 tamen

123 800 243 855 dico,
275 801 434 846 Christi
464 810 553 859 est3
590 801 689 847 ideo
722 817 796 847 vos
824 803 981 862 pascit,
1012 803 1114 863 quia
1146 802 1320 848 Christi.
1354 803 1505 855 «Quia

124 889 145 913 »
171 872 294 931 panis
327 873 571 918 communis
604 882 690 928 est,
728 872 848 918 unde
880 883 923 918 et
957 888 1035 932 ego
1056 874 1279 918 vobiscum
1311 874 1449 917 viv01.
1481 891 1501 913 »

121 943 248 987 Nunc
277 951 423 987 autem
457 943 640 987 vivimus
655 978 666 999 ,
691 944 725 987 si
746 959 846 999 vos,
881 943 1061 999 fratreS‚
1097 944 1215 987 statis
1237 944 1282 986 in
1303 943 1501 987 Domino.

121 1011 232 1058 Nolo
252 1011 298 1057 in
319 1013 466 1069 nobis,
492 1012 568 1058 sed
589 1014 634 1057 in
656 1014 854 1059 Domino.
885 1033 905 1055 «
931 1015 1042 1067 Quia
1069 1028 1212 1072 neque
1240 1013 1316 1072 qui
1339 1012 1507 1071 plantat

125 1100 146 1124 »
176 1092 240 1128 est
263 1082 451 1143 aliquid,
472 1099 616 1144 neque
638 1085 714 1144 qui
737 1084 872 1143 rigat·⁷
895 1083 971 1130 sed
993 1084 1069 1144 qui
1094 1084 1411 1128 incrementum
1431 1082 1506 1126 dat

125 1170 146 1194 »
173 1155 287 1198 Deus
301 1156 334 1198 ².
362 1171 382 1195 2)

124 1329 1500 1349 mmmmmmmmmmmmmmmmmm

607 1458 835 1505 SERMO
877 1458 964 1505 CV
977 1454 1007 1503 3.

124 1621 186 1663 De
207 1618 348 1664 verbis
370 1618 592 1677 Evangelii
628 1621 773 1663 Lucae,
801 1637 847 1662 XI
873 1638 881 1662 ι
916 1619 1036 1678 Quis
1065 1627 1271 1662 vestrum
1309 1617 1508 1663 habebit

231 1687 439 1734 amicum
452 1723 467 1744 ,
492 1697 539 1732 et
569 1685 654 1732 ibit
685 1686 756 1732 ad
777 1686 910 1732 illam
932 1685 1093 1732 media
1122 1696 1280 1743 nocte,
1306 1697 1394 1732 etc.

183 1849 218 1891 Ι.
244 1849 495 1891 Αυυινιινιυε
517 1862 596 1891 nos
615 1847 917 1890 exhortantem
932 1846 1164 1890 Dominum
1183 1854 1396 1900 nostrum,
1416 1861 1507 1890 coe-

123 1916 275 1961 lestem
304 1917 581 1975 magistrum,
611 1925 654 1959 et
696 1915 995 1959 fidelissimum
1025 1914 1342 1970 consiliarium,
1383 1931 1507 1959 eum—

125 1984 225 2030 dem
246 1987 536 2042 hortatorem,
572 1994 621 2029 ut
642 1994 861 2044 petamus,
901 1993 944 2029 et
966 1984 1161 2029 datorem
1182 2000 1281 2028 cum
1303 1985 1507 2043 petimus.

126 2055 386 2101 Audivimus
413 2072 513 2101 eum
535 2057 581 2100 in
608 2055 844 2113 Evangelio
865 2055 1113 2099 hortantem
1139 2070 1217 2099 nos
1242 2070 1342 2098 eum
1365 2064 1511 2114 petere

127 2128 360 2183 instanter,
396 2136 439 2171 et
458 2127 631 2186 pulsare
655 2141 792 2186 usque
815 2126 869 2170 ad
898 2125 1231 2170 similitudinem
1253 2126 1511 2184 improbita-

130 2197 198 2241 tis.
226 2197 456 2256 Proposuit
469 2198 584 2241 enim
606 2193 945 2253 nobis‚exempli
963 2195 1097 2253 gratia
1118 2214 1126 2239 ε
1150 2196 1192 2240 Si
1209 2195 1304 2254 quis
1320 2204 1511 2239 vestrum

132 2268 314 2311 haberet
349 2268 537 2311 amicum
554 2302 565 2322 ‚
591 2283 612 2311 a
635 2282 724 2327 quo
745 2275 871 2310 nocte
899 2274 1064 2324 peteret
1098 2274 1182 2309 tres
1219 2280 1376 2324 panes,
1412 2280 1511 2309 cum

133 2336 195 2380 illi
212 2336 374 2382 amicus
396 2336 451 2381 de
467 2337 535 2381 via
552 2338 764 2391 venisset,
784 2344 826 2379 et
847 2334 968 2394 quod
989 2334 1027 2378 ei
1054 2343 1290 2394 apponeret
1318 2349 1406 2379 non
1432 2335 1512 2378 ha-

134 2408 258 2451 beret
282 2408 346 2452 :si
379 2417 524 2452 autem
555 2407 627 2451 ille
665 2406 921 2466 respondeat
943 2406 1033 2464 jam
1069 2420 1113 2449 se
1150 2405 1438 2465 requiescere,
1470 2414 1513 2448 et

137 2492 278 2522 servos
291 2492 387 2522 suos
403 2491 573 2532 secum,
598 2491 678 2521 nec
705 2476 865 2520 debere
893 2473 1007 2518 illius
1030 2474 1228 2533 precibus
1257 2474 1507 2534 inquietari,

187 2579 196 2596 ¹
222 2584 232 2605 1
251 2573 356 2606 Thess.
377 2584 425 2614 ω,
446 2574 478 2606 8.
501 2590 541 2597 -
557 2580 570 2595 2
594 2583 607 2605 1
628 2574 702 2605 cor.
719 2582 765 2613 111,
785 2581 816 2613 7.
833 2588 873 2594 —
888 2568 901 2593 3
917 2571 1000 2603 Alias
1013 2578 1056 2612 29
1072 2570 1112 2603 de
1129 2569 1236 2602 verbis
1256 2569 1391 2603 Domini.
