1898 3178
374 206 512 236 senno
544 206 672 246 vai,
706 207 761 236 nn
792 204 1043 238 nsi-omnus
1074 208 1120 238 nv
1152 208 1299 238 Ezecu.
1469 200 1520 239 31

144 272 268 318 Hanc
287 285 439 319 vocem
455 272 692 332 eliquatam
715 273 772 317 ab
794 268 914 318 omni
937 274 1167 319 schismate
1181 309 1194 330 ,
1215 278 1441 334 purgatam
1471 275 1526 320 ab

145 343 263 388 omni
287 343 462 397 haeresi,
490 343 671 386 audiant
691 358 791 388 oves
806 377 818 399 ,
839 353 882 387 et
905 351 1142 404 sequantur
1162 354 1379 404 pastorem
1397 351 1528 389 suum

145 412 360 458 dicentem
387 430 396 456 :
420 430 440 454 «
464 414 573 466 Quae
591 421 692 457 sunt
714 428 816 458 oves
831 424 956 469 meae,
981 429 1139 460 vocem·
1154 421 1295 460 meam
1313 415 1524 472 audiunt,

147 499 168 524 »
202 490 248 526 et
263 489 507 541 Sequuntur
525 496 610 526 me.
642 501 660 524 ι)

201 553 365 596 XXXI.
390 554 500 598 Nam
520 552 584 597 vis
605 566 747 607 nosse,
766 552 986 608 haeretice,
1010 568 1143 613 quam
1165 561 1260 601 non*
1274 555 1436 600 habeas
1455 568 1530 600 vo-

142 636 238 666 cem
259 622 464 682 pastoris,
496 631 540 668 et
560 622 804 682 pericu-lose
825 631 870 668 te
890 632 1131 684 sequantur
1153 641 1253 671 oves
1273 635 1440 672 tectum
1465 625 1531 670 in-

142 690 354 736 dumento
376 693 550 748 ovium,
582 701 626 737 et
647 693 764 737 intus
792 692 950 752 lupum
978 709 1179 753 rapacem
1196 697 1215 740 1>
1234 696 1427 741 Audiant
1456 710 1531 741 vo·

143 775 238 805 cem
271 770 392 807 tuam
409 796 420 817 ,
454 762 680 806 videamus
716 778 772 806 an
808 763 970 808 Christi
1001 764 1070 809 sit.
1103 765 1341 811 Ecclesiam
1374 765 1532 826 quaerit

144 831 316 875 infirma
332 832 423 876 ovis
440 847 466 876 a
487 846 614 890 grege
631 833 854 889 aberrans,
878 835 1073 880 nesciens
1095 837 1174 880 uhi
1196 837 1250 881 sit
1272 852 1389 896 grex,
1412 850 1531 895 quae-

143 900 199 944 rit
220 916 309 960 quo
330 917 374 946 se
394 911 597 961 aggreget
611 937 622 957 ,
647 918 736 962 quo
764 903 912 947 intret.
942 903 1037 949 Ede
1060 920 1211 950 vocem
1235 918 1250 951 ;·
1270 906 1498 951 audiamus
1515 938 1528 961 ,

144 985 200 1014 an
237 971 397 1016 Christi
423 972 507 1017 sit:
536 972 787 1029 audiamus,
813 982 964 1018 utrum
986 976 1085 1034 agni
1107 977 1162 1020 sit
1180 1011 1191 1032 ,
1224 992 1280 1021 an
1301 975 1528 1036 perdicis1.

144 1039 245 1084 Ovis
255 1040 334 1084 Dei
355 1054 528 1099 gregem
545 1056 673 1085 suum
691 1043 846 1102 quaerit
867 1062 877 1088 ε
900 1053 1007 1103 puta
1031 1059 1157 1089 ovem
1179 1045 1234 1089 de
1257 1046 1435 1089 Oriente
1454 1058 1534 1088 ve-

143 1109 257 1153 nisse
271 1110 318 1153 in
334 1109 547 1166 Africam,
572 1111 730 1171 quaerit
747 1126 918 1170 gregem
939 1127 1066 1155 suum
1083 1146 1094 1167 ,
1118 1113 1301 1156 incurrit
1321 1114 1367 1156 in
1389 1121 1433 1157 te
1447 1148 1459 1168 ,
1486 1113 1534 1157 in

144 1177 365 1222 basilicam
387 1189 509 1224 tuam
524 1180 684 1225 intrare
698 1179 817 1237 vult3
842 1180 1128 1225 commoveris
1148 1181 1296 1238 ignota
1319 1181 1446 1237 facie,
1461 1180 1534 1226 vel

143 1255 216 1302 tu,
245 1248 316 1293 vel
336 1248 532 1294 minister
553 1258 654 1293 tuus
671 1284 682 1304 ,
711 1258 828 1294 stans
846 1250 915 1294 vel
935 1249 1087 1293 sedens
1111 1250 1167 1293 ad
1189 1251 1348 1294 ostium
1364 1285 1375 1306 ,
1403 1251 1534 1295 inter-

144 1326 269 1376 rogat
293 1332 419 1362 ovem
442 1326 714 1377 quaerentem
735 1331 909 1376 gregem
936 1333 1086 1374 suum,
1110 1318 1199 1363 imo
1224 1334 1398 1378 gregem
1415 1322 1494 1366 Dei
1520 1339 1530 1367 :

146 1402 246 1431 cum
265 1401 393 1446 grege
409 1402 488 1432 suo
510 1387 671 1432 intrare
687 1386 783 1432 vult
803 1421 814 1442 ,
838 1387 916 1431 ubi
938 1402 1038 1432 eum
1060 1403 1148 1433 esse
1171 1398 1297 1448 putat
1318 1409 1328 1435 ε
1353 1391 1530 1451 quaeris,

148 1460 346 1516 Paganus
362 1472 422 1513 es,
438 1473 494 1502 an
511 1458 783 1503 Christianus
798 1460 816 1500 ‘3
838 1458 1106 1518 Respondet,
1122 1460 1419 1507 Christianus:
1445 1462 1535 1507 ovis

144 1536 210 1571 est
232 1527 348 1571 enim
364 1528 458 1571 Dei.
473 1528 641 1581 Quaeris
663 1543 719 1572 ne
742 1527 856 1573 forte
877 1529 1219 1574 catechumenus
1239 1530 1309 1586 sit,
1335 1540 1378 1575 et
1398 1532 1537 1576 irruat

150 1598 438 1642 Sacramentis
459 1617 469 1642 ι
495 1598 728 1658 respondet
744 1632 755 1654 ,
789 1597 966 1643 Fidelis.
993 1600 1159 1652 Quaeris
1181 1601 1305 1661 cujus
1334 1617 1536 1646 commu-

149 1669 290 1713 nionis
311 1668 391 1712 sit:
416 1667 672 1727 respondet,
702 1668 968 1714 Catholicus.
989 1669 1287 1715 Christianum
1307 1706 1318 1726 ‚
1340 1671 1534 1727 fidelem,

150 1737 413 1783 catholicum
430 1738 637 1797 reprobas
655 1756 664 1783 :
686 1738 763 1798 qui
784 1747 886 1782 sunt
900 1753 1010 1798 quos
1032 1739 1149 1802 intus
1170 1742 1324 1785 tenes?
1346 1744 1413 1786 Ita
1432 1756 1538 1786 vero

149 1808 310 1868 projice
326 1842 337 1864 ,
374 1808 574 1867 reproba.
613 1811 653 1852 A
684 1816 729 1852 te
750 1808 1031 1867 reprobatus,
1056 1824 1080 1852 a
1107 1810 1282 1855 Christo
1303 1811 1533 1870 probatur.

151 1877 326 1921 Utinam
343 1886 387 1921 et
402 1877 465 1921 illi
486 1878 562 1937 qui
584 1885 687 1921 sunt
703 1878 822 1936 apud
843 1886 886 1921 te
901 1911 912 1932 ,
939 1886 1175 1936 agnoscant
1193 1888 1258 1934 te,
1282 1888 1326 1924 et
1346 1880 1392 1924 in
1414 1879 1538 1924 dimi-

150 1947 224 1992 dio
242 1947 412 1992 dierum
434 1957 613 1992 tuorum
634 1948 944 2007 derelinquant
959 1957 1018 1992 te.
1037 1948 1227 2000 Quidam
1255 1949 1411 1994 fratres
1432 1965 1538 1995 nos-

150 2018 205 2062 tri
223 2018 427 2064 hesterno
444 2018 513 2063 die
529 2020 675 2063 ierunt
694 2020 750 2063 ad
772 2018 994 2063 basilicam
1014 2034 1167 2063 eorum
1189 2039 1198 2064 ε
1221 2021 1298 2064 etsi
1320 2021 1376 2065 ad
1399 2020 1537 2066 malos

151 2087 326 2141 fratres,
357 2097 504 2130 tamen
527 2088 583 2129 ad
615 2089 788 2134 tratres.
821 2088 1075 2145 Attendite,
1111 2088 1264 2134 fratres
1286 2090 1399 2146 mei,
1429 2089 1540 2150 quid

152 2156 319 2200 intersit
351 2157 464 2200 inter
498 2154 705 2199 fiduciam
745 2154 963 2208 veritatis,
1000 2166 1043 2197 et
1081 2160 1282 2199 timorem
1320 2159 1534 2204 falsitatis.

153 2225 341 2279 Quando
374 2225 539 2284 aliquos
574 2239 727 2269 eorum
759 2224 806 2268 in
827 2225 911 2268 hoc
948 2225 1114 2284 populo
1140 2226 1369 2284 agnoscitis
1386 2262 1397 2283 ,
1423 2243 1538 2288 quo-

153 2295 286 2340 modo
317 2294 545 2354 gaudetis?
565 2296 678 2348 Quia
699 2295 744 2338 in
771 2295 896 2340 vohis
928 2293 1001 2338 ille
1036 2291 1110 2339 est>
1135 2294 1213 2354 qui
1239 2297 1396 2356 quaerit
1417 2300 1539 2358 quod

153 2365 353 2424 perierat.
383 2364 635 2422 Suggeritur
657 2363 892 2425 aliquando
908 2363 1031 2409 vobis
1045 2398 1056 2419 ‚
1082 2363 1244 2409 Audiet
1261 2375 1305 2411 et
1326 2366 1535 2414 discedet.

154 2437 213 2480 Et
226 2449 302 2480 vos
315 2469 327 2491 ,
346 2433 506 2480 Audiat
527 2442 572 2479 et
593 2429 802 2481 discedat.
822 2434 985 2481 Audiet
1001 2443 1044 2479 et
1059 2434 1257 2482 irridebit
1273 2470 1287 2494 ‚
1312 2437 1474 2486 Audiat
1495 2448 1540 2486 et

203 2525 215 2543 ¹
239 2518 353 2554 matth.
371 2529 428 2562 vn,
448 2518 506 2557 15.
