1898 3178
369 280 508 309 salmo
539 280 654 321 Lx11,
689 283 743 309 DE
779 281 921 311 vannis
952 277 1116 311 ΜΑΤΤΗ.
1154 285 1248 311 v111.
1403 271 1485 311 247

66 387 68 390 ,
109 349 281 393 afficere
295 383 307 404 ‚
331 347 560 407 permissus
577 356 620 392 et
641 362 781 407 usque
803 347 859 393 ad
881 347 1135 393 laedendum
1150 363 1322 408 corpus.
1343 350 1485 393 Etiam

111 419 190 463 ista
209 419 296 463 vita
317 453 327 473 ‚
352 417 642 476 cogitantibus
673 417 800 462 aliam
826 418 991 477 vitam3
1026 419 1128 474 ista,
1163 418 1366 479 inquam,
1399 420 1488 464 vita

111 489 222 533 inter
241 487 460 546 superflua
478 485 728 547 deputanda
749 496 827 532 est.
852 490 962 533 Nam
981 497 1024 532 et
1040 491 1251 547 Martyres
1265 497 1486 549 contemp-

109 567 258 604 serunt
282 558 416 603 illam.
441 561 539 604 Non
572 559 704 604 vitam
735 558 1048 618 perdiderunt,
1073 559 1148 605 sed
1169 560 1303 606 vitam
1338 560 1491 621 acqui-

110 629 291 673 sierunt.

166 701 264 744 XV.
282 699 399 744 Certi
421 708 583 755 estote,
614 698 767 743 fratres
782 733 793 753 ‚
815 698 1014 743 inimicos
1036 713 1127 743 non
1147 698 1315 744 admitti
1336 698 1493 746 adver-

109 779 180 815 sus
203 769 352 814 fideles
369 805 380 824 ,
406 770 485 814 nisi
509 779 725 830 quantum
745 769 922 829 prodest
943 768 1162 814 tentandis
1195 778 1237 814 et
1258 770 1495 830 probandis

107 840 325 884 fidelibus.
347 841 464 885 Certi
485 849 622 885 estote
638 876 649 895 ‚
669 838 839 895 fratres,
865 854 994 884 nemo
1018 839 1138 884 aliud
1159 839 1288 884 dicat.
1305 842 1491 885 Omnem

107 926 255 956 curam
273 919 459 955 vestram
482 920 612 971 super
629 911 865 956 Dominum
887 911 1068 965 mittite,
1091 925 1264 969 prorsus
1284 926 1360 955 vos
1377 912 1490 971 ipsos

108 991 223 1026 totos
241 982 436 1042 projicite
458 983 502 1026 in
521 982 662 1026 illum.
689 985 788 1027 Non
809 996 853 1026 se
874 980 1108 1036 subducit,
1141 990 1190 1026 ut
1211 980 1388 1025 cadatis.
1414 980 1493 1025 Ille

107 1053 184 1113 qui
206 1067 284 1096 nos
318 1052 506 1107 creavit,
543 1061 586 1096 et
618 1052 672 1096 de
702 1053 802 1111 ipsis
830 1051 996 1111 capillis
1027 1052 1184 1096 nostris
1219 1053 1492 1096 securitatem

107 1123 233 1167 nobis
253 1121 388 1166 dedit.
416 1141 435 1164 «
459 1126 600 1166 Amen
622 1122 720 1167 dico
742 1123 864 1167 vobis
880 1157 891 1177 ‚
912 1122 1057 1182 inquit
1077 1158 1088 1178 ‚
1121 1131 1164 1167 et
1180 1121 1325 1181 capilli
1341 1122 1492 1182 capitis

112 1210 133 1233 »
168 1193 300 1237 vestri
323 1207 472 1236 omnes
489 1193 706 1236 numerati
727 1194 869 1236 sunt¹.
895 1210 914 1233 n
940 1191 1097 1252 Capilli
1118 1193 1254 1237 nostri
1276 1193 1493 1237 numerati

106 1272 210 1308 sunt
231 1266 321 1307 Deo
343 1254 354 1307 ξ
384 1272 550 1322 quanto
573 1263 709 1321 magis
731 1277 871 1306 mores
904 1263 1066 1317 nostri,
1092 1263 1164 1307 cui
1191 1263 1250 1306 sic
1271 1263 1363 1307 noti
1391 1271 1493 1307 sunt

106 1332 251 1392 capilli
267 1332 402 1377 nostri
416 1334 434 1376 P
448 1332 605 1377 Videte
622 1368 632 1386 ,
653 1332 756 1392 quia
779 1332 959 1375 minima
980 1341 1125 1377 nostra
1143 1348 1233 1377 non
1251 1332 1492 1377 contemnit

50 1457 53 1462 Δ
105 1406 234 1447 Deus.
259 1405 370 1448 Nam
390 1403 424 1447 si
446 1411 766 1457 contemneret,
791 1417 872 1446 nec
905 1411 1084 1446 crearet.
1111 1405 1221 1448 Nam
1244 1412 1287 1447 et
1315 1402 1492 1462 capillos

103 1481 273 1517 nostros
289 1473 381 1533 ipse
402 1473 556 1532 utique
573 1472 749 1528 creavit,
770 1481 813 1516 et
828 1482 1078 1517 numeratos
1092 1472 1240 1517 habet.
1261 1471 1346 1517 Sed
1360 1471 1492 1517 modo

104 1555 206 1588 cum
238 1544 351 1598 sint,
375 1544 546 1604 inquis,
582 1542 694 1588 forte
721 1543 944 1602 peribunt.
972 1546 1029 1587 Et
1060 1543 1163 1588 hinc
1198 1544 1301 1587 audi
1337 1558 1490 1588 vocem

103 1615 194 1674 ejus
215 1632 224 1658 ε
254 1632 275 1655 «
293 1616 435 1657 Amen
454 1613 551 1657 dico
573 1613 695 1657 vobis
714 1648 724 1667 ,
744 1612 924 1671 capillus
955 1613 1106 1672 capitis
1133 1614 1266 1658 vestri
1294 1628 1383 1657 non
1412 1628 1490 1672 pe-

105 1700 127 1724 »
163 1683 312 1727 ribit2.
341 1701 360 1724 »
387 1682 501 1735 Quid
519 1683 642 1726 tirnes
660 1682 881 1727 hominem
896 1716 907 1736 ‚
933 1698 958 1726 o
980 1683 1112 1726 homo
1135 1683 1180 1726 in
1202 1682 1299 1726 sinu
1316 1683 1392 1726 Dei
1408 1698 1490 1741 po-

103 1753 223 1796 situs.
252 1754 317 1796 Tu
335 1752 390 1796 de
412 1751 527 1796 illius·
555 1752 651 1795 sinu
674 1751 765 1796 noli
794 1744 948 1796 eadere
977 1751 1223 1812 :quidquid
1254 1753 1315 1796 ibi
1340 1768 1488 1812 passus

102 1822 234 1867 fueris
250 1857 261 1876 ‚
286 1821 342 1866 ad
377 1822 561 1866 salutem
583 1821 770 1876 valebit,
795 1835 886 1866 non
915 1820 970 1866 ad
993 1822 1244 1881 perniciem.
1281 1823 1488 1868 Laniatus

100 1892 396 1936 membrorum
419 1894 631 1947 Martyres
667 1890 942 1949 pertulerunt
959 1924 970 1944 ‚
1007 1899 1051 1934 et
1071 1891 1228 1935 timent
1253 1891 1488 1936 Christiani

102 1954 278 2022 injurias
299 1969 548 2021 temporum
565 1960 941 2006 Christianorum?
958 1960 1044 2014 Qui
1064 1960 1146 2005 tibi
1167 1959 1271 2006 facit
1287 1962 1489 2023 injuriam

102 2031 236 2076 modo
256 2066 267 2086 ‚
292 2032 448 2075 timens
469 2030 587 2076 facit.
613 2034 712 2076 Non
733 2030 838 2076 dicit
858 2036 1005 2090 aperte
1037 2050 1047 2076 ·.
1072 2032 1184 2075 Veni
1212 2030 1268 2076 ad
1294 2031 1484 2092 idolum3

103 2117 194 2147 non
214 2101 320 2146 dicit
341 2111 488 2161 aperte
506 2121 515 2147 :
539 2102 652 2146 Veni
672 2101 727 2146 ad
749 2117 841 2146 aras
863 2116 1001 2158 meas,
1025 2102 1088 2146 ibi
1109 2103 1352 2147 convivare.
1377 2106 1434 2148 Et
1455 2105 1488 2149 si

104 2172 260 2217 dixerit
278 2207 290 2227 ,
309 2181 353 2217 et
374 2171 584 2228 nolueriS,
609 2173 694 2218 hoc
711 2181 1003 2233 conqueratur
1020 2208 1031 2228 ‚
1056 2174 1140 2218 hoc
1160 2173 1206 2217 in
1226 2174 1485 2233 postulatio-

36 2263 37 2274 2
103 2257 204 2286 nem
219 2277 231 2298 ‚
251 2243 334 2287 hoc
356 2244 402 2286 in
424 2242 740 2303 querimoniam
756 2242 948 2302 deponat
969 2262 977 2288 :
997 2242 1148 2289 Noluit
1162 2243 1309 2288 venire
1323 2243 1378 2289 ad
1395 2260 1486 2289 aras

104 2326 220 2357 meas
237 2348 248 2368 ‚
273 2312 415 2358 noluit
442 2314 589 2358 venire
610 2314 665 2357 ad
688 2314 902 2374 templum
926 2314 1045 2374 quod
1073 2329 1270 2359 veneror.
1302 2318 1396 2361 Hoc
1415 2315 1485 2360 di·-

34 2382 37 2444 J
105 2392 188 2428 cat.
205 2386 305 2429 Non
338 2383 466 2428 audet
488 2383 657 2428 dicere:
679 2385 755 2429 sed
788 2385 870 2430 alia
897 2385 1172 2430 machinatur
1193 2384 1356 2430 dolose.
1380 2389 1487 2431 Para

35 2467 38 2470 ·
106 2453 308 2512 capillos,
342 2453 600 2499 novaculam
622 2455 766 2499 acuit:
793 2454 1017 2499 ablaturus
1047 2464 1110 2500 est
1137 2456 1355 2516 superflua
1383 2465 1483 2513 tua,

107 2531 278 2567 rasurus
295 2523 511 2584 quidquid
532 2522 760 2568 relicturus
777 2539 835 2569 es,
860 2524 1000 2571 Tollat
1022 2519 1237 2586 quidquid
1258 2532 1488 2586 permane-

155 2614 162 2630 ¹
187 2608 299 2639 Manh.
318 2608 350 2648 it,
372 2607 424 2640 30.
450 2625 489 2630 —
507 2614 519 2630 2
536 2610 611 2640 Luc.
633 2610 699 2650 xii,
722 2609 771 2640 18.
