1898 3178
374 181 460 222 234
795 188 829 218 s.
864 188 1095 217 avens-nm
1127 188 1308 216 EPISCOPI

374 260 421 303 in
455 261 544 303 Deo
579 257 704 310 vivo,
740 255 816 314 qui
846 261 1020 313 praestat
1064 252 1189 298 nobis
1216 253 1360 297 omnia
1393 252 1667 297 abundanter
1697 252 1752 297 ad

375 329 612 373 fruendum
644 346 653 370 :
690 327 773 369 hoc
815 322 990 368 faciant.
1045 326 1109 368 Ex
1155 338 1207 369 eo
1242 333 1388 368 autem
1428 323 1550 384 quod
1585 324 1753 368 habent

374 399 484 460 quid
523 397 723 442 faciant?
758 393 874 439 Audi
905 394 1014 454 quid
1041 409 1050 435 τ
1099 412 1118 436 «
1150 394 1311 439 Divites
1349 394 1436 438 sint
1475 394 1521 438 in
1551 394 1756 453 operibus

375 487 398 512 ³)
432 470 579 522 bonis,
612 466 738 510 facile
760 466 957 509 tribuant
979 466 993 490 ¹
1021 498 1030 507 .
1059 483 1078 506 »
1107 465 1281 508 Habent
1308 464 1425 508 enim
1443 463 1577 508 unde.
1613 467 1757 517 Quare
1784 477 1791 483 ·

376 555 464 584 non
497 537 690 582 faciunt?
725 539 960 595 Paupertas
989 534 1222 579 difficultas
1250 544 1329 579 est.
1360 534 1505 578 Facile
1528 534 1754 590 tribuant,

375 611 541 655 habent
572 606 707 652 unde.
733 606 1097 661 Communicent‚
1136 604 1181 649 id
1203 614 1288 661 est,
1320 619 1444 664 pares
1465 619 1565 649 suos
1593 613 1759 649 morta-

377 681 438 725 les
475 688 721 738 agnoscant.
760 697 778 719 «
810 677 1174 731 Communicent,
1212 676 1504 720 thesaurizent
1537 675 1620 719 sibi
1651 675 1758 720 fun-

380 769 401 792 »
437 749 694 794 damentum
730 749 897 793 bonum
935 748 982 791 in
1019 747 1261 791 futurum².
1290 764 1310 788 υ
1355 748 1455 791 Νοη
1491 745 1608 789 enim
1656 746 1760 805 quia

379 820 494 873 dico,
513 820 657 880 inquit
669 853 680 875 ,
703 839 724 861 «
742 818 888 864 Facile
909 818 1127 872 tribuant,
1145 816 1487 870 communicent,
1507 833 1528 858 »
1545 815 1760 875 expoliare

377 891 472 937 illos
487 892 610 947 volo,
634 891 801 935 nudare
821 889 917 935 illos
939 888 1038 934 volo
1055 923 1066 944 ,
1086 888 1235 932 inanes
1263 887 1510 947 relinquere
1530 886 1647 932 volo.
1672 889 1762 932 Do-

378 978 456 1007 ceo
476 962 800 1018 lucrum3‚cum
820 959 1018 1015 ostendo,
1040 978 1060 1002 «
1074 959 1382 1003 Thesaurizent
1395 958 1521 1001 sibi.»
1533 959 1630 1003 Non
1645 957 1760 1001 enim

377 1033 478 1077 volo
494 1067 505 1088 ‚
529 1042 580 1076 ut
597 1047 807 1092 pauperes
829 1038 1094 1075 remaneant.
1120 1048 1141 1072 «
1165 1029 1474 1073 Thesaurizent
1494 1028 1591 1072 sibi.
1619 1045 1641 1069 »
1664 1029 1762 1073 Non
1830 1065 1840 1068 -

378 1112 428 1148 ut
450 1102 657 1162 perdant,
675 1103 773 1146 dico
800 1121 809 1146 ;
834 1101 910 1145 sed
930 1116 1019 1160 quo
1037 1101 1241 1159 migrent,
1263 1097 1461 1144 ostendo.
1490 1116 1511 1140 «
1536 1099 1763 1143 Thesauri·

381 1192 402 1215 »
437 1182 536 1218 zent
554 1173 637 1217 sibi
657 1172 995 1216 fundamentum
1018 1171 1188 1215 bonum
1209 1170 1256 1214 in
1275 1169 1474 1214 futurum
1491 1203 1503 1224 ,
1532 1178 1582 1213 ut
1603 1183 1761 1228 appre-

381 1264 401 1287 »
436 1244 631 1289 hendant
664 1259 813 1289 veram
839 1246 1020 1288 vitam.»
1037 1245 1142 1286 Haec
1164 1256 1268 1299 ergo
1285 1240 1392 1285 falsa
1414 1241 1502 1284 vita
1530 1249 1615 1284 est:
1632 1259 1651 1282 «
1668 1243 1764 1299 Ap·

378 1315 654 1375 prehendant
667 1329 815 1359 veram
830 1313 979 1358 vitam.
1011 1330 1031 1354 «
1052 1312 1229 1356 Vanitas
1250 1310 1366 1354 enim
1387 1310 1694 1364 vanitantium,
1719 1319 1763 1354 et

382 1404 403 1428 »
440 1386 582 1430 orn-nia
606 1385 787 1430 vanitas.
814 1387 923 1438 Quae
940 1382 1210 1427 abundantia
1230 1390 1352 1426 tanta
1371 1380 1558 1425 hominis
1579 1381 1626 1424 in
1642 1380 1762 1424 omni

382 1475 403 1499 »
437 1457 588 1501 labore
619 1472 697 1501 suo
715 1491 726 1512 ,
757 1471 846 1516 quo
874 1457 964 1514 ipse
995 1455 1166 1499 laborat
1188 1454 1270 1498 sub
1293 1452 1382 1497 sole
1399 1452 1430 1496 4.
1455 1469 1476 1493 »
1501 1453 1763 1512 Apprehen-

381 1529 524 1572 denda
545 1538 609 1572 est
626 1544 728 1587 ergo
742 1543 843 1572 vera
861 1528 965 1582 vita,
979 1525 1217 1584 migrandae
1236 1533 1339 1569 sunt
1360 1522 1588 1568 facultates
1604 1533 1764 1569 nostrae

380 1599 435 1643 ad
455 1599 602 1643 locum
618 1613 733 1643 verae
753 1598 854 1642 vitae
871 1618 882 1655 3
909 1605 959 1640 ut
974 1597 1058 1641 hoc
1075 1596 1137 1639 ibi
1153 1595 1440 1651 inveniamus,
1457 1594 1579 1654 quod
1598 1594 1670 1639 hic
1692 1595 1763 1638 da-

380 1685 490 1714 mus.
516 1672 660 1713 Mutat
677 1667 749 1712 illa
765 1703 776 1723 ,
801 1666 878 1728 qui
899 1676 1042 1711 mutat
1057 1675 1100 1711 et
1121 1681 1213 1710 nos,

438 1741 537 1783 XII.
565 1742 674 1782 Date
695 1753 797 1796 ergo
814 1737 1095 1797 pauperibus,
1111 1736 1264 1780 fratres
1286 1735 1385 1778 mei.
1406 1735 1617 1778 «Victum
1639 1742 1682 1778 et
1698 1742 1764 1778 te-

382 1829 403 1851 »
439 1819 696 1868 gumentum
719 1809 930 1853 habentes
944 1844 954 1863 ,
979 1808 1046 1852 his
1063 1808 1258 1852 contenti
1280 1821 1443 1850 sumus.
1464 1825 1481 1847 »
1503 1804 1619 1850 Nihil
1645 1803 1763 1849 dives

382 1880 514 1924 habet
536 1879 591 1923 de
612 1879 772 1923 divitiis
793 1878 880 1922 suis
898 1913 908 1933 ,
930 1878 1012 1921 nisi
1033 1877 1154 1937 quod
1175 1876 1231 1920 ab
1253 1875 1328 1919 illo
1345 1874 1537 1934 postulat
1563 1889 1730 1933 pauper
1747 1909 1758 1930 ,

344 1957 348 1959 ’
381 1951 545 1995 victum
563 1959 605 1994 et
623 1957 939 2008 tegumentum.
957 1949 1069 1992 Hinc
1088 1956 1136 1991 tu
1155 1945 1263 2006 quid
1278 1945 1375 2005 plus
1396 1946 1530 1989 habes
1548 1960 1598 1988 ex
1620 1946 1764 1989 omni-

385 2022 462 2065 bus
481 2036 580 2081 quae
596 2021 764 2065 habes?
785 2019 1002 2078 Accepisti
1024 2018 1213 2073 victum,
1249 2016 1451 2076 accepisti
1474 2016 1763 2060 necessarium
1830 2042 1832 2046 ,
1866 2039 1868 2042 >

382 2099 700 2150 tegumentum.
726 2089 1019 2135 Necessarium
1046 2087 1144 2132 dico
1161 2123 1172 2143 ,
1207 2102 1296 2131 non
1318 2087 1446 2130 inane
1465 2121 1476 2141 ,
1501 2088 1591 2130 non
1612 2101 1765 2146 super-

383 2163 538 2206 ssuum.
565 2160 681 2215 Quid
709 2159 805 2219 plus
834 2158 889 2203 de
923 2158 1081 2203 divitiis
1104 2158 1188 2202 tuis
1215 2156 1361 2216 capis?
1384 2157 1460 2200 Dic
1482 2157 1604 2200 mihi.
1635 2158 1764 2217 Certe

383 2233 527 2276 omnia
549 2241 624 2276 tua
645 2230 866 2290 superflua
887 2237 1030 2273 erunt.
1052 2230 1161 2280 Quae
1189 2236 1291 2271 sunt
1312 2236 1387 2270 tua
1408 2225 1625 2285 superflua
1640 2261 1651 2281 ,
1680 2226 1765 2270 sint

384 2302 647 2360 pauperibus
668 2298 919 2344 necessaria.
947 2297 1032 2343 Sed
1053 2312 1133 2356 ego
1149 2331 1160 2352 ‚
1194 2297 1338 2356 inquis
1356 2331 1366 2351 ,
1388 2295 1595 2355 pretiosas
1616 2295 1766 2355 epulas

387 2370 571 2428 accipio,
592 2369 786 2429 pretiosis
804 2369 911 2413 cibis
933 2383 1097 2413 vescor.
1126 2370 1292 2426 Pauper
1313 2366 1451 2426 quid?
1477 2364 1655 2409 Vilibus.
1684 2365 1762 2408 Vi-

386 2440 500 2484 libus
517 2440 623 2484 cibis
641 2441 829 2485 vescitur
846 2454 1036 2499 pauper,
1057 2453 1138 2496 ego
1155 2472 1165 2492 ,
1190 2437 1353 2497 inquit,
1379 2437 1588 2495 pretiosis.
1616 2439 1759 2480 Inter-

436 2533 444 2547 ¹
468 2536 479 2556 1
501 2526 579 2558 Tim.
600 2535 644 2564 vi,
667 2525 715 2556 18.
735 2542 773 2547 —-
791 2525 1039 2568 zlbid.19.——
1059 2522 1072 2546 3
1087 2522 1381 2554 F01·celocum.-
1404 2520 1582 2561 4Ecele.1,
1603 2529 1632 2552 2.
