1898 3178
308 222 446 250 SERMO
470 219 645 259 Lxxxix,
672 221 725 247 DE
757 222 902 249 VERBIS
933 219 1097 248 MATTn.
1132 220 1218 247 xxi.
1362 207 1447 246 469

62 287 203 332 multo
224 287 480 331 clementius
499 287 707 330 Dominus
728 322 738 340 ,
765 297 808 331 et
829 302 903 332 sua
926 287 1216 332 misericordia
1245 286 1416 344 dignius
1433 321 1443 340 ,

61 359 95 401 si
116 373 248 417 quam
272 358 467 402 arborem
492 356 654 400 aridam
677 357 915 412 inveniret,
938 357 1120 401 viridem
1138 356 1366 413 redderet3
1391 357 1447 399 si-

60 436 136 472 cut
170 427 425 487 languentes
457 427 646 481 sanavit,
678 427 788 471 sicut
824 428 1013 487 leprosos
1047 428 1298 482 mundavit,
1335 427 1447 471 sicut

0 538 2 544 .
60 506 254 542 mortuos
286 497 520 542 suscitavit.
548 499 669 541 Tunc
696 512 799 542 vero
818 513 841 541 a
864 498 1102 554 contrario,
1136 498 1259 558 quasi
1291 495 1446 542 adver-

0 598 4 625 ξ
59 582 129 612 sus
152 567 347 626 regulam
371 567 611 611 clementiae
639 582 749 621 suae,
782 567 948 612 invenit
969 569 1168 612 arborem
1200 568 1412 613 virentem
1431 603 1444 624 ‚

0 678 6 686 ‚
58 647 219 698 praeter
251 647 422 697 tempus
455 636 650 682 nondum
688 637 878 682 fructum
900 639 1158 693 habentem,
1183 654 1272 683 non
1299 647 1447 682 tamen

0 749 8 757 ,
58 707 253 752 fructum
271 709 470 767 agricolae
488 724 565 753 suo
582 717 834 767 negantem,
857 717 899 752 et
913 708 1077 753 aridam
1100 708 1222 753 fecit:
1239 718 1447 768 tanquam

0 819 10 828 ,
58 779 221 824 diceret
265 780 446 822 homini.
483 782 581 825 Non
611 795 680 823 me
718 778 891 823 ariditas
930 780 1059 839 hujus
1100 780 1262 824 arboris
1299 779 1447 824 delec-

0 879 10 906 n
57 850 192 904 tavit,
219 848 294 892 sed
327 849 405 893 tibi
437 849 557 893 volui
591 849 808 893 insinuare
842 865 931 894 non
965 851 1057 894 sine
1097 865 1224 894 causa
1259 850 1343 894 hoc
1378 863 1447 892 me

0 943 14 979 st
54 919 197 964 facere
217 918 426 973 voluisse,
471 919 552 963 nisi
574 920 675 980 quia
708 920 788 963 tibi
809 919 928 979 quod
950 919 1047 979 plus
1083 919 1328 963 attenderes
1364 934 1444 963 vo-

0 1014 16 1050 ÷t
54 987 118 1033 lui
147 987 466 1032 commendare.
506 992 602 1034 Non
637 990 762 1033 istam
790 990 988 1035 arborem
1015 988 1240 1044 maledixi,
1266 1004 1355 1034 non
1385 1004 1449 1033 ar·

54 1057 149 1102 bori
172 1074 260 1102 nou
298 1059 501 1103 sentienti
539 1075 717 1119 poenam
739 1060 898 1117 inflixi,
923 1059 999 1104 sed
1024 1068 1066 1104 te
1089 1059 1250 1113 terrui,
1284 1060 1317 1102 si
1351 1060 1446 1119 quis

55 1128 260 1183 advertis,
305 1138 353 1172 ut
388 1128 646 1174 esurientem
671 1131 893 1175 Christum
931 1145 1019 1174 non
1047 1138 1370 1184 contemneres,
1396 1138 1445 1174 ut

55 1197 200 1243 fructu
222 1199 367 1257 potius
390 1201 571 1259 opimari
593 1216 724 1260 quam
747 1200 860 1245 foliis
882 1201 1158 1245 obrumbrari
1181 1200 1393 1258 diligeres.

112 1273 188 1314 IV.
212 1274 304 1315 Hoc
325 1287 461 1315 unum
479 1281 542 1316 est
560 1271 680 1331 quod
696 1275 907 1316 Dominus
926 1271 1206 1316 commendat
1222 1287 1264 1314 se
1280 1271 1444 1331 aliquid

0 1358 15 1402 *e
52 1341 292 1399 significare
326 1340 529 1385 voluisse.
554 1341 671 1394 Quid
695 1341 843 1386 aliud?
868 1343 1074 1387 Esuriens
1098 1341 1265 1386 accedit
1293 1341 1347 1386 ad
1371 1357 1442 1385 ar-

53 1411 202 1455 borem
219 1445 228 1462 ,
250 1420 292 1454 et
312 1412 469 1470 quaerit
490 1426 634 1470 poma.
656 1412 884 1457 Nesciebat
906 1421 1077 1471 tempus
1103 1412 1300 1456 nondum
1322 1414 1442 1456 esse?

1 1514 28 1556 κθ)
52 1481 178 1536 Quod
200 1481 344 1526 cultor
369 1483 533 1527 arboris
565 1483 750 1538 sciebat,
782 1485 962 1528 Creator
997 1483 1161 1527 arboris
1194 1483 1442 1526 nesciebat?

0 1584 30 1614 mo
52 1553 218 1630 Quaeiit
238 1568 342 1612 ergo
366 1552 592 1598 fructum
581 1569 627 1597 m
650 1554 828 1607 arbore,
852 1568 984 1630 quem
1012 1552 1212 1597 nondum
1233 1553 1437 1597 habebat

0 1076 17 1120 lo

81 1989 104 2018 e
123 1975 324 2028 Domino,
350 1975 494 2033 potius
516 1988 773 2019 arescamus,
799 1973 1073 2032 Evangelista
1096 1972 1290 2033 quidem,
1321 1993 1341 2015 «
1357 1977 1436 2018 Ve-

64 2061 75 2086 ›
107 2045 195 2098 nit,
213 2044 370 2103 inquit,
395 2044 450 2087 ad
468 2044 684 2099 arborem,
706 2053 748 2088 et
761 2042 953 2087 fructum
968 2044 1013 2087 in
1031 2058 1080 2088 ea
1097 2044 1432 2095 noninvenit1‚»

93 2115 210 2175 tique
245 2129 334 2158 non
378 2114 580 2169 invenit,
619 2130 709 2159 non
747 2114 963 2159 diceretur
996 2113 1050 2157 de
1102 2113 1177 2158 illo
1201 2148 1212 2169 ,
1248 2114 1327 2157 nisi
1358 2114 1435 2173 qui

79 2184 150 2228 el²
177 2183 323 2228 videre
356 2184 635 2243 quaesiverat,
668 2184 738 2229 vel
769 2190 963 2244 quaerere
996 2199 1040 2228 se
1060 2184 1269 2239 finxerat,
1302 2199 1435 2244 quem

67 2255 111 2299 bi
144 2270 234 2300 non
270 2270 358 2299 esse
390 2264 583 2300 noverat.
621 2255 746 2300 Unde
778 2272 867 2301 non
908 2256 1182 2311 dubitamus,
1218 2264 1433 2299 errantem

87 2326 271 2370 hristum
311 2326 436 2370 nullo
468 2325 600 2371 modo
637 2326 846 2371 dicamus.
877 2325 995 2380 Quid
1032 2326 1200 2370 finxisse
1223 2325 1434 2370 dicimus?

77 2410 163 2439 nne
186 2396 271 2440 hoc
303 2395 512 2441 dicimus?
546 2396 777 2449 Quomodo
798 2396 900 2441 hinc
937 2396 1175 2440 exibimus?
1203 2395 1428 2450 Dicamus,

81 2479 106 2508 e
126 2464 233 2525 quid
256 2465 530 2524 Evangelista
551 2466 709 2510 dixerit
725 2465 780 2511 de
796 2465 1088 2526 Dominojalio
1109 2465 1205 2510 loco
1221 2500 1232 2520 ,
1253 2480 1342 2510 non
1360 2481 1432 2509 au·

97 2555 107 2573 ¹
122 2550 235 2583 Mauh.
256 2561 326 2592 xn,
354 2561 403 2592 19,
427 2568 465 2575 —-
490 2557 502 2573 ²
522 2551 626 2582 Forte
644 2561 732 2583 vere.
