1898 3178
381 250 402 286 5
411 250 463 287 08
782 259 816 288 s.
853 260 937 288 Auo
946 263 1082 288 ustum
1116 262 1294 288 nrlscori

378 325 496 384 quod
512 325 556 369 in
574 325 649 370 illo
670 326 837 370 Psalmo
856 327 1073 386 sequitur:
1097 345 1116 368 α
1134 327 1310 386 Inquire
1333 341 1501 385 pacem,
1519 336 1562 370 et
1578 342 1757 387 sequere

379 414 399 436 »
436 398 587 440 eam¹?
613 415 632 437 »
661 399 763 440 Haec
780 397 876 452 tria,
902 398 986 441 1100
1003 407 1087 451 est,
1113 397 1372 441 abstinentia
1392 413 1412 440 a
1442 397 1573 451 malo,
1593 407 1637 441 et
1653 414 1758 457 ope-

377 468 485 512 ratio
511 468 614 511 boni
631 503 640 521 ,
667 476 709 510 et
730 482 824 526 spes
854 469 1019 527 praemii
1041 469 1193 513 oeterni
1225 477 1561 513 commemorata
1589 479 1691 513 sunt
1713 470 1757 513 in

377 538 557 582 Actibus
579 537 887 597 Apostolorum
906 574 916 594 ,
948 540 1025 582 ubi
1047 540 1254 598 scriptum
1272 548 1336 582 est
1357 558 1366 583 :
1396 558 1416 580 «
1442 540 1553 592 Quia
1570 538 1758 584 docebat

379 626 399 649 »
435 624 506 652 eos
525 608 684 652 Paulus
706 608 761 652 de
777 610 1062 664 continentia,
1087 609 1142 653 de
1158 609 1342 669 justitia,
1367 618 1410 652 et
1431 624 1504 668 spe
1523 609 1622 653 vitae
1637 619 1759 654 aeter-

379 698 398 721 »
435 683 550 723 nae'2.
585 698 605 721 »
626 680 694 724 Ad
716 681 1030 725 continentiam
1057 682 1269 741 pertinet,
1299 700 1318 722 «
1351 681 1445 725 Sint
1466 680 1607 724 lumbi
1628 681 1759 725 vestri

377 769 397 791 »
434 750 630 795 accincti.
664 769 683 792 »
711 752 780 795 Ad
797 751 1010 811 justitiam
1035 752 1245 811 pertinet,
1271 770 1286 791 α
1314 754 1370 796 Ε1
1390 750 1581 795 lucernae
1602 751 1759 795 arden-

376 839 396 862 »
431 830 511 865 tes.
537 839 557 862 »
582 821 651 865 Ad
673 822 1015 881 expectationem
1040 822 1211 866 Domini
1227 822 1437 880 pertinet,
1458 838 1558 881 quae
1580 831 1643 866 est
1664 837 1759 881 spes

374 892 474 936 vitae
491 901 680 936 aeternae.
701 895 833 951 Ergo,
859 912 878 934 «
897 891 1072 936 Declina
1087 907 1111 935 a
1133 891 1264 946 malo,
1285 911 1304 933 »
1330 893 1424 936 haec
1440 902 1503 936 est
1526 893 1757 936 continen-

373 963 430 1007 tia
448 997 459 1017 ,
484 963 529 1006 hi
553 972 654 1006 sunt
681 962 821 1006 lumbi
844 963 1025 1007 accincti
1052 981 1060 1007 :
1093 981 1113 1004 «
1139 965 1195 1007 Et
1216 961 1283 1007 fac
1312 963 1507 1020 bonum,
1535 982 1554 1004 »
1579 963 1674 1008 haec
1695 973 1759 1008 est

368 1034 530 1093 justitia
547 1067 557 1087 ,
583 1033 651 1076 hae
681 1042 783 1077 sunt
819 1032 1011 1076 lucernae
1045 1032 1244 1077 ardentes
1267 1052 1275 1077 ε
1307 1052 1326 1075 «
1351 1036 1507 1086 Quaere
1529 1049 1681 1092 pacem
1715 1043 1758 1078 et

374 1122 394 1144 »
430 1118 610 1163 sequere
632 1119 744 1156 eam,
763 1122 783 1144 »
808 1104 902 1147 haec
926 1112 990 1146 est
1012 1104 1251 1162 expectatio
1275 1102 1409 1147 futuri
1434 1103 1579 1147 saeculi
1601 1122 1610 1148 :
1635 1119 1754 1162 ergo,

376 1193 395 1215 «
433 1174 598 1219 Similes
616 1183 752 1218 estote
770 1174 1022 1218 hominibus
1041 1174 1370 1233 expectantibus
1387 1174 1612 1218 dominum
1630 1190 1757 1218 suum

378 1262 399 1286 »
433 1244 609 1304 quando
630 1246 775 1289 veniat
795 1261 817 1289 a
840 1245 1017 1304 nuptiis.
1047 1263 1067 1286 »

432 1320 514 1360 111.
544 1317 762 1360 Habentes
799 1326 941 1360 autem
971 1317 1050 1359 ista
1082 1326 1299 1376 praecepta
1322 1325 1366 1360 et
1392 1316 1596 1375 promissa
1613 1350 1624 1370 ,
1649 1315 1756 1375 quid

372 1387 608 1446 quaerimus
630 1387 673 1429 in
693 1396 804 1430 terra
829 1386 921 1430 dies
946 1387 1083 1430 bonos
1099 1421 1109 1441 ,
1130 1385 1209 1430 ubi
1230 1402 1302 1430 eos
1323 1386 1519 1430 invenire
1541 1401 1630 1429 non
1652 1401 1754 1444 pos-

371 1473 520 1501 sumus
535 1460 552 1501 9
570 1458 665 1501 Scio
688 1458 804 1500 enim
828 1458 928 1516 quia
946 1472 1017 1500 eos
1037 1457 1231 1515 quaeritis
1246 1492 1256 1511 ‚
1283 1456 1460 1517 quando
1483 1465 1557 1500 aut
1575 1466 1756 1513 aegrota·

374 1528 448 1581 tis,
471 1528 604 1571 autin
628 1527 984 1571 tribulationibus
1008 1527 1122 1581 estis,
1149 1543 1248 1586 quae
1264 1526 1492 1570 abundant
1514 1527 1558 1570 in
1576 1527 1656 1571 isto
1680 1543 1756 1571 saa-

371 1599 486 1643 culo.
514 1599 729 1651 Quoniam
756 1597 934 1658 quando
970 1607 1073 1641 aetas
1105 1598 1243 1657 vergit
1274 1597 1327 1642 ad
1364 1599 1522 1652 finem,
1558 1607 1602 1642 et
1628 1614 1755 1642 senex

372 1669 527 1729 plenus
551 1678 614 1713 est
636 1668 845 1728 querelis,
873 1678 915 1711 et
937 1668 1066 1712 nullis
1096 1667 1276 1727 gaudiis.
1306 1672 1422 1712 Inter
1444 1684 1593 1713 omnes
1614 1669 1756 1713 tribu*—

370 1739 551 1783 lationes
567 1774 578 1789 ‚
610 1739 771 1799 quibus
794 1739 1034 1783 conteritur
1057 1754 1193 1797 genus
1214 1739 1457 1782 humanum
1476 1774 1486 1794 ,
1525 1755 1612 1783 non
1634 1755 1755 1799 quae-

370 1820 473 1854 runt
494 1811 692 1854 homines
721 1811 800 1853 nisi
823 1809 914 1853 dies
940 1810 1077 1853 bonos
1095 1845 1106 1864 ,
1140 1819 1183 1854 et
1204 1810 1337 1853 vitam
1366 1808 1521 1854 volunt
1547 1809 1722 1868 longam
1740 1844 1751 1864 ,

368 1898 502 1941 quam
520 1883 591 1926 hic
612 1882 774 1925 habere
797 1897 884 1926 non
904 1890 1096 1938 possunt.
1110 1882 1220 1932 Quia
1245 1890 1288 1922 et
1307 1881 1436 1937 longa
1457 1879 1645 1923 hominis
1667 1881 1754 1924 vita

366 1961 485 1997 tanta
504 1952 714 1994 brevitate
737 1950 1048 2008 constringitur
1068 1951 1122 1993 ad
1146 1950 1333 1993 universi
1350 1949 1494 1994 saeculi
1517 1949 1631 1994 illius
1651 1951 1752 1995 lati-

368 2023 564 2067 tudinem
582 2057 592 2076 ,
616 2022 738 2082 quasi
774 2022 806 2065 si
831 2037 916 2065 una
949 2031 1071 2079 gutta
1098 2020 1153 2065 ad
1182 2021 1432 2064 universum
1459 2036 1591 2065 mare.
1635 2022 1751 2076 Quid

368 2110 468 2151 ergo
491 2104 554 2138 est
573 2094 660 2137 vita
685 2093 890 2146 hominis,
919 2093 1045 2136 etiam
1070 2092 1141 2135 illa
1161 2108 1258 2151 quas
1278 2091 1408 2151 longa
1431 2091 1587 2136 dicitur
1602 2094 1619 2137 Ρ
1637 2096 1752 2138 Lon-

371 2181 466 2224 gam
485 2165 618 2208 vitam
638 2163 817 2215 dicunt,
842 2179 940 2222 quae
967 2163 1011 2205 in
1034 2161 1193 2206 saeculo
1215 2163 1297 2206 isto
1319 2163 1457 2207 brevis
1481 2172 1544 2207 est
1570 2183 1578 2208 :
1600 2173 1668 2218 et,
1694 2164 1750 2208 si-

367 2245 442 2279 cut
463 2235 574 2288 dixi,
605 2233 833 2277 abundant
856 2233 1040 2291 gemitus
1072 2248 1208 2291 usque
1231 2233 1285 2276 ad
1312 2232 1576 2292 decrepitam
1607 2249 1751 2279 senec-

368 2314 522 2348 tutem.
548 2307 638 2348 Hoc
657 2313 799 2347 totum
822 2301 1042 2346 modicum
1063 2311 1108 2346 et
1136 2303 1265 2347 breve
1283 2312 1374 2357 est,
1405 2312 1448 2346 et
1472 2312 1614 2347 tamen
1638 2320 1749 2364 quo-

368 2375 499 2419 modo
518 2375 730 2435 quaeritur
753 2374 807 2418 ab
829 2372 1078 2417 hominibus
1095 2408 1105 2427 ,
1131 2382 1293 2433 quanta
1312 2372 1531 2432 diligentia
1552 2408 1562 2427 ,
1583 2384 1749 2434 quanto

365 2446 512 2490 labore
532 2482 542 2500 ,
579 2455 743 2505 quanta
776 2460 904 2498 cura,
947 2452 1110 2504 quanta
1142 2443 1388 2502 vigilantia,
1417 2453 1582 2504 quanto
1617 2460 1748 2504 opere
1813 2473 1815 2478 =

364 2525 568 2576 quaerunt
592 2515 815 2571 homines,
846 2523 896 2558 ut
923 2513 1000 2558 diu
1036 2515 1107 2559 hic
1141 2515 1288 2559 vivant
1326 2524 1368 2559 et
1398 2524 1641 2560 senescant.
1674 2518 1747 2575 Ip-

412 2607 420 2623 ¹
438 2601 518 2633 Psal.
535 2611 648 2643 xxxin,
670 2599 720 2632 15.
744 2615 782 2622 —-
800 2605 812 2621 ²
826 2601 899 2631 Act.
920 2609 1010 2636 xxiv,
1025 2597 1081 2631 25.
