1898 3178
450 233 532 268 :tio
881 238 914 265 s.
953 239 1183 268 Acco-snm
1219 242 1396 269 eviscovi

443 307 535 351 lens
558 316 774 360 creatura,
802 315 850 349 ut
878 305 1032 350 idonea
1056 306 1111 350 sit
1133 308 1260 351 etiam
1285 316 1457 350 mortua
1480 321 1653 350 carnem
1687 307 1828 350 vivili-

442 394 555 423 care.
580 381 688 423 Nam
710 378 800 435 ipsa
827 377 968 420 anima
990 377 1140 437 impii,
1161 378 1304 422 anima
1326 376 1511 420 infidelis
1526 412 1536 424 ,
1562 377 1704 420 anima
1730 393 1828 436 per-

438 449 577 503 versi,
617 447 736 502 duri,
770 455 944 492 mortua
981 457 1046 492 est
1068 467 1078 492 ε
1104 457 1316 492 ettamen
1353 463 1429 506 per
1451 448 1585 506 ipsam
1611 457 1829 491 mortuam

437 519 543 563 vivit
567 533 736 577 corpus.
765 516 870 562 Ideo
891 517 951 561 ibi
973 526 1038 562 est
1060 537 1069 562 z
1094 528 1240 562 movet
1269 517 1325 561 ad
1355 520 1627 576 operandum
1652 533 1827 572 manus,

437 588 489 632 ad
516 586 835 631 ambulandum
856 587 989 646 pedes
1007 623 1017 642 ‚
1041 588 1096 632 ad
1119 586 1360 632 videndum
1382 587 1573 631 intendit
1590 587 1798 631 obtutum
1815 622 1826 642 ,

438 657 493 701 ad
515 657 785 702 audiendum
805 658 982 703 auribus
1003 657 1241 703 inclinatur
1261 678 1272 715 3
1296 672 1470 717 sapores
1492 655 1725 716 dijudicat,
1746 657 1829 702 do-

438 729 549 774 lores
572 729 756 789 refugit,
782 730 947 789 appetit
970 729 1230 789 voluptates.
1257 729 1415 773 Omnia
1437 729 1530 773 haec
1553 729 1743 788 corporis
1765 729 1830 773 vi·
1873 740 1898 776 :<

438 801 577 845 ventis
593 799 773 855 indicia,
794 801 870 845 sed
886 816 937 845 ex
955 801 1111 844 animae
1135 799 1377 860 praesentia.
1406 803 1633 858 Interrogo
1652 815 1825 859 corpus,
1872 796 1874 799 ’

438 886 493 914 an
517 871 647 915 vivat.
675 871 925 931 Respondet
941 871 1048 914 mihi
1069 890 1078 915 z
1102 870 1233 914 Vides
1253 869 1568 924 ambulantem,
1593 870 1712 914 vides
1731 886 1829 930 ope·
1870 874 1873 921 ἰ
1894 892 1898 918 ;

426 950 630 996 ,ι’ᾱιιῑρῐη,
656 941 780 985 audis
810 941 1093 1001 loquentem,
1126 941 1264 985 cernis
1289 950 1569 1000 appetentem
1595 950 1638 984 et
1659 940 1830 998 fugien-
1868 949 1871 989 ζ
1892 960 1896 990 1

436 1020 541 1065 tem,
559 1020 602 1055 et
619 1027 709 1055 non
730 1010 936 1070 intelligis
960 1026 1117 1070 corpus
1135 1011 1306 1056 vivere?
1320 1014 1400 1055 Per
1415 1012 1509 1055 haec
1525 1026 1656 1070 opera
1674 1011 1829 1055 animae
1866 991 1895 1065 li

435 1083 551 1126 intus
584 1083 853 1137 constitutae,
890 1081 1090 1141 intelligo
1125 1097 1283 1141 corpus
1322 1083 1481 1126 vivere.
1521 1085 1578 1126 Et
1608 1083 1829 1141 interrogo
1865 1069 1893 1135 l

435 1153 571 1211 ipsam
598 1153 788 1196 animam
809 1187 819 1207 ‚
856 1167 911 1195 an
944 1152 1076 1196 vivat.
1107 1153 1252 1197 Habet
1272 1154 1424 1212 etipsa
1447 1167 1578 1212 opera
1612 1169 1686 1196 sua
1704 1188 1714 1208 ,
1750 1168 1829 1212 per
1862 1150 1890 1214 1

435 1239 534 1282 quae
552 1222 754 1268 ostendat
775 1223 909 1267 vitam
927 1238 1064 1266 suam.
1090 1224 1224 1266 Pedes
1244 1222 1490 1278 ambulant,
1516 1222 1713 1282 intelligo
1733 1239 1828 1267 cor·
1862 1218 1864 1239 '
1887 1251 1889 1267 i

434 1310 515 1355 pus
547 1295 716 1347 vivere7
752 1293 827 1337 sed
855 1295 1011 1336 animae
1041 1294 1285 1352 praesentia.
1312 1296 1496 1348 Quaero,
1535 1304 1683 1338 utrum
1711 1295 1828 1340 vivat

437 1365 595 1410 animai
624 1364 758 1408 Pedes
797 1364 865 1407 isti
887 1363 1130 1407 ambulant.
1156 1366 1269 1408 Ecce
1291 1363 1346 1408 de
1371 1380 1461 1409 uno
1483 1374 1621 1409 motu.
1658 1368 1719 1408 De
1741 1366 1828 1410 vita

435 1437 655 1493 interrogo
676 1450 833 1494 corpus
855 1445 898 1478 et
931 1436 1135 1478 animam.
1176 1435 1416 1480 Ambulant
1440 1436 1592 1494 pedes,
1632 1435 1827 1494 intelligo
1850 1462 1851 1467 =

435 1522 592 1566 corpus
614 1506 773 1551 vivere.
798 1506 882 1550 Sed
899 1521 987 1565 quo
1007 1504 1262 1549 ambulant?
1279 1505 1349 1550 Ad
1367 1505 1646 1561 adulterium,
1665 1506 1822 1565 inquit.
1894 1534 1898 1561 3

435 1580 551 1635 Ergo
575 1587 747 1622 mortua
771 1585 834 1620 est
866 1577 1025 1620 anima..
1054 1576 1121 1620 Sic
1153 1577 1268 1619 enim
1296 1576 1568 1620 veracissima
1605 1576 1847 1636 Scriptura¹
1891 1592 1898 1641 ιζ

435 1649 564 1692 dixu:
583 1652 786 1692 «Mortua
802 1656 863 1691 est
878 1647 1010 1691 vidua
1030 1646 1190 1706 quaein
1207 1646 1371 1691 deliciis
1395 1647 1569 1692 vivit1.»
1589 1649 1701 1692 Cum
1718 1647 1827 1691 mul·
1889 1677 1895 1705 ;

437 1730 531 1764 tum
554 1720 722 1764 intersit
744 1721 855 1763 inter
878 1718 1056 1763 delicias
1077 1728 1119 1762 et
1142 1718 1423 1774 adulterium,
1447 1718 1670 1779 quomodo
1689 1727 1846 1779 potest:
1871 1715 1898 1775 3

435 1793 578 1836 anima
594 1828 604 1846 ,
637 1808 735 1852 quae
759 1792 804 1834 in
827 1791 991 1835 deliciis
1023 1799 1197 1834 mortua
1237 1790 1397 1836 dicitur
1414 1826 1424 1846 ‚
1450 1791 1495 1834 in
1523 1789 1739 1835 adulterio
1762 1791 1826 1834 vi-
1872 1815 1898 1845 ’ῃ

438 1878 537 1906 vere
550 1865 567 1903 ‘?
588 1865 763 1905 Mortua
785 1872 863 1904 est.
891 1862 975 1904 Sed
997 1878 1077 1905 nec
1101 1863 1161 1904 sic
1190 1862 1368 1919 quidem
1400 1876 1529 1918 agens
1548 1871 1719 1905 mortua
1743 1871 1820 1907 est.
1860 1876 1898 1917 ap

438 1937 713 1991 'Loquentcm
736 1931 867 1974 audio
883 1965 894 1985 ,
930 1931 1035 1973 vivit
1061 1945 1232 1989 corpus.
1252 1932 1349 1975 Non
1378 1931 1493 1973 enim
1515 1931 1662 1988 lingua
1689 1932 1734 1974 in
1753 1947 1824 1976 ore
1869 1946 1898 1989 ἢ

439 2013 710 2057 moveretur,
735 2012 778 2046 et
800 2010 1046 2060 percuteret
1066 2001 1314 2060 quibusque
1343 2000 1448 2044 locis
1485 2001 1736 2046 articulares
1757 2017 1845 2051 son
1867 2028 1898 2059 ·3

440 2091 518 2119 nos
535 2110 546 2130 ‚
567 2074 647 2118 nisi
669 2074 785 2117 intus
809 2072 1028 2116 habitator
1049 2080 1183 2128 esset3
1209 2081 1252 2115 et
1283 2071 1405 2131 quasi
1427 2072 1483 2115 ad
1504 2072 1588 2118 hoc
1612 2088 1822 2132 organum
1881 2090 1897 2131 ¹⁴3

439 2146 651 2199 musicus,
679 2144 754 2204 qui
780 2142 931 2202 lingua
953 2158 1028 2186 sua
1054 2151 1264 2186 uteretur.
1292 2145 1470 2187 Prorsus
1491 2142 1705 2202 intelligo.
1733 2145 1835 2188 Hoc*
1881 2179 1898 2206 ι,

439 2216 571 2262 modo
589 2231 747 2275 corpus
768 2214 979 2274 loquitur⁷
1001 2229 1156 2273 corpus
1172 2213 1294 2257 vivit.
1322 2213 1407 2258 Sed
1424 2214 1660 2272 interrog0‚
1676 2223 1821 2258 utrum
1830 2228 1840 2284 ‘l
1878 2213 1898 2275 ᾗ

440 2299 483 2333 et
505 2290 647 2334 anima
671 2288 801 2331 vivat.
829 2289 940 2330 Ecce
964 2285 1160 2345 loquitur
1182 2299 1361 2343 corpus,
1386 2284 1507 2327 vivit.
1542 2283 1658 2336 Quid
1679 2284 1839 2360 loqui-r
1863 2302 1865 2304 ·
1891 2306 1897 2339 ῃ

441 2362 543 2403 tur?
564 2359 796 2413 Quomodo
819 2358 1016 2401 dicebam
1040 2356 1094 2398 de
1116 2354 1300 2414 pedibus
1325 2374 1334 2398 ε
1357 2354 1620 2410 Ambulant‚
1641 2370 1741 2399 ecce
1757 2355 1836 2413 xri-1
1890 2401 1897 2417 Α

441 2432 504 2475 vit
519 2447 674 2490 corpus
697 2451 704 2474 :
732 2440 773 2474 et
796 2428 1063 2489 quaerebam,
1089 2442 1176 2486 quo
1199 2425 1441 2480 ambulant,
1464 2436 1511 2470 ut
1533 2420 1854 2485 intelligeremff.
1874 2457 1896 2489 tra

442 2512 590 2544 utrum
608 2511 651 2545 et
668 2502 806 2545 anima
830 2500 1006 2543 viveret.
1031 2497 1098 2542 Sic
1121 2497 1249 2541 etiam
1272 2511 1373 2541 cum
1396 2496 1526 2541 audio
1542 2485 1833 2557 loquentem,l

493 2594 499 2609 ¹
527 2598 537 2618 ι
559 2587 638 2618 Tim.
660 2599 692 2618 v,
715 2591 747 2616 (v.
