1898 3178
416 278 553 307 SERMO
585 281 686 307 exui
707 299 717 317 7
756 282 808 307 DE
843 283 986 309 vlinssis
1020 283 1111 309 Luc.
1147 281 1234 307 xvi.
1431 271 1514 308 6⁶29

136 343 254 387 mine
280 346 393 388 Deus
412 360 533 388 meus
550 379 560 399 ‚
586 360 611 388 o
630 345 811 389 Domine
831 349 941 390 Deus
964 355 1109 390 noster
1124 380 1134 400 ‚
1157 355 1205 390 ut
1218 345 1441 390 veniamus
1459 345 1514 389 ad

134 423 178 458 te
193 449 203 468 ,
226 413 294 458 fac
318 430 395 458 nos
418 415 564 458 beatos
583 414 638 458 de
656 425 710 459 te.
741 415 953 460 Nolumus
976 416 1030 459 de
1052 431 1156 460 auro
1174 451 1184 470 ‚
1210 431 1350 476 neque
1371 415 1426 459 de
1443 432 1514 459 ar-

135 493 266 543 gento
283 519 293 537 ‚
319 499 398 528 nec
417 485 471 528 de
493 483 639 528 fundis
660 505 667 529 ;
693 485 895 529 nolumus
918 486 972 529 de
991 487 1168 530 terrenis
1182 487 1287 541 istis,
1312 495 1355 530 et
1373 486 1515 530 vanis-

134 554 264 609 simis,
280 563 323 598 et
344 555 520 599 caducae
537 555 636 598 vitae
650 556 915 600 transitoriis.
932 558 1028 601 Non
1044 556 1248 616 loquatur
1260 572 1306 601 os
1321 565 1516 601 nostrum

133 626 382 670 vanitatem.
409 629 494 670 Fac
516 642 594 670 nos
630 628 778 671 beatos
800 627 853 671 de
876 637 918 671 te
933 663 944 682 ,
969 628 1070 687 quia
1092 643 1179 673 non
1202 628 1431 687 perdemus
1456 636 1510 672 te.

134 699 244 742 Cum
268 698 533 741 tenuerimus
555 706 614 752 te,
641 707 778 742 necte
796 698 1041 757 perdemus,
1062 713 1141 742 nec
1164 714 1240 743 nos
1258 699 1509 758 peribimus.

134 770 221 811 Fac
239 783 317 811 nos
349 767 497 811 beatos
521 766 575 811 de
596 777 638 811 te
654 803 664 822 ,
705 769 806 828 quia
832 787 850 808 «
876 771 1032 811 Beatus
1061 768 1247 827 populus
1264 804 1274 822 ‚
1301 770 1422 828 cujus
1445 777 1508 812 est

135 855 154 877 n
196 838 402 880 Dominus
436 840 547 881 Deus
575 838 761 896 ipsius.»
794 840 882 882 Nec
903 838 1099 881 irascitur
1130 838 1163 881 si
1190 837 1424 881 dixerimus
1458 837 1513 880 de

132 910 222 951 Deo
239 942 248 960 ‚
276 906 439 950 fundus
457 916 615 951 noster.
642 908 842 965 Legimus
865 908 979 951 enim
996 942 1006 960 ‚
1027 926 1045 948 (ι
1068 909 1280 960 Quoniam
1303 908 1512 951 Dominus

135 995 155 1018 »
190 993 287 1036 pars
306 978 568 1022 haereditatis
585 981 732 1021 meae1.
763 997 782 1018 n
802 981 957 1036 Magna
980 994 1044 1022 res
1062 1014 1071 1032 ,
1108 978 1259 1022 fratres
1274 1014 1283 1032 ,
1309 988 1350 1022 e't
1372 979 1511 1021 haere-

131 1048 240 1093 ditas
263 1050 393 1109 ipsius
417 1065 563 1093 sumus
581 1085 591 1104 ‚
618 1059 660 1093 et
681 1048 910 1093 haereditas
932 1059 1075 1093 nostra
1099 1059 1162 1093 est
1187 1068 1196 1093 ε
1222 1050 1320 1108 quia
1342 1058 1385 1092 et
1407 1048 1513 1093 coli-

132 1135 228 1177 mus
261 1136 386 1172 eum,
425 1129 467 1162 et
489 1118 591 1163 colit
613 1135 705 1164 nos.
732 1118 860 1164 Nulla
893 1129 956 1163 est
999 1119 1152 1178 injuria
1185 1118 1247 1162 illi
1281 1118 1381 1178 quia
1410 1117 1513 1162 colit

131 1205 221 1233 nos.
250 1191 358 1242 Quia
382 1190 415 1233 si
437 1205 514 1232 nos
536 1189 717 1233 colimus
733 1188 858 1232 iilum
877 1197 927 1232 ut
948 1192 1086 1232 Deum
1102 1197 1313 1241 nostrum,
1337 1188 1409 1231 ille
1436 1203 1513 1232 nos

131 1270 181 1303 ut
204 1274 352 1316 agrum
387 1274 527 1302 suum.
550 1261 606 1303 Et
628 1268 676 1302 ut
692 1259 833 1303 sciatis
855 1258 954 1318 quia
977 1258 1080 1302 colit
1110 1273 1187 1301 nos
1208 1292 1218 1312 ‚
1245 1256 1390 1300 audite
1412 1273 1511 1300 eum

131 1345 260 1390 quem
284 1330 396 1373 misit
418 1330 543 1373 nobis
565 1349 573 1374 :
598 1349 619 1372 «
639 1332 731 1387 Ego
748 1345 861 1383 sum,
886 1329 1045 1388 inquit,
1064 1329 1183 1382 vitis,
1205 1343 1279 1372 vos
1300 1328 1397 1371 estis
1415 1327 1512 1386 pal-

132 1419 153 1442 »
190 1401 334 1454 mites,
362 1403 487 1443 Pater
511 1415 629 1444 meus
652 1399 837 1459 agricola
853 1403 885 1444 ².
916 1418 935 1440 »
961 1402 1076 1458 Ergo
1104 1399 1209 1443 colit
1238 1414 1330 1442 nos.
1371 1399 1454 1442 Sed
1477 1398 1511 1441 si

130 1470 323 1515 fructum
352 1469 602 1522 reddamus,
627 1479 749 1529 parat
777 1471 996 1514 horreum.
1036 1470 1077 1513 Si
1112 1478 1256 1513 autem
1279 1469 1360 1512 sub
1390 1477 1511 1511 tanto

131 1541 298 1585 cultore
320 1540 480 1583 steriles
518 1555 608 1583 esse
637 1540 929 1594 voluerimus,
957 1550 994 1582 et
1023 1555 1102 1597 pro
1127 1538 1346 1582 frumento
1369 1538 1510 1596 spinas

130 1612 437 1673 protulerimus
465 1630 472 1655 :
499 1611 600 1655 nolo
640 1611 782 1654 dicere
816 1609 934 1670 quod
964 1610 1183 1669 sequitur,
1214 1608 1269 1653 ad
1303 1607 1506 1666 gaudium

131 1683 345 1726 finiamus.
371 1682 577 1727 Conversi
599 1678 654 1725 {id
677 1682 931 1734 Dominum,
957 1688 1039 1724 etc.

181 1769 254 1800 11d.
274 1778 326 1807 xv,
347 1768 375 1798 5.
395 1784 435 1789 —
461 1774 472 1789 ²
492 1769 581 1799 Joan.
602 1778 656 1807 xv,
680 1778 707 1798 ι.
