1898 3178
1842 0 1874 116 ’ζ’-Ξ

421 280 504 318 516
852 289 886 316 S.
923 287 1153 317 Anous‘rffll
1186 291 1366 318 EPISCOPI

419 371 529 416 pene
550 356 694 400 omnia
719 354 1012 411 consideravi,
1038 355 1093 399 ad
1125 365 1286 400 vestem
1320 356 1440 400 illam
1471 356 1668 401 nondum
1696 371 1795 415 per·

418 425 532 470 veni.
554 423 754 477 Quodam
769 422 867 468 loco
889 424 1048 469 Paulus
1065 425 1283 484 apostolus
1301 424 1447 470 attulit
1464 425 1572 469 mihi
1589 440 1798 484 magnum
1838 428 1867 473 fr

414 494 688 539 involucrum
708 507 962 552 magnarum
985 510 1130 539 rerum
1148 517 1159 554 3
1185 496 1382 555 exposuit
1404 505 1504 540 ante
1526 511 1595 540 me
1611 530 1621 550 ,
1647 504 1690 540 et
1712 495 1798 539 dixi
1838 510 1866 551 :x

416 565 479 609 ei:
510 563 699 609 Ostende
720 564 828 608 mihi
848 565 882 608 si
902 564 1016 610 forte
1043 566 1112 610 hic
1133 565 1252 610 illam
1274 575 1438 611 vestem
1468 565 1710 626 nuptialem
1731 581 1800 609 re-

414 635 575 694 peristi.
593 635 739 695 Coepit
755 644 954 680 excutere
976 635 1159 695 singula,
1177 645 1220 680 et
1241 636 1383 680 dicere
1406 655 1450 681 2«
1477 636 1519 680 Si
1540 635 1698 693 linguis
1718 636 1800 680 ho-
1835 646 1838 696 j
1858 626 1863 684 Ῐ

417 723 437 746 »
474 706 643 749 minum
659 704 814 766 loquar
834 715 878 751 et
893 706 1159 765 Angelorum
1173 741 1188 761 ,
1212 707 1246 750 si
1261 706 1447 751 habeam
1464 720 1640 750 omnem
1657 705 1799 750 scien·
1835 712 1838 735 ²
1856 725 1862 753 t
1897 762 1898 768 ἵ

417 793 437 817 »
473 775 602 831 tiam,
628 785 671 820 et
692 777 966 836 prophetiam
984 812 995 833 ,
1021 786 1064 821 et
1085 791 1260 821 omnem
1281 775 1412 820 fidem
1429 811 1440 832 ,
1469 776 1529 820 ita
1550 784 1600 820 ut
1631 784 1799 821 montes
1851 793 1861 836 a
1888 768 1898 843 ‘J

421 864 441 887 »
473 845 750 904 transferam,
783 848 817 891 si
843 846 1106 892 distribuero
1134 847 1279 891 omnia
1300 861 1398 890 mea
1431 846 1694 906 pauperibus
1711 880 1723 900 ‚
1758 855 1801 891 et
1834 842 1860 892 ’,ἑ
1887 840 1897 858 ³¹

417 934 437 957 »
473 915 642 960 tradam
664 932 820 976 corpus
847 932 997 961 meum
1034 926 1084 961 ut
1113 917 1335 961 ardeam¹.
1373 935 1393 958 »
1425 920 1595 975 Magnae
1627 925 1798 961 vestes:
1833 911 1859 967 ³,

413 986 612 1030 nondum
634 995 780 1031 tamen
802 997 866 1031 est
887 986 961 1031 illa
984 986 1204 1046 nuptialis,
1235 989 1332 1032 Jam
1354 986 1500 1046 profer
1530 987 1656 1032 nobis
1684 1001 1802 1046 nup-
1832 980 1857 1030 ¹:
1886 979 1898 1019 11

415 1056 560 1101 tialem
581 1067 762 1101 vestem.
791 1058 905 1111 Quid
925 1073 1019 1113 nos,
1045 1056 1273 1117 Apostole,
1299 1058 1555 1117 suspendis?
1571 1057 1803 1116 Prophetia
1830 1054 1898 1128 ςρῑ

412 1128 525 1172 forte
548 1128 625 1171 Dei
647 1127 815 1172 donum
831 1138 915 1183 est,
941 1129 1063 1189 quod
1079 1144 1167 1173 non
1186 1129 1351 1172 habent
1372 1129 1478 1173 boni
1506 1138 1550 1174 et
1571 1128 1689 1172 mali.
1711 1147 1731 1169 «
1759 1126 1802 1173 Si
1829 1124 1898 1196 wi

414 1217 435 1240 »
461 1199 739 1254 charitatem,
762 1200 927 1259 inquit,
953 1215 1040 1244 non
1064 1200 1267 1255 habeam,
1290 1199 1400 1243 nihil
1417 1215 1535 1255 sum,
1563 1199 1673 1243 nihil
1697 1199 1802 1242 mihi
1829 1187 1898 1248 *list*

417 1289 436 1310 »
450 1269 642 1328 prodest.
664 1287 683 1310 »
700 1272 812 1314 Ecce
826 1270 953 1314 vestis
975 1269 1181 1329 nuptialis
1202 1269 1394 1313 :induite
1415 1285 1507 1324 vos,
1523 1270 1739 1324 convivae,
1755 1277 1805 1313 ut
1839 1251 1897 1335 ἸΝ

413 1339 551 1383 securi
573 1339 870 1383 discumbatis.
897 1338 1041 1384 Nolite
1071 1339 1214 1383 dicere
1248 1358 1257 1383 z
1283 1339 1352 1383 Ad
1374 1339 1498 1383 istam
1532 1347 1696 1383 vestem
1723 1339 1803 1382 ha·
1840 1337 1896 1399 ἢ·ῐο

415 1409 603 1453 bendani
638 1424 847 1467 pauperes
878 1424 1041 1453 sumus.
1078 1409 1269 1463 Vestite,
1307 1417 1349 1452 et
1382 1409 1612 1453 vestimini.
1642 1411 1802 1466 Hyems
1841 1406 1891 1453 iffi³

414 1488 478 1522 est
495 1498 504 1523 ε
525 1479 677 1523 vestite
695 1477 836 1523 nudos
855 1498 863 1522 ε
885 1478 1030 1522 nudus
1046 1487 1110 1522 est
1124 1479 1320 1523 Christus
1342 1497 1351 1522 2
1371 1487 1414 1522 et
1430 1480 1697 1538 quicumque
1714 1494 1804 1524 non
1840 1470 1898 1523 :l'ffld

417 1548 583 1592 habetis
604 1558 769 1593 vestem
791 1547 1030 1607 nuptialem
1047 1583 1057 1603 ,
1082 1547 1206 1591 dabit
1221 1547 1355 1591 illam.
1380 1548 1446 1592 Ad
1468 1547 1593 1592 illum
1612 1550 1772 1593 currite
1787 1583 1799 1604 ,
1823 1539 1892 1600 1³23&

415 1619 556 1677 ipsum
575 1627 722 1676 rogate
748 1637 756 1661 :
789 1619 911 1662 novit
929 1618 1196 1662 sanctificare
1228 1616 1377 1662 fideles
1401 1633 1498 1663 suos
1514 1653 1524 1673 ,
1559 1619 1680 1662 novit
1709 1633 1802 1663 ves—
1835 1611 1898 1662 ,etan

416 1688 496 1731 tire
527 1688 668 1732 nudos
691 1702 804 1732 suos.
833 1689 890 1731 Ut
922 1687 1090 1746 possitis
1122 1695 1285 1732 vestem
1319 1687 1528 1732 habentes
1563 1687 1802 1747 nuptialem
1835 1681 1896 1729 [aad

415 1774 504 1803 non
534 1759 687 1802 timere
724 1759 924 1803 tenebras
959 1758 1217 1815 exteriores,
1240 1759 1414 1803 vincula
1444 1758 1742 1803 membrorum
1760 1768 1802 1804 et
1835 1751 1896 1823 glsslssr

414 1844 626 1873 manuum
649 1838 692 1873 et
712 1828 899 1888 pedum,
918 1845 1009 1875 non
1031 1829 1235 1874 deficiant
1258 1844 1402 1888 opera.
1423 1829 1466 1874 Si
1493 1829 1726 1885 deficiunt,
1747 1829 1801 1873 li-
1835 1825 1898 1876 l³ffl³1⁴

419 1899 524 1958 gatis
546 1899 746 1944 manibus
768 1899 876 1959 quid
896 1899 1092 1944 facturus
1107 1902 1200 1944 est?
1220 1899 1359 1958 ligatis
1381 1899 1564 1958 pedibus
1582 1915 1671 1960 quo
1688 1899 1800 1958 fugi-
1819 1910 1823 1946 Ι
1849 1904 1898 1938 ΗΜῊ

418 1980 542 2014 turus
585 1972 680 2014 est?
710 1970 836 2015 Illam
869 1971 1049 2015 teneatis
1076 1981 1238 2016 vestem
1272 1970 1536 2030 nuptialem,
1571 1948 1822 2020 induiminil
1840 1963 1898 2009 ¹t'sssffor

417 2041 554 2099 ipsam
571 2075 582 2095 ,
606 2051 649 2085 et
670 2042 808 2084 securi
831 2040 1107 2096 discumbite,
1128 2042 1304 2100 quando
1322 2042 1440 2085 venit
1460 2041 1684 2100 inspicere.
1707 2041 1800 2085 Dies
1817 2039 1898 2107 {unum

414 2110 566 2170 judicii
588 2110 726 2155 aderit
748 2130 758 2156 z
782 2126 988 2169 magnum
1013 2111 1200 2171 spatium
1228 2112 1360 2156 modo
1387 2110 1589 2169 largitur,
1619 2111 1696 2172 qui
1716 2124 1819 2170 nu-ff‘
1845 2106 1898 2152 thor*

419 2182 501 2228 dus
517 2192 609 2228 erat
630 2182 866 2244 aliquando
888 2184 1108 2229 vestiatur.
1816 2171 1818 2194 ¹
1846 2184 1898 2223 [mcc

466 2286 477 2303 ¹
508 2292 520 2313 1
539 2282 599 2313 Cor
616 2292 687 2323 xm,
710 2282 781 2314 1—3.
1814 2272 1817 2331 j
1844 2257 1898 2294 Amr·

1814 2334 1815 2340 ¹
1843 2329 1898 2364 imort

1814 2384 1815 2406 ³
1843 2399 1898 2435 'um

1811 2443 1814 2519 j
1843 2454 1868 2500 le
1882 2478 1898 2520 ς

1810 2595 1812 2597 ¹
1855 2554 1894 2588 ²³2
