1898 3178
345 243 483 272 SERMO
515 245 642 282 Lxxi,
677 245 731 270 DE
764 245 908 273 vaunis
935 243 1100 273 ΜΛΤΤΗ.
1139 245 1214 271 xii.
1399 234 1483 271 319

106 323 233 353 causa
251 309 416 364 extitit,
437 318 487 353 ut
503 325 528 353 a
543 310 729 353 Domino
748 308 821 353 illa
844 310 1054 354 sententia
1070 309 1351 369 proferretur,
1373 308 1485 353 facta

106 378 328 424 mentione
358 378 530 437 spiritus
563 378 779 422 immundi
794 413 809 434 ,
845 394 976 438 quem
1016 379 1244 424 adversum
1279 394 1322 423 se
1343 379 1485 438 ipsum

106 448 293 494 divisum
331 450 540 494 Dominus
567 448 782 504 ostendit,
808 459 986 508 propter
1019 451 1228 510 Spiritum
1261 459 1457 494 sanctum
1471 485 1482 505 ‚

107 520 183 580 qui
214 535 303 564 nou
329 519 470 564 solum
495 519 723 565 adversum
746 535 790 565 se
824 519 986 565 divisus
1020 537 1110 566 non
1131 531 1222 577 est,
1246 521 1323 566 sed
1354 521 1484 565 etiam

106 605 216 649 quos
237 588 399 648 colligit
430 590 564 635 efficit
601 589 805 634 indivisos
822 625 832 645 ‚
858 601 1034 649 peccata
1069 607 1169 651 quae
1191 590 1417 636 adversum
1441 607 1485 636 se

8 711 9 715 η
108 660 243 705 divisa
263 670 365 705 sunt
396 660 658 705 dimittendo
675 695 685 715 ‚
716 676 877 721 eosque
898 662 1130 706 mundatos
1162 662 1450 707 inhabitando
1475 681 1484 706 ε

59 768 68 771 t
109 739 158 774 ut
179 731 259 786 sit,
280 730 651 790 quemadmodum
673 732 883 791 scriptum
900 732 1024 776 estin
1045 732 1226 776 Actibus
1248 731 1488 792 Apostolo-

8 789 9 797 ἵ
108 815 204 844 rum
226 819 234 845 :
265 801 594 845 «Multitudinis
617 800 887 845 credentium
909 811 1000 846 erat
1023 817 1097 846 cor
1118 818 1257 846 unum
1280 812 1322 847 et
1345 803 1489 847 anima

111 889 132 913 »
166 874 298 917 una¹.
321 890 342 914 »
367 872 450 917 Cui
473 872 590 917 dono
612 872 870 917 remissionis
892 888 981 917 non
1006 874 1176 928 resistit,
1202 874 1283 917 nisi
1306 875 1382 933 qui
1405 873 1490 917 du-

107 941 250 986 ritiam
287 942 428 987 cordis
465 943 780 1002 impoenitentis
814 943 1032 988 habuerit.
1069 946 1178 989 Nam
1210 952 1253 987 et
1286 943 1370 988 alio
1391 943 1489 989 loco

107 1011 310 1057 dixerunt
342 1013 483 1058 Judaei
506 1013 561 1057 de
592 1014 802 1069 Domino,
834 1014 954 1074 quod
986 1014 1251 1059 daemonium
1279 1013 1486 1069 haberet‚

107 1099 187 1128 nec
200 1093 346 1128 tamen
362 1083 423 1128 ibi
439 1084 604 1144 aliquid
621 1083 727 1129 dixit
739 1084 794 1128 de
808 1084 1076 1144 blasphemia
1096 1084 1280 1143 Spiritus
1295 1085 1432 1129 sancti
1443 1087 1459 1109 ²
1479 1104 1486 1130 :

106 1154 311 1213 quoniam
337 1169 425 1198 non
447 1154 506 1198 ita
526 1155 782 1214 objecerunt
809 1155 1008 1213 spiritum
1031 1155 1332 1210 immundum,
1367 1165 1417 1199 ut
1446 1155 1492 1199 in

107 1239 150 1268 se
178 1223 339 1270 divisus
360 1240 410 1269 ex
427 1240 501 1269 ore
517 1225 709 1284 ipsorum
732 1226 863 1284 possit
886 1225 1086 1281 ostendi,
1110 1226 1221 1271 sicut
1243 1226 1490 1270 Beelzebub

111 1310 134 1339 a
157 1310 246 1353 quo
262 1295 359 1355 ejici
378 1295 600 1339 daemones
621 1310 744 1354 posse
764 1295 982 1340 dixerunt.

161 1365 369 1408 XXXVI.
401 1367 452 1408 In
475 1365 555 1408 hac
576 1380 680 1409 vero
715 1364 902 1410 lectione
928 1364 1170 1410 secundum
1198 1367 1458 1411 Matthaeum
1477 1401 1489 1421 ‚

105 1433 245 1479 multo
267 1433 536 1479 manifestius
558 1435 728 1494 aperuit
749 1436 960 1480 Dominus
982 1435 1090 1496 quid
1111 1436 1182 1480 hic
1205 1436 1337 1481 vellet
1360 1437 1493 1481 intela

104 1503 178 1562 ligi
196 1524 205 1550 ε
224 1503 271 1548 id
287 1513 365 1559 est,
380 1504 501 1564 quod
522 1506 612 1564 ipse
633 1505 750 1550 dicat
772 1506 954 1551 verbum
971 1515 1121 1551 contra
1145 1507 1352 1566 Spiritum
1369 1522 1490 1552 sanc-

107 1583 199 1620 tum
218 1610 228 1630 ‚
253 1575 330 1635 qui
348 1575 507 1620 unitati
528 1575 732 1620 Ecclesiae
748 1576 880 1621 corde
896 1577 1189 1636 impoenitenti
1208 1577 1390 1632 resistit,
1415 1578 1492 1621 ubi

105 1646 152 1690 in
170 1647 334 1705 Spiritu
351 1655 500 1691 sancto
522 1647 784 1692 fit.remissio
806 1656 1100 1706 peccatorum.
1118 1651 1246 1692 Hunc
1259 1648 1374 1692 enim
1395 1649 1494 1707 Spi-

106 1717 238 1761 ritum
260 1733 350 1762 non
368 1717 554 1772 habent,
579 1726 629 1762 ut
657 1718 748 1776 jam
770 1716 940 1762 dictum
964 1727 1053 1773 est,
1079 1718 1156 1778 qui
1179 1718 1310 1762 etiam
1333 1719 1494 1763 Christi

106 1796 375 1832 sacramenta
395 1796 616 1846 portantes
640 1796 770 1847 atque
791 1796 1021 1833 tractantes
1035 1823 1046 1842 ‚
1072 1788 1126 1832 ab
1143 1789 1234 1847 ejus
1255 1804 1495 1848 congrega·-

108 1858 227 1903 tione
244 1859 428 1918 sejuncti
445 1867 562 1902 sunt.
574 1859 685 1904 Nam
699 1857 777 1901 ubi
798 1857 908 1902 dixit
929 1857 983 1901 de
997 1856 1208 1902 divisione
1229 1861 1398 1903 Satanae
1416 1860 1494 1904 ad-

108 1944 255 1974 versus
279 1931 480 1974 Satanam
498 1963 508 1983 ‚
541 1936 585 1972 et
615 1927 737 1987 quod
757 1928 848 1987 ipse
869 1928 915 1971 in
955 1928 1117 1987 Spiritu
1137 1938 1285 1974 sancto
1321 1930 1494 1988 ejiceret

108 1999 341 2045 daemones,
353 1999 506 2058 utique
524 1998 570 2043 in
589 1998 742 2057 spiritu
764 1999 946 2057 quinon
968 2007 1031 2043 est
1049 1999 1252 2043 adversus
1268 2014 1313 2043 se
1329 1999 1490 2058 ipsum,

107 2070 220 2114 sicut
240 2068 313 2113 ille
329 2103 340 2124 ,
372 2068 532 2113 divisus
548 2089 559 2126 3
578 2069 641 2112 ibi
658 2068 869 2113 continuo
889 2102 899 2123 ,
921 2083 976 2112 ne
998 2083 1076 2128 per
1096 2068 1193 2114 illos
1209 2069 1285 2128 qui
1302 2070 1384 2113 sub
1408 2086 1494 2115 no-

109 2141 226 2185 mine
239 2139 397 2185 Christi
415 2149 536 2184 extra
555 2140 647 2200 ejus
665 2140 775 2186 ovile
793 2140 1096 2184 conventicula
1118 2156 1194 2184 sua
1209 2151 1490 2200 congregant,

109 2212 340 2272 quisquam
357 2219 531 2270 putaret
551 2211 682 2255 etiam
703 2226 887 2269 regnum
915 2211 1076 2256 Christi
1094 2211 1323 2256 adversum
1341 2227 1385 2256 se
1402 2212 1493 2257 esse

111 2281 296 2327 divisum
315 2316 326 2336 ,
353 2299 372 2323 «
396 2281 482 2334 Qui
503 2296 594 2325 non
615 2290 678 2325 est
707 2296 878 2326 mecum
896 2316 907 2337 ,
931 2282 1098 2341 inquit,
1131 2291 1282 2326 contra
1303 2298 1373 2327 me
1399 2291 1491 2341 est3

113 2371 134 2394 »
169 2351 310 2412 etqui
331 2367 421 2396 non
444 2360 676 2408 congregat
702 2366 896 2406 mecum,
925 2351 1117 2411 spargit³
1145 2372 1153 2396 :
1183 2370 1204 2393 >›
1229 2361 1279 2398 ut
1306 2352 1401 2398 illos
1424 2369 1494 2399 os-

111 2422 310 2468 tenderet
327 2422 382 2467 ad
403 2437 447 2466 se
466 2437 555 2467 non
572 2423 786 2481 pertinere
800 2458 811 2478 ,
836 2423 914 2483 qui
932 2432 1049 2467 extra
1071 2423 1378 2483 congregando
1396 2425 1495 2470 nol-

113 2492 205 2539 lent
224 2508 487 2553 congregare
504 2528 515 2549 ‚
539 2492 615 2538 sed
632 2508 847 2553 spargere.
872 2493 1036 2538 Deinde
1057 2494 1283 2553 subjunxit
1304 2514 1314 2540 :
1339 2514 1360 2538 «
1388 2496 1494 2542 Ideo

164 2581 173 2597 ¹
193 2581 266 2613 Act.
285 2590 334 2621 ιν,
352 2579 406 2613 32.
428 2595 469 2604 —a
484 2585 497 2602 ²
511 2581 603 2613 Joan.
620 2589 678 2618 vu,
693 2587 747 2620 20,
767 2582 801 2611 et
818 2587 890 2620 vm,
908 2577 962 2620 48.
981 2595 1022 2602 -
1042 2576 1055 2602 3
1071 2578 1186 2614 Matth.
1206 2590 1264 2623 κη,
1283 2580 1336 2614 30.
