<?xml version="1.0" encoding="UTF-8"?>
<!DOCTYPE html PUBLIC "-//W3C//DTD XHTML 1.0 Transitional//EN"
    "http://www.w3.org/TR/xhtml1/DTD/xhtml1-transitional.dtd">
<html xmlns="http://www.w3.org/1999/xhtml" xml:lang="en" lang="en">
 <head>
  <title>
</title>
<meta http-equiv="Content-Type" content="text/html;charset=utf-8" />
  <meta name='ocr-system' content='tesseract 3.04.00' />
  <meta name='ocr-capabilities' content='ocr_page ocr_carea ocr_par ocr_line ocrx_word'/>
</head>
<body>
  <div class='ocr_page' id='page_1' title='image "./operaomniaaccura18auguuoft_0327.png"; bbox 0 0 1898 3178; ppageno 0'>
   <div class='ocr_carea' id='block_1_1' title="bbox 0 154 90 2752">
    <p class='ocr_par' dir='ltr' id='par_1_1' title="bbox 0 154 90 2752">
     <span class='ocr_line' id='line_1_1' title="bbox 0 154 90 2752; baseline 0 0"><span class='ocrx_word' id='word_1_1' title='bbox 0 154 90 2752; x_wconf 95' lang='lat' dir='ltr'> </span> 
     </span>
    </p>
   </div>
   <div class='ocr_carea' id='block_1_2' title="bbox 389 210 1501 259">
    <p class='ocr_par' dir='ltr' id='par_1_2' title="bbox 389 210 1501 259">
     <span class='ocr_line' id='line_1_2' title="bbox 389 210 1501 259; baseline 0.001 -11"><span class='ocrx_word' id='word_1_2' title='bbox 389 220 527 249; x_wconf 75' lang='lat' dir='ltr'>sEnMo</span> <span class='ocrx_word' id='word_1_3' title='bbox 558 220 682 259; x_wconf 77' lang='lat' dir='ltr'>LXXI,</span> <span class='ocrx_word' id='word_1_4' title='bbox 717 221 771 247; x_wconf 80' lang='lat' dir='ltr'>m:</span> <span class='ocrx_word' id='word_1_5' title='bbox 803 221 948 249; x_wconf 70' lang='lat' dir='ltr'>vnaius</span> <span class='ocrx_word' id='word_1_6' title='bbox 978 218 1144 249; x_wconf 78' lang='lat' dir='ltr'><strong>MATTH.</strong></span> <span class='ocrx_word' id='word_1_7' title='bbox 1179 220 1255 248; x_wconf 92' lang='lat' dir='ltr'>x11.</span> <span class='ocrx_word' id='word_1_8' title='bbox 1415 210 1501 249; x_wconf 85' lang='lat'>315</span> 
     </span>
    </p>
   </div>
   <div class='ocr_carea' id='block_1_3' title="bbox 124 285 1533 2530">
    <p class='ocr_par' dir='ltr' id='par_1_3' title="bbox 124 285 1515 822">
     <span class='ocr_line' id='line_1_3' title="bbox 124 285 1505 345; baseline 0 -15"><span class='ocrx_word' id='word_1_9' title='bbox 124 287 294 330; x_wconf 79' lang='lat' dir='ltr'>anima?</span> <span class='ocrx_word' id='word_1_10' title='bbox 316 294 359 330; x_wconf 89' lang='lat' dir='ltr'>et</span> <span class='ocrx_word' id='word_1_11' title='bbox 380 286 475 345; x_wconf 90' lang='lat' dir='ltr'>quis</span> <span class='ocrx_word' id='word_1_12' title='bbox 489 300 577 329; x_wconf 89' lang='lat' dir='ltr'>non</span> <span class='ocrx_word' id='word_1_13' title='bbox 593 285 727 329; x_wconf 89' lang='lat' dir='ltr'>habet</span> <span class='ocrx_word' id='word_1_14' title='bbox 739 285 953 330; x_wconf 77' lang='lat' dir='ltr'>animam?</span> <span class='ocrx_word' id='word_1_15' title='bbox 971 289 1191 331; x_wconf 89' lang='lat' dir='ltr'>Postremo</span> <span class='ocrx_word' id='word_1_16' title='bbox 1206 294 1255 330; x_wconf 89' lang='lat' dir='ltr'>ut</span> <span class='ocrx_word' id='word_1_17' title='bbox 1269 286 1505 331; x_wconf 82' lang='lat' dir='ltr'>certissime</span> 
     </span>
     <span class='ocr_line' id='line_1_4' title="bbox 125 355 1505 417; baseline 0.001 -17"><span class='ocrx_word' id='word_1_18' title='bbox 125 358 372 403; x_wconf 83' lang='lat' dir='ltr'>noverimus</span> <span class='ocrx_word' id='word_1_19' title='bbox 394 355 513 415; x_wconf 89' lang='lat' dir='ltr'>quod</span> <span class='ocrx_word' id='word_1_20' title='bbox 537 355 705 415; x_wconf 88' lang='lat' dir='ltr'>parvuli</span> <span class='ocrx_word' id='word_1_21' title='bbox 727 356 772 399; x_wconf 88' lang='lat' dir='ltr'>in</span> <span class='ocrx_word' id='word_1_22' title='bbox 795 357 966 401; x_wconf 86' lang='lat' dir='ltr'>Christo</span> <span class='ocrx_word' id='word_1_23' title='bbox 983 372 1073 401; x_wconf 91' lang='lat' dir='ltr'>non</span> <span class='ocrx_word' id='word_1_24' title='bbox 1095 357 1380 416; x_wconf 83' lang='lat' dir='ltr'>percipientes</span> <span class='ocrx_word' id='word_1_25' title='bbox 1405 374 1505 417; x_wconf 74' lang='lat' dir='ltr'>quae</span> 
     </span>
     <span class='ocr_line' id='line_1_5' title="bbox 125 426 1509 487; baseline 0 -15"><span class='ocrx_word' id='word_1_26' title='bbox 125 437 226 473; x_wconf 86' lang='lat' dir='ltr'>sunt</span> <span class='ocrx_word' id='word_1_27' title='bbox 250 427 430 486; x_wconf 77' lang='lat' dir='ltr'>Spiritus</span> <span class='ocrx_word' id='word_1_28' title='bbox 455 426 547 481; x_wconf 77' lang='lat' dir='ltr'>Dei,</span> <span class='ocrx_word' id='word_1_29' title='bbox 568 426 735 470; x_wconf 88' lang='lat' dir='ltr'>habent</span> <span class='ocrx_word' id='word_1_30' title='bbox 756 435 903 471; x_wconf 87' lang='lat' dir='ltr'>tamen</span> <span class='ocrx_word' id='word_1_31' title='bbox 924 428 1132 487; x_wconf 88' lang='lat' dir='ltr'>Spiritum</span> <span class='ocrx_word' id='word_1_32' title='bbox 1147 428 1224 472; x_wconf 86' lang='lat' dir='ltr'>Dei</span> <span class='ocrx_word' id='word_1_33' title='bbox 1240 449 1251 486; x_wconf 77' lang='lat'>3</span> <span class='ocrx_word' id='word_1_34' title='bbox 1268 427 1397 487; x_wconf 88' lang='lat' dir='ltr'>paulo</span> <span class='ocrx_word' id='word_1_35' title='bbox 1411 438 1509 487; x_wconf 84' lang='lat' dir='ltr'>post</span> 
     </span>
     <span class='ocr_line' id='line_1_6' title="bbox 128 495 1508 557; baseline 0.001 -16"><span class='ocrx_word' id='word_1_36' title='bbox 128 497 311 541; x_wconf 89' lang='lat' dir='ltr'>Paulum</span> <span class='ocrx_word' id='word_1_37' title='bbox 333 495 579 556; x_wconf 87' lang='lat' dir='ltr'>apostolum</span> <span class='ocrx_word' id='word_1_38' title='bbox 609 496 857 540; x_wconf 88' lang='lat' dir='ltr'>intueamur</span> <span class='ocrx_word' id='word_1_39' title='bbox 873 531 883 550; x_wconf 91' lang='lat'>‚</span> <span class='ocrx_word' id='word_1_40' title='bbox 909 497 1281 556; x_wconf 82' lang='lat' dir='ltr'>quemadmodum</span> <span class='ocrx_word' id='word_1_41' title='bbox 1303 513 1374 542; x_wconf 88' lang='lat' dir='ltr'>eos</span> <span class='ocrx_word' id='word_1_42' title='bbox 1395 497 1508 557; x_wconf 91' lang='lat' dir='ltr'>ipsos</span> 
     </span>
     <span class='ocr_line' id='line_1_7' title="bbox 126 567 1512 628; baseline 0.001 -18"><span class='ocrx_word' id='word_1_43' title='bbox 126 567 354 626; x_wconf 86' lang='lat' dir='ltr'>increpans</span> <span class='ocrx_word' id='word_1_44' title='bbox 376 567 433 611; x_wconf 90' lang='lat' dir='ltr'>ait</span> <span class='ocrx_word' id='word_1_45' title='bbox 453 587 461 611; x_wconf 88' lang='grc'>;</span> <span class='ocrx_word' id='word_1_46' title='bbox 489 567 701 612; x_wconf 90' lang='lat' dir='ltr'>«Nescitis</span> <span class='ocrx_word' id='word_1_47' title='bbox 719 567 820 627; x_wconf 87' lang='lat' dir='ltr'>quia</span> <span class='ocrx_word' id='word_1_48' title='bbox 843 567 1055 626; x_wconf 85' lang='lat' dir='ltr'>templum</span> <span class='ocrx_word' id='word_1_49' title='bbox 1074 569 1150 612; x_wconf 88' lang='lat' dir='ltr'>Dei</span> <span class='ocrx_word' id='word_1_50' title='bbox 1172 568 1293 623; x_wconf 90' lang='lat' dir='ltr'>estis,</span> <span class='ocrx_word' id='word_1_51' title='bbox 1317 577 1360 612; x_wconf 89' lang='lat' dir='ltr'>et</span> <span class='ocrx_word' id='word_1_52' title='bbox 1379 568 1512 628; x_wconf 90' lang='lat' dir='ltr'>Spiri-</span> 
     </span>
     <span class='ocr_line' id='line_1_8' title="bbox 132 637 1515 699; baseline 0.002 -19"><span class='ocrx_word' id='word_1_53' title='bbox 132 657 150 679; x_wconf 92' lang='lat'>»</span> <span class='ocrx_word' id='word_1_54' title='bbox 186 646 255 681; x_wconf 90' lang='lat' dir='ltr'>tus</span> <span class='ocrx_word' id='word_1_55' title='bbox 278 638 356 681; x_wconf 89' lang='lat' dir='ltr'>Dei</span> <span class='ocrx_word' id='word_1_56' title='bbox 378 637 546 682; x_wconf 83' lang='lat' dir='ltr'>habitat</span> <span class='ocrx_word' id='word_1_57' title='bbox 564 638 610 681; x_wconf 90' lang='lat' dir='ltr'>in</span> <span class='ocrx_word' id='word_1_58' title='bbox 630 637 751 682; x_wconf 90' lang='lat' dir='ltr'>vobis</span> <span class='ocrx_word' id='word_1_59' title='bbox 768 639 809 679; x_wconf 80' lang='lat'>1?</span> <span class='ocrx_word' id='word_1_60' title='bbox 826 654 848 679; x_wconf 68' lang='grc' dir='ltr'>ι»</span> <span class='ocrx_word' id='word_1_61' title='bbox 875 640 967 682; x_wconf 91' lang='lat' dir='ltr'>Hoc</span> <span class='ocrx_word' id='word_1_62' title='bbox 985 639 1137 699; x_wconf 92' lang='lat' dir='ltr'>utique</span> <span class='ocrx_word' id='word_1_63' title='bbox 1162 638 1284 683; x_wconf 88' lang='lat' dir='ltr'>nullo</span> <span class='ocrx_word' id='word_1_64' title='bbox 1307 639 1439 683; x_wconf 90' lang='lat' dir='ltr'>modo</span> <span class='ocrx_word' id='word_1_65' title='bbox 1451 639 1515 683; x_wconf 90' lang='lat' dir='ltr'>di-</span> 
     </span>
     <span class='ocr_line' id='line_1_9' title="bbox 129 707 1513 768; baseline 0.001 -17"><span class='ocrx_word' id='word_1_66' title='bbox 129 717 246 752; x_wconf 87' lang='lat' dir='ltr'>ceret</span> <span class='ocrx_word' id='word_1_67' title='bbox 267 707 322 752; x_wconf 88' lang='lat' dir='ltr'>ab</span> <span class='ocrx_word' id='word_1_68' title='bbox 343 707 534 752; x_wconf 85' lang='lat' dir='ltr'>Ecclesia</span> <span class='ocrx_word' id='word_1_69' title='bbox 556 707 808 766; x_wconf 74' lang='lat' dir='ltr'>segregatis⁷</span> <span class='ocrx_word' id='word_1_70' title='bbox 834 708 911 767; x_wconf 90' lang='lat' dir='ltr'>qui</span> <span class='ocrx_word' id='word_1_71' title='bbox 938 707 1042 752; x_wconf 89' lang='lat' dir='ltr'>dicti</span> <span class='ocrx_word' id='word_1_72' title='bbox 1066 718 1169 753; x_wconf 89' lang='lat' dir='ltr'>sunt</span> <span class='ocrx_word' id='word_1_73' title='bbox 1192 710 1399 768; x_wconf 89' lang='lat' dir='ltr'>Spiritum</span> <span class='ocrx_word' id='word_1_74' title='bbox 1423 724 1513 754; x_wconf 91' lang='lat' dir='ltr'>non</span> 
     </span>
     <span class='ocr_line' id='line_1_10' title="bbox 127 778 354 822; baseline -0.004 0"><span class='ocrx_word' id='word_1_75' title='bbox 127 778 354 822; x_wconf 88' lang='lat' dir='ltr'>habentes.</span> 
     </span>
    </p>

    <p class='ocr_par' dir='ltr' id='par_1_4' title="bbox 130 848 1533 2530">
     <span class='ocr_line' id='line_1_11' title="bbox 186 848 1515 904; baseline 0 -12"><span class='ocrx_word' id='word_1_76' title='bbox 186 849 375 892; x_wconf 89' lang='lat' dir='ltr'>XXXII.</span> <span class='ocrx_word' id='word_1_77' title='bbox 415 848 497 892; x_wconf 91' lang='lat' dir='ltr'>Sed</span> <span class='ocrx_word' id='word_1_78' title='bbox 520 863 600 892; x_wconf 89' lang='lat' dir='ltr'>nec</span> <span class='ocrx_word' id='word_1_79' title='bbox 622 848 696 892; x_wconf 88' lang='lat' dir='ltr'>ille</span> <span class='ocrx_word' id='word_1_80' title='bbox 719 848 930 892; x_wconf 86' lang='lat' dir='ltr'>dicendus</span> <span class='ocrx_word' id='word_1_81' title='bbox 952 858 1016 893; x_wconf 92' lang='lat' dir='ltr'>est</span> <span class='ocrx_word' id='word_1_82' title='bbox 1036 864 1127 893; x_wconf 90' lang='lat' dir='ltr'>esse</span> <span class='ocrx_word' id='word_1_83' title='bbox 1147 849 1193 893; x_wconf 92' lang='lat' dir='ltr'>in</span> <span class='ocrx_word' id='word_1_84' title='bbox 1224 849 1438 904; x_wconf 88' lang='lat' dir='ltr'>Ecclesia,</span> <span class='ocrx_word' id='word_1_85' title='bbox 1471 858 1515 894; x_wconf 89' lang='lat' dir='ltr'>et</span> 
     </span>
     <span class='ocr_line' id='line_1_12' title="bbox 130 917 1516 980; baseline 0.001 -19"><span class='ocrx_word' id='word_1_86' title='bbox 130 917 185 962; x_wconf 87' lang='lat' dir='ltr'>ad</span> <span class='ocrx_word' id='word_1_87' title='bbox 206 918 330 962; x_wconf 87' lang='lat' dir='ltr'>istam</span> <span class='ocrx_word' id='word_1_88' title='bbox 353 919 603 962; x_wconf 87' lang='lat' dir='ltr'>societatem</span> <span class='ocrx_word' id='word_1_89' title='bbox 628 919 811 978; x_wconf 74' lang='lat' dir='ltr'>Spiritus</span> <span class='ocrx_word' id='word_1_90' title='bbox 830 920 1062 979; x_wconf 84' lang='lat' dir='ltr'>pertinere,</span> <span class='ocrx_word' id='word_1_91' title='bbox 1081 920 1157 980; x_wconf 91' lang='lat' dir='ltr'>qui</span> <span class='ocrx_word' id='word_1_92' title='bbox 1179 919 1334 964; x_wconf 90' lang='lat' dir='ltr'>ovibus</span> <span class='ocrx_word' id='word_1_93' title='bbox 1356 919 1516 964; x_wconf 77' lang='lat' dir='ltr'>Christi</span> 
     </span>
     <span class='ocr_line' id='line_1_13' title="bbox 130 987 1512 1047; baseline -0.001 -14"><span class='ocrx_word' id='word_1_94' title='bbox 130 987 345 1047; x_wconf 88' lang='lat' dir='ltr'>corporali</span> <span class='ocrx_word' id='word_1_95' title='bbox 397 997 569 1032; x_wconf 88' lang='lat' dir='ltr'>tantum</span> <span class='ocrx_word' id='word_1_96' title='bbox 610 989 918 1034; x_wconf 77' lang='lat' dir='ltr'>commixtione</span> <span class='ocrx_word' id='word_1_97' title='bbox 963 991 1066 1034; x_wconf 88' lang='lat' dir='ltr'>ficto</span> <span class='ocrx_word' id='word_1_98' title='bbox 1112 989 1243 1034; x_wconf 91' lang='lat' dir='ltr'>corde</span> <span class='ocrx_word' id='word_1_99' title='bbox 1294 989 1512 1033; x_wconf 89' lang='lat' dir='ltr'>miscetur.</span> 
     </span>
     <span class='ocr_line' id='line_1_14' title="bbox 135 1059 1516 1119; baseline 0.004 -19"><span class='ocrx_word' id='word_1_100' title='bbox 135 1077 152 1099; x_wconf 93' lang='lat'>«</span> <span class='ocrx_word' id='word_1_101' title='bbox 172 1063 353 1102; x_wconf 86' lang='lat' dir='ltr'>Sanctus</span> <span class='ocrx_word' id='word_1_102' title='bbox 375 1060 492 1103; x_wconf 90' lang='lat' dir='ltr'>enim</span> <span class='ocrx_word' id='word_1_103' title='bbox 515 1061 696 1119; x_wconf 84' lang='lat' dir='ltr'>Spiritus</span> <span class='ocrx_word' id='word_1_104' title='bbox 723 1059 961 1119; x_wconf 86' lang='lat' dir='ltr'>disciplinae</span> <span class='ocrx_word' id='word_1_105' title='bbox 977 1061 1117 1119; x_wconf 82' lang='lat' dir='ltr'>fugiet</span> <span class='ocrx_word' id='word_1_106' title='bbox 1139 1061 1291 1105; x_wconf 91' lang='lat' dir='ltr'>fictum</span> <span class='ocrx_word' id='word_1_107' title='bbox 1307 1064 1369 1104; x_wconf 76' lang='lat'>².»</span> <span class='ocrx_word' id='word_1_108' title='bbox 1395 1063 1516 1113; x_wconf 85' lang='lat' dir='ltr'>Qua-</span> 
     </span>
     <span class='ocr_line' id='line_1_15' title="bbox 133 1130 1517 1191; baseline 0.001 -18"><span class='ocrx_word' id='word_1_109' title='bbox 133 1139 313 1189; x_wconf 84' lang='lat' dir='ltr'>propter</span> <span class='ocrx_word' id='word_1_110' title='bbox 348 1130 617 1191; x_wconf 89' lang='lat' dir='ltr'>quicumque</span> <span class='ocrx_word' id='word_1_111' title='bbox 634 1132 679 1174; x_wconf 90' lang='lat' dir='ltr'>in</span> <span class='ocrx_word' id='word_1_112' title='bbox 703 1131 982 1175; x_wconf 78' lang='lat' dir='ltr'>schismaticis</span> <span class='ocrx_word' id='word_1_113' title='bbox 1003 1130 1072 1175; x_wconf 91' lang='lat' dir='ltr'>vel</span> <span class='ocrx_word' id='word_1_114' title='bbox 1091 1131 1302 1175; x_wconf 64' lang='lat' dir='ltr'>haereticis</span> <span class='ocrx_word' id='word_1_115' title='bbox 1331 1146 1517 1189; x_wconf 84' lang='lat' dir='ltr'>congre-</span> 
     </span>
     <span class='ocr_line' id='line_1_16' title="bbox 134 1200 1519 1262; baseline 0.002 -19"><span class='ocrx_word' id='word_1_116' title='bbox 134 1200 398 1259; x_wconf 83' lang='lat' dir='ltr'>gationibus,</span> <span class='ocrx_word' id='word_1_117' title='bbox 415 1201 485 1244; x_wconf 86' lang='lat' dir='ltr'>vel</span> <span class='ocrx_word' id='word_1_118' title='bbox 506 1202 650 1260; x_wconf 89' lang='lat' dir='ltr'>potius</span> <span class='ocrx_word' id='word_1_119' title='bbox 665 1202 1033 1260; x_wconf 83' lang='lat' dir='ltr'>segregationibus</span> <span class='ocrx_word' id='word_1_120' title='bbox 1056 1202 1348 1261; x_wconf 81' lang='lat' dir='ltr'>baptizantur,</span> <span class='ocrx_word' id='word_1_121' title='bbox 1365 1217 1519 1262; x_wconf 88' lang='lat' dir='ltr'>quam-</span> 
     </span>
     <span class='ocr_line' id='line_1_17' title="bbox 133 1271 1519 1332; baseline 0 -17"><span class='ocrx_word' id='word_1_122' title='bbox 133 1271 196 1315; x_wconf 91' lang='lat' dir='ltr'>vis</span> <span class='ocrx_word' id='word_1_123' title='bbox 217 1285 308 1315; x_wconf 91' lang='lat' dir='ltr'>non</span> <span class='ocrx_word' id='word_1_124' title='bbox 329 1271 414 1314; x_wconf 86' lang='lat' dir='ltr'>sint</span> <span class='ocrx_word' id='word_1_125' title='bbox 443 1273 580 1315; x_wconf 86' lang='lat' dir='ltr'>renati</span> <span class='ocrx_word' id='word_1_126' title='bbox 603 1272 764 1330; x_wconf 87' lang='lat' dir='ltr'>Spiritu</span> <span class='ocrx_word' id='word_1_127' title='bbox 780 1306 791 1326; x_wconf 86' lang='lat'><strong>‚</strong></span> <span class='ocrx_word' id='word_1_128' title='bbox 816 1281 1025 1331; x_wconf 87' lang='lat' dir='ltr'>tanquam</span> <span class='ocrx_word' id='word_1_129' title='bbox 1047 1273 1217 1316; x_wconf 74' lang='lat' dir='ltr'>Ismaeli</span> <span class='ocrx_word' id='word_1_130' title='bbox 1237 1272 1416 1327; x_wconf 89' lang='lat' dir='ltr'>similes,</span> <span class='ocrx_word' id='word_1_131' title='bbox 1443 1273 1519 1332; x_wconf 92' lang='lat' dir='ltr'>qui</span> 
     </span>
     <span class='ocr_line' id='line_1_18' title="bbox 134 1341 1520 1403; baseline 0.001 -17"><span class='ocrx_word' id='word_1_132' title='bbox 134 1341 378 1386; x_wconf 89' lang='lat' dir='ltr'>secundum</span> <span class='ocrx_word' id='word_1_133' title='bbox 400 1358 575 1386; x_wconf 89' lang='lat' dir='ltr'>carnem</span> <span class='ocrx_word' id='word_1_134' title='bbox 605 1352 732 1387; x_wconf 88' lang='lat' dir='ltr'>natus</span> <span class='ocrx_word' id='word_1_135' title='bbox 755 1352 818 1386; x_wconf 89' lang='lat' dir='ltr'>est</span> <span class='ocrx_word' id='word_1_136' title='bbox 835 1343 1045 1397; x_wconf 60' lang='lat' dir='ltr'>Abrahae,</span> <span class='ocrx_word' id='word_1_137' title='bbox 1064 1359 1153 1387; x_wconf 90' lang='lat' dir='ltr'>non</span> <span class='ocrx_word' id='word_1_138' title='bbox 1169 1343 1280 1387; x_wconf 92' lang='lat' dir='ltr'>sicut</span> <span class='ocrx_word' id='word_1_139' title='bbox 1299 1344 1520 1403; x_wconf 87' lang='lat' dir='ltr'>Isaac‚qui</span> 
     </span>
     <span class='ocr_line' id='line_1_19' title="bbox 134 1411 1521 1473; baseline 0.001 -16"><span class='ocrx_word' id='word_1_140' title='bbox 134 1411 374 1457; x_wconf 86' lang='lat' dir='ltr'>seeundum</span> <span class='ocrx_word' id='word_1_141' title='bbox 388 1413 622 1471; x_wconf 66' lang='lat' dir='ltr'>spiritumss,</span> <span class='ocrx_word' id='word_1_142' title='bbox 638 1413 739 1473; x_wconf 86' lang='lat' dir='ltr'>quia</span> <span class='ocrx_word' id='word_1_143' title='bbox 754 1427 831 1472; x_wconf 90' lang='lat' dir='ltr'>per</span> <span class='ocrx_word' id='word_1_144' title='bbox 844 1414 1240 1471; x_wconf 77' lang='lat' dir='ltr'>repromissionem3</span> <span class='ocrx_word' id='word_1_145' title='bbox 1256 1423 1404 1458; x_wconf 87' lang='lat' dir='ltr'>tamen</span> <span class='ocrx_word' id='word_1_146' title='bbox 1420 1429 1521 1458; x_wconf 82' lang='lat' dir='ltr'>cum</span> 
     </span>
     <span class='ocr_line' id='line_1_20' title="bbox 136 1482 1518 1543; baseline 0 -15"><span class='ocrx_word' id='word_1_147' title='bbox 136 1482 192 1528; x_wconf 86' lang='lat' dir='ltr'>ad</span> <span class='ocrx_word' id='word_1_148' title='bbox 210 1483 477 1528; x_wconf 88' lang='lat' dir='ltr'>Catholicam</span> <span class='ocrx_word' id='word_1_149' title='bbox 499 1483 710 1538; x_wconf 82' lang='lat' dir='ltr'>veniunt,</span> <span class='ocrx_word' id='word_1_150' title='bbox 735 1493 778 1527; x_wconf 90' lang='lat' dir='ltr'>et</span> <span class='ocrx_word' id='word_1_151' title='bbox 800 1484 992 1528; x_wconf 83' lang='lat' dir='ltr'>societati</span> <span class='ocrx_word' id='word_1_152' title='bbox 1010 1484 1192 1543; x_wconf 85' lang='lat' dir='ltr'>Spiritus</span> <span class='ocrx_word' id='word_1_153' title='bbox 1216 1493 1518 1543; x_wconf 84' lang='lat' dir='ltr'>aggregantur,</span> 
     </span>
     <span class='ocr_line' id='line_1_21' title="bbox 137 1553 1523 1614; baseline 0.001 -17"><span class='ocrx_word' id='word_1_154' title='bbox 137 1569 268 1614; x_wconf 89' lang='lat' dir='ltr'>quem</span> <span class='ocrx_word' id='word_1_155' title='bbox 293 1553 398 1598; x_wconf 83' lang='lat' dir='ltr'>foris</span> <span class='ocrx_word' id='word_1_156' title='bbox 419 1553 572 1612; x_wconf 88' lang='lat' dir='ltr'>procul</span> <span class='ocrx_word' id='word_1_157' title='bbox 589 1553 727 1598; x_wconf 88' lang='lat' dir='ltr'>dubio</span> <span class='ocrx_word' id='word_1_158' title='bbox 744 1569 834 1598; x_wconf 90' lang='lat' dir='ltr'>non</span> <span class='ocrx_word' id='word_1_159' title='bbox 848 1554 1094 1609; x_wconf 87' lang='lat' dir='ltr'>habebant,</span> <span class='ocrx_word' id='word_1_160' title='bbox 1121 1570 1210 1599; x_wconf 89' lang='lat' dir='ltr'>non</span> <span class='ocrx_word' id='word_1_161' title='bbox 1236 1556 1293 1598; x_wconf 91' lang='lat' dir='ltr'>eis</span> <span class='ocrx_word' id='word_1_162' title='bbox 1316 1555 1523 1612; x_wconf 86' lang='lat' dir='ltr'>repetitur</span> 
     </span>
     <span class='ocr_line' id='line_1_22' title="bbox 137 1623 1522 1684; baseline 0.001 -17"><span class='ocrx_word' id='word_1_163' title='bbox 137 1624 357 1668; x_wconf 84' lang='lat' dir='ltr'>lavacrum</span> <span class='ocrx_word' id='word_1_164' title='bbox 379 1624 533 1668; x_wconf 81' lang='lat' dir='ltr'>carnis.</span> <span class='ocrx_word' id='word_1_165' title='bbox 570 1626 667 1669; x_wconf 89' lang='lat' dir='ltr'>Non</span> <span class='ocrx_word' id='word_1_166' title='bbox 693 1624 807 1667; x_wconf 92' lang='lat' dir='ltr'>enim</span> <span class='ocrx_word' id='word_1_167' title='bbox 830 1623 973 1667; x_wconf 82' lang='lat' dir='ltr'>defuit</span> <span class='ocrx_word' id='word_1_168' title='bbox 994 1624 1123 1668; x_wconf 86' lang='lat' dir='ltr'>etiam</span> <span class='ocrx_word' id='word_1_169' title='bbox 1147 1623 1250 1668; x_wconf 89' lang='lat' dir='ltr'>foris</span> <span class='ocrx_word' id='word_1_170' title='bbox 1272 1625 1420 1684; x_wconf 86' lang='lat' dir='ltr'>positis</span> <span class='ocrx_word' id='word_1_171' title='bbox 1442 1626 1522 1669; x_wconf 88' lang='lat' dir='ltr'>ista</span> 
     </span>
     <span class='ocr_line' id='line_1_23' title="bbox 138 1685 1525 1754; baseline 0.001 -16"><span class='ocrx_word' id='word_1_172' title='bbox 138 1693 276 1738; x_wconf 85' lang='lat' dir='ltr'>forma</span> <span class='ocrx_word' id='word_1_173' title='bbox 297 1695 469 1753; x_wconf 87' lang='lat' dir='ltr'>pietatis</span> <span class='ocrx_word' id='word_1_174' title='bbox 496 1713 504 1738; x_wconf 93' lang='lat'>:</span> <span class='ocrx_word' id='word_1_175' title='bbox 531 1685 605 1738; x_wconf 80' lang='lat' dir='ltr'>sed</span> <span class='ocrx_word' id='word_1_176' title='bbox 628 1693 794 1738; x_wconf 85' lang='lat' dir='ltr'>accedit</span> <span class='ocrx_word' id='word_1_177' title='bbox 809 1694 867 1738; x_wconf 90' lang='lat' dir='ltr'>eis</span> <span class='ocrx_word' id='word_1_178' title='bbox 883 1729 893 1748; x_wconf 86' lang='lat'>‚</span> <span class='ocrx_word' id='word_1_179' title='bbox 918 1710 1018 1754; x_wconf 85' lang='lat' dir='ltr'>quae</span> <span class='ocrx_word' id='word_1_180' title='bbox 1038 1695 1120 1738; x_wconf 90' lang='lat' dir='ltr'>nisi</span> <span class='ocrx_word' id='word_1_181' title='bbox 1140 1695 1257 1739; x_wconf 88' lang='lat' dir='ltr'>intus</span> <span class='ocrx_word' id='word_1_182' title='bbox 1280 1711 1368 1739; x_wconf 86' lang='lat' dir='ltr'>non</span> <span class='ocrx_word' id='word_1_183' title='bbox 1382 1704 1525 1754; x_wconf 83' lang='lat' dir='ltr'>potest</span> 
     </span>
     <span class='ocr_line' id='line_1_24' title="bbox 139 1763 1521 1826; baseline 0.001 -18"><span class='ocrx_word' id='word_1_184' title='bbox 139 1765 254 1819; x_wconf 87' lang='lat' dir='ltr'>dari,</span> <span class='ocrx_word' id='word_1_185' title='bbox 279 1765 423 1809; x_wconf 88' lang='lat' dir='ltr'>unitas</span> <span class='ocrx_word' id='word_1_186' title='bbox 447 1765 628 1824; x_wconf 88' lang='lat' dir='ltr'>Spiritus</span> <span class='ocrx_word' id='word_1_187' title='bbox 652 1765 696 1808; x_wconf 93' lang='lat' dir='ltr'>in</span> <span class='ocrx_word' id='word_1_188' title='bbox 713 1763 889 1809; x_wconf 82' lang='lat' dir='ltr'>vinculo</span> <span class='ocrx_word' id='word_1_189' title='bbox 910 1765 1041 1825; x_wconf 87' lang='lat' dir='ltr'>pacis.</span> <span class='ocrx_word' id='word_1_190' title='bbox 1062 1765 1182 1810; x_wconf 86' lang='lat' dir='ltr'>Tales</span> <span class='ocrx_word' id='word_1_191' title='bbox 1202 1766 1365 1826; x_wconf 87' lang='lat' dir='ltr'>quippe</span> <span class='ocrx_word' id='word_1_192' title='bbox 1382 1776 1521 1822; x_wconf 83' lang='lat' dir='ltr'>erant,</span> 
     </span>
     <span class='ocr_line' id='line_1_25' title="bbox 140 1834 1522 1896; baseline 0.002 -18"><span class='ocrx_word' id='word_1_193' title='bbox 140 1843 376 1895; x_wconf 90' lang='lat' dir='ltr'>antequam</span> <span class='ocrx_word' id='word_1_194' title='bbox 399 1834 616 1890; x_wconf 79' lang='lat' dir='ltr'>Catholici</span> <span class='ocrx_word' id='word_1_195' title='bbox 639 1844 801 1890; x_wconf 86' lang='lat' dir='ltr'>essent,</span> <span class='ocrx_word' id='word_1_196' title='bbox 827 1834 881 1878; x_wconf 92' lang='lat' dir='ltr'>de</span> <span class='ocrx_word' id='word_1_197' title='bbox 904 1835 1107 1895; x_wconf 89' lang='lat' dir='ltr'>qualibus</span> <span class='ocrx_word' id='word_1_198' title='bbox 1129 1835 1234 1880; x_wconf 85' lang='lat' dir='ltr'>dicit</span> <span class='ocrx_word' id='word_1_199' title='bbox 1255 1837 1488 1896; x_wconf 84' lang='lat' dir='ltr'>Apostolus</span> <span class='ocrx_word' id='word_1_200' title='bbox 1513 1855 1522 1881; x_wconf 91' lang='lat'>:</span> 
     </span>
     <span class='ocr_line' id='line_1_26' title="bbox 145 1904 1526 1965; baseline 0.002 -17"><span class='ocrx_word' id='word_1_201' title='bbox 145 1906 402 1950; x_wconf 87' lang='lat' dir='ltr'>«Habentes</span> <span class='ocrx_word' id='word_1_202' title='bbox 423 1904 610 1949; x_wconf 87' lang='lat' dir='ltr'>formam</span> <span class='ocrx_word' id='word_1_203' title='bbox 629 1905 824 1964; x_wconf 80' lang='lat' dir='ltr'>pietatis,</span> <span class='ocrx_word' id='word_1_204' title='bbox 855 1906 1060 1949; x_wconf 85' lang='lat' dir='ltr'>virtutem</span> <span class='ocrx_word' id='word_1_205' title='bbox 1086 1915 1233 1949; x_wconf 91' lang='lat' dir='ltr'>autem</span> <span class='ocrx_word' id='word_1_206' title='bbox 1263 1908 1354 1965; x_wconf 92' lang='lat' dir='ltr'>ejus</span> <span class='ocrx_word' id='word_1_207' title='bbox 1388 1908 1526 1951; x_wconf 88' lang='lat' dir='ltr'>abne·-</span> 
     </span>
     <span class='ocr_line' id='line_1_27' title="bbox 143 1975 1525 2035; baseline 0.003 -18"><span class='ocrx_word' id='word_1_208' title='bbox 143 1994 164 2017; x_wconf 92' lang='lat'>»</span> <span class='ocrx_word' id='word_1_209' title='bbox 189 1977 405 2034; x_wconf 69' lang='lat' dir='ltr'>gantes4.»</span> <span class='ocrx_word' id='word_1_210' title='bbox 426 1979 572 2020; x_wconf 87' lang='lat' dir='ltr'>Potest</span> <span class='ocrx_word' id='word_1_211' title='bbox 587 1976 703 2019; x_wconf 90' lang='lat' dir='ltr'>enim</span> <span class='ocrx_word' id='word_1_212' title='bbox 719 1991 808 2020; x_wconf 86' lang='lat' dir='ltr'>esse</span> <span class='ocrx_word' id='word_1_213' title='bbox 830 1975 1008 2020; x_wconf 91' lang='lat' dir='ltr'>visibilis</span> <span class='ocrx_word' id='word_1_214' title='bbox 1030 1975 1169 2020; x_wconf 82' lang='lat' dir='ltr'>forma</span> <span class='ocrx_word' id='word_1_215' title='bbox 1191 1976 1381 2035; x_wconf 89' lang='lat' dir='ltr'>palmitis</span> <span class='ocrx_word' id='word_1_216' title='bbox 1396 1978 1525 2021; x_wconf 89' lang='lat' dir='ltr'>etiam</span> 
     </span>
     <span class='ocr_line' id='line_1_28' title="bbox 141 2045 1529 2107; baseline 0.002 -18"><span class='ocrx_word' id='word_1_217' title='bbox 141 2055 299 2106; x_wconf 84' lang='lat' dir='ltr'>praeter</span> <span class='ocrx_word' id='word_1_218' title='bbox 325 2046 457 2089; x_wconf 91' lang='lat' dir='ltr'>vitem</span> <span class='ocrx_word' id='word_1_219' title='bbox 496 2061 505 2086; x_wconf 74' lang='grc' dir='ltr'>ε</span> <span class='ocrx_word' id='word_1_220' title='bbox 539 2046 615 2089; x_wconf 88' lang='lat' dir='ltr'>sed</span> <span class='ocrx_word' id='word_1_221' title='bbox 635 2045 860 2089; x_wconf 85' lang='lat' dir='ltr'>invisibilis</span> <span class='ocrx_word' id='word_1_222' title='bbox 880 2046 965 2089; x_wconf 89' lang='lat' dir='ltr'>vita</span> <span class='ocrx_word' id='word_1_223' title='bbox 991 2045 1143 2090; x_wconf 89' lang='lat' dir='ltr'>radicis</span> <span class='ocrx_word' id='word_1_224' title='bbox 1165 2046 1315 2090; x_wconf 87' lang='lat' dir='ltr'>haberi</span> <span class='ocrx_word' id='word_1_225' title='bbox 1336 2062 1426 2091; x_wconf 91' lang='lat' dir='ltr'>non</span> <span class='ocrx_word' id='word_1_226' title='bbox 1449 2063 1529 2107; x_wconf 90' lang='lat' dir='ltr'>po-</span> 
     </span>
     <span class='ocr_line' id='line_1_29' title="bbox 142 2116 1529 2178; baseline 0.001 -16"><span class='ocrx_word' id='word_1_227' title='bbox 142 2126 248 2172; x_wconf 86' lang='lat' dir='ltr'>test,</span> <span class='ocrx_word' id='word_1_228' title='bbox 275 2117 358 2160; x_wconf 92' lang='lat' dir='ltr'>nisi</span> <span class='ocrx_word' id='word_1_229' title='bbox 387 2119 433 2160; x_wconf 90' lang='lat' dir='ltr'>in</span> <span class='ocrx_word' id='word_1_230' title='bbox 467 2117 570 2161; x_wconf 87' lang='lat' dir='ltr'>vite.</span> <span class='ocrx_word' id='word_1_231' title='bbox 605 2116 792 2161; x_wconf 87' lang='lat' dir='ltr'>Proinde</span> <span class='ocrx_word' id='word_1_232' title='bbox 828 2116 1068 2176; x_wconf 88' lang='lat' dir='ltr'>corporalia</span> <span class='ocrx_word' id='word_1_233' title='bbox 1100 2127 1390 2173; x_wconf 88' lang='lat' dir='ltr'>sacramenta,</span> <span class='ocrx_word' id='word_1_234' title='bbox 1429 2135 1529 2178; x_wconf 88' lang='lat' dir='ltr'>quae</span> 
     </span>
     <span class='ocr_line' id='line_1_30' title="bbox 142 2186 1530 2248; baseline 0.001 -16"><span class='ocrx_word' id='word_1_235' title='bbox 142 2196 320 2248; x_wconf 86' lang='lat' dir='ltr'>portant</span> <span class='ocrx_word' id='word_1_236' title='bbox 338 2196 382 2231; x_wconf 86' lang='lat' dir='ltr'>et</span> <span class='ocrx_word' id='word_1_237' title='bbox 404 2186 627 2231; x_wconf 88' lang='lat' dir='ltr'>celebrant</span> <span class='ocrx_word' id='word_1_238' title='bbox 655 2187 785 2231; x_wconf 90' lang='lat' dir='ltr'>etiam</span> <span class='ocrx_word' id='word_1_239' title='bbox 813 2188 1023 2246; x_wconf 84' lang='lat' dir='ltr'>segregati</span> <span class='ocrx_word' id='word_1_240' title='bbox 1057 2187 1111 2231; x_wconf 87' lang='lat' dir='ltr'>ab</span> <span class='ocrx_word' id='word_1_241' title='bbox 1142 2188 1307 2232; x_wconf 88' lang='lat' dir='ltr'>unitate</span> <span class='ocrx_word' id='word_1_242' title='bbox 1339 2190 1530 2248; x_wconf 87' lang='lat' dir='ltr'>corporis</span> 
     </span>
     <span class='ocr_line' id='line_1_31' title="bbox 145 2256 1533 2320; baseline 0.001 -17"><span class='ocrx_word' id='word_1_243' title='bbox 145 2257 327 2312; x_wconf 85' lang='lat' dir='ltr'>Christi,</span> <span class='ocrx_word' id='word_1_244' title='bbox 350 2256 533 2301; x_wconf 80' lang='lat' dir='ltr'>formam</span> <span class='ocrx_word' id='word_1_245' title='bbox 553 2267 733 2316; x_wconf 89' lang='lat' dir='ltr'>possunt</span> <span class='ocrx_word' id='word_1_246' title='bbox 746 2257 949 2301; x_wconf 86' lang='lat' dir='ltr'>exhibere</span> <span class='ocrx_word' id='word_1_247' title='bbox 963 2258 1133 2317; x_wconf 86' lang='lat' dir='ltr'>pietatis</span> <span class='ocrx_word' id='word_1_248' title='bbox 1152 2277 1161 2303; x_wconf 90' lang='lat'><strong>:</strong></span> <span class='ocrx_word' id='word_1_249' title='bbox 1178 2258 1312 2303; x_wconf 84' lang='lat' dir='ltr'>virtus</span> <span class='ocrx_word' id='word_1_250' title='bbox 1327 2274 1429 2304; x_wconf 90' lang='lat' dir='ltr'>vero</span> <span class='ocrx_word' id='word_1_251' title='bbox 1443 2261 1533 2320; x_wconf 91' lang='lat' dir='ltr'>pie-</span> 
     </span>
     <span class='ocr_line' id='line_1_32' title="bbox 150 2327 1532 2390; baseline 0.001 -17"><span class='ocrx_word' id='word_1_252' title='bbox 150 2329 244 2373; x_wconf 90' lang='lat' dir='ltr'>tatis</span> <span class='ocrx_word' id='word_1_253' title='bbox 260 2327 486 2372; x_wconf 90' lang='lat' dir='ltr'>invisibilis</span> <span class='ocrx_word' id='word_1_254' title='bbox 500 2336 543 2371; x_wconf 93' lang='lat' dir='ltr'>et</span> <span class='ocrx_word' id='word_1_255' title='bbox 559 2327 761 2387; x_wconf 88' lang='lat' dir='ltr'>spiritalis</span> <span class='ocrx_word' id='word_1_256' title='bbox 783 2329 841 2373; x_wconf 84' lang='lat' dir='ltr'>ita</span> <span class='ocrx_word' id='word_1_257' title='bbox 855 2329 899 2372; x_wconf 88' lang='lat' dir='ltr'>in</span> <span class='ocrx_word' id='word_1_258' title='bbox 912 2329 972 2372; x_wconf 90' lang='lat' dir='ltr'>eis</span> <span class='ocrx_word' id='word_1_259' title='bbox 994 2344 1084 2373; x_wconf 90' lang='lat' dir='ltr'>non</span> <span class='ocrx_word' id='word_1_260' title='bbox 1101 2338 1242 2388; x_wconf 89' lang='lat' dir='ltr'>potest</span> <span class='ocrx_word' id='word_1_261' title='bbox 1260 2345 1365 2385; x_wconf 81' lang='lat' dir='ltr'>esse,</span> <span class='ocrx_word' id='word_1_262' title='bbox 1383 2346 1532 2390; x_wconf 89' lang='lat' dir='ltr'>quem-</span> 
     </span>
     <span class='ocr_line' id='line_1_33' title="bbox 149 2399 1530 2462; baseline 0.003 -19"><span class='ocrx_word' id='word_1_263' title='bbox 149 2399 386 2443; x_wconf 86' lang='lat' dir='ltr'>admodum</span> <span class='ocrx_word' id='word_1_264' title='bbox 400 2414 549 2444; x_wconf 66' lang='lat' dir='ltr'>sensus</span> <span class='ocrx_word' id='word_1_265' title='bbox 564 2414 653 2443; x_wconf 91' lang='lat' dir='ltr'>non</span> <span class='ocrx_word' id='word_1_266' title='bbox 667 2401 863 2460; x_wconf 86' lang='lat' dir='ltr'>sequitur</span> <span class='ocrx_word' id='word_1_267' title='bbox 878 2400 1064 2445; x_wconf 87' lang='lat' dir='ltr'>hominis</span> <span class='ocrx_word' id='word_1_268' title='bbox 1078 2400 1340 2457; x_wconf 85' lang='lat' dir='ltr'>membrum,</span> <span class='ocrx_word' id='word_1_269' title='bbox 1353 2402 1530 2462; x_wconf 89' lang='lat' dir='ltr'>quando</span> 
     </span>
     <span class='ocr_line' id='line_1_34' title="bbox 150 2478 663 2530; baseline -0.002 -15"><span class='ocrx_word' id='word_1_270' title='bbox 150 2478 400 2530; x_wconf 87' lang='lat' dir='ltr'>amputatur</span> <span class='ocrx_word' id='word_1_271' title='bbox 419 2486 443 2514; x_wconf 87' lang='lat' dir='ltr'>a</span> <span class='ocrx_word' id='word_1_272' title='bbox 465 2485 663 2530; x_wconf 86' lang='lat' dir='ltr'>corpore.</span> 
     </span>
    </p>
   </div>
   <div class='ocr_carea' id='block_1_4' title="bbox 200 2553 1457 2598">
    <p class='ocr_par' dir='ltr' id='par_1_5' title="bbox 200 2553 1457 2598">
     <span class='ocr_line' id='line_1_35' title="bbox 200 2553 1457 2598; baseline 0.003 -12"><span class='ocrx_word' id='word_1_273' title='bbox 200 2561 207 2577; x_wconf 91' lang='lat'>¹</span> <span class='ocrx_word' id='word_1_274' title='bbox 229 2566 240 2586; x_wconf 92' lang='lat'>1</span> <span class='ocrx_word' id='word_1_275' title='bbox 260 2556 332 2587; x_wconf 87' lang='lat' dir='ltr'>Cor.</span> <span class='ocrx_word' id='word_1_276' title='bbox 348 2565 394 2596; x_wconf 83' lang='grc' dir='ltr'>ιιι,</span> <span class='ocrx_word' id='word_1_277' title='bbox 417 2554 467 2586; x_wconf 90' lang='grc' dir='ltr'>ι6.</span> <span class='ocrx_word' id='word_1_278' title='bbox 491 2572 532 2578; x_wconf 91' lang='lat'>—-</span> <span class='ocrx_word' id='word_1_279' title='bbox 553 2563 566 2579; x_wconf 84' lang='lat'>²</span> <span class='ocrx_word' id='word_1_280' title='bbox 585 2558 660 2598; x_wconf 80' lang='lat' dir='ltr'>Sap.</span> <span class='ocrx_word' id='word_1_281' title='bbox 676 2567 698 2596; x_wconf 84' lang='lat'>1,</span> <span class='ocrx_word' id='word_1_282' title='bbox 715 2554 747 2589; x_wconf 79' lang='grc'>5.</span> <span class='ocrx_word' id='word_1_283' title='bbox 767 2572 808 2578; x_wconf 91' lang='grc'><strong>-</strong></span> <span class='ocrx_word' id='word_1_284' title='bbox 824 2553 836 2579; x_wconf 83' lang='lat'>3</span> <span class='ocrx_word' id='word_1_285' title='bbox 855 2555 959 2589; x_wconf 84' lang='lat' dir='ltr'>Galat.</span> <span class='ocrx_word' id='word_1_286' title='bbox 984 2566 1033 2597; x_wconf 84' lang='lat' dir='ltr'>iv,</span> <span class='ocrx_word' id='word_1_287' title='bbox 1051 2563 1104 2597; x_wconf 83' lang='lat'>29.</span> <span class='ocrx_word' id='word_1_288' title='bbox 1127 2571 1168 2579; x_wconf 89' lang='lat'><em>-</em></span> <span class='ocrx_word' id='word_1_289' title='bbox 1182 2554 1198 2586; x_wconf 79' lang='grc'>4</span> <span class='ocrx_word' id='word_1_290' title='bbox 1217 2565 1236 2589; x_wconf 86' lang='lat'><strong>2</strong></span> <span class='ocrx_word' id='word_1_291' title='bbox 1257 2555 1337 2589; x_wconf 85' lang='lat' dir='ltr'>Tim.</span> <span class='ocrx_word' id='word_1_292' title='bbox 1360 2567 1406 2598; x_wconf 88' lang='grc' dir='ltr'>ιιι,</span> <span class='ocrx_word' id='word_1_293' title='bbox 1424 2557 1457 2590; x_wconf 85' lang='grc'>5.</span> 
     </span>
    </p>
   </div>
  </div>
 </body>
</html>
