1898 3178
393 207 531 237 SERMo
562 209 688 246 wa,
723 209 777 235 nr:
813 207 955 236 VERBIS
984 206 1149 236 ΜΑΤΤΗ.
1185 208 1246 235 xr.
1415 196 1499 235 263

123 282 217 328 cat,
243 283 459 334 quantum
494 273 661 317 intersit
681 273 793 316 inter
813 287 858 316 se
890 282 934 317 et
961 271 1155 333 judicem
1193 286 1322 316 suum
1348 290 1357 316 ι
1379 274 1501 331 cujus

123 360 268 404 praeco
285 353 364 388 est.
384 343 624 388 Antecessit
648 343 764 386 enim
784 343 1006 388 Christum
1028 346 1053 388 J
1057 358 1218 389 oannes
1233 377 1245 399 ,
1263 351 1307 388 et
1320 358 1503 388 nascen-

122 416 206 471 do,
239 425 283 460 et
318 414 596 474 praedicando
623 434 632 460 :
657 414 734 458 sed
755 415 983 459 antecessit
1010 413 1317 476 obsequendo,
1342 429 1431 459 non
1462 430 1505 459 sc

122 484 409 546 praeferendo.
436 488 544 530 Nam
567 494 610 529 et
637 484 835 529 officium
852 493 993 529 totum
1018 493 1118 530 ante
1134 484 1326 546 judicem
1348 485 1506 530 ambu-

120 556 207 613 lat3
226 564 270 600 et
290 556 367 616 qui
379 554 607 600 ambulant
628 555 815 615 priores,
840 555 921 615 ipsi
943 564 1046 600 sunt
1061 556 1333 614 posteriores.
1357 558 1507 610 Quan-

121 635 215 670 tum
238 641 341 685 ergo
362 626 659 670 testimonium
683 624 909 684 perhibuit
932 628 1122 670 Joannes
1144 626 1349 671 Christo?
1369 629 1433 670 Ita
1457 636 1505 671 ut

121 696 285 742 diceret
309 715 329 738 «
353 699 451 742 Non
469 712 513 740 se
535 697 719 756 dignum
742 711 846 753 esse,
871 697 949 757 qui
971 696 1157 742 solveret
1177 697 1406 757 corrigiam
1423 696 1509 742 cal-

124 787 144 810 »
179 768 392 812 ceamenti
415 769 544 827 ejus1.
575 787 594 809 »
618 767 774 812 Adhuc
796 767 936 828 quid?
962 787 982 810 «
1002 770 1088 813 Nos
1104 803 1114 823 ,
1141 767 1286 828 inquit
1302 803 1314 823 ,
1338 767 1392 812 de
1413 768 1507 828 ple-

123 856 144 880 »
179 837 378 882 nitudine
400 839 490 897 ejus
511 839 798 898 accepimus2.
824 857 844 879 n
867 841 1112 883 Lucernam
1135 854 1179 882 se
1200 837 1422 883 confessus
1445 848 1509 883 est

119 907 175 952 de
201 907 277 951 illo
299 923 549 981 afcensam,
572 917 614 952 et
636 909 735 953 ideo
769 909 824 953 ad
852 907 984 968 pedes
1015 909 1106 969 ejus
1133 907 1354 967 confugit,
1378 924 1434 952 ne
1453 908 1507 952 ad

119 979 204 1023 alta
226 988 376 1038 petens
411 988 542 1024 vento
575 980 791 1039 superbiae
824 980 1166 1039 extingueretur.
1207 983 1312 1024 Tam
1344 980 1507 1040 quippe

117 1065 299 1108 magnus
316 1059 407 1095 erat
425 1086 436 1106 ,
462 1060 511 1094 ut
532 1051 729 1096 Christus
757 1060 986 1111 putaretur
1013 1071 1022 1096 :
1043 1061 1086 1096 et
1107 1052 1142 1096 si
1159 1066 1248 1096 non
1270 1052 1365 1111 ipse
1387 1051 1506 1096 testis

117 1137 221 1166 suus
247 1131 356 1166 esset
378 1122 481 1181 quia
504 1137 592 1166 non
612 1132 703 1167 erat
733 1123 824 1182 ipse
841 1157 852 1176 ,
878 1132 1122 1167 remaneret
1143 1137 1287 1177 error,
1309 1131 1352 1167 et
1373 1132 1505 1182 puta-

119 1201 238 1236 retur
258 1192 364 1251 ipse.
389 1191 536 1245 Qualis
558 1192 768 1237 humilis?
795 1192 1080 1237 Deferebatur
1101 1192 1164 1236 illi
1200 1194 1342 1238 honor
1369 1209 1393 1237 a
1425 1208 1505 1252 po-

115 1262 243 1322 pulo,
269 1272 313 1306 et
333 1263 421 1321 ipse
443 1263 691 1322 respuebat.
715 1264 932 1308 Errabant
951 1264 1150 1308 homines
1173 1264 1219 1307 in
1238 1265 1328 1324 ejus
1345 1264 1504 1322 magni-

115 1332 290 1388 tudine,
316 1341 360 1377 et
379 1332 470 1391 ipse
493 1348 536 1377 se
557 1332 834 1377 humiliabat.
856 1333 1044 1378 Nolebat
1065 1348 1255 1378 crescere
1272 1334 1503 1378 hominum

114 1403 279 1458 verbis,
304 1404 404 1464 quia
428 1402 817 1462 comprehenderat
839 1403 914 1447 Dei
936 1403 1146 1447 Verbum.

176 1477 232 1518 II.
259 1476 375 1533 Ergo
396 1475 480 1518 hoc
503 1477 693 1518 Joannes
714 1473 769 1518 de
793 1474 966 1519 Christo
992 1493 1001 1519 2
1032 1474 1230 1519 Christus
1256 1474 1311 1519 de
1333 1476 1502 1519 Joanne

116 1543 254 1604 quid?
285 1545 419 1591 Modo
454 1544 698 1589 audivimus
731 1563 740 1589 :
776 1544 966 1603 «Coepit
1002 1543 1145 1589 dicere
1173 1544 1229 1588 ad
1259 1544 1409 1589 turbas
1447 1545 1502 1589 de

118 1634 138 1657 »
172 1618 341 1661 Joanne
363 1636 371 1662 :
396 1615 513 1670 Quid
547 1616 689 1660 existis
712 1616 758 1660 in
784 1614 1004 1660 desertum
1027 1616 1208 1660 videre?
1229 1615 1502 1660 Arundinem

117 1704 136 1726 »
173 1696 303 1731 vento
330 1687 548 1730 moveri3‘?
571 1702 593 1726 »
620 1686 780 1746 Utique
807 1701 925 1744 non,
961 1686 1062 1746 quia
1086 1688 1275 1731 Joannes
1297 1702 1388 1731 non
1415 1688 1502 1731 cir-

112 1758 401 1802 cumflabatur
423 1759 541 1802 omni
568 1767 699 1802 vento
726 1756 952 1802 doctrinae.
985 1776 1005 1799 «
1031 1757 1115 1803 Sed
1137 1756 1245 1817 quid
1272 1758 1413 1802 existis
1435 1759 1502 1803 vi-

116 1845 136 1869 »
157 1828 289 1871 dere?
305 1828 539 1873 Hominem
561 1826 765 1872 mollibus
787 1827 1052 1872 vestitum4?
1068 1830 1224 1883 »Non3
1248 1828 1350 1886 quia
1372 1830 1500 1872 Joan-

113 1912 189 1942 nes
221 1912 369 1956 aspera
390 1905 482 1940 erat
501 1904 618 1940 veste
655 1896 833 1940 vestitus
855 1914 863 1939 :
888 1894 1082 1939 habebat
1119 1895 1236 1939 enim
1258 1904 1421 1940 vestem
1444 1896 1500 1942 de

112 1966 210 2027 pilis
232 1966 616 2019 camelorum‚non
627 1964 681 2009 de
704 1964 877 2024 plumis.
894 1964 1013 2009 «Sed
1030 1963 1140 2024 quid
1158 1965 1301 2009 existis
1323 1965 1499 2012 videre?

116 2055 137 2079 »
173 2037 466 2098 Prophetam?
489 2039 555 2080 Ita
577 2055 585 2081 :
610 2044 654 2079 et
686 2036 821 2095 major
853 2049 987 2095 quam
1015 2035 1280 2095 Propheta⁵.
1308 2053 1329 2077 »
1354 2038 1498 2089 Quare

113 2110 249 2169 major
266 2124 398 2169 quam
418 2108 667 2167 Propheta?
688 2108 935 2151 Venturum
958 2107 1195 2151 Dominum
1225 2107 1497 2166 praenuntia-

112 2190 271 2225 verunt
287 2215 298 2235 ‚
328 2195 460 2240 quem
486 2177 631 2224 videre
653 2176 1009 2223 desideraverunt
1026 2212 1038 2231 ,
1076 2185 1119 2221 et
1141 2192 1231 2221 non
1252 2177 1459 2224 viderunt
1485 2198 1494 2224 :

112 2250 215 2294 huic
238 2260 383 2294 autem
401 2249 644 2308 praestitum
661 2258 724 2293 est
743 2248 864 2309 quod
881 2247 944 2292 illi
961 2247 1242 2309 quaesierunt.
1264 2248 1385 2293 Vidit
1405 2252 1496 2295 Do-

111 2321 280 2366 minum
305 2323 493 2365 Joannes
508 2355 520 2375 ,
542 2320 649 2364 vidit
670 2342 680 2377 3
699 2319 884 2378 digitum
906 2320 951 2364 in
974 2335 1073 2364 eum
1093 2319 1281 2363 intendit
1299 2354 1309 2374 ,
1334 2329 1378 2365 et
1400 2320 1460 2365 ait
1482 2340 1491 2366 ε

118 2411 139 2434 ι(
172 2395 284 2437 Ε666
303 2395 452 2451 Agnus
471 2390 570 2445 Dei,
584 2405 684 2435 ecce
705 2390 781 2450 qui
804 2390 918 2435 tollit
937 2399 1111 2449 peccata
1129 2389 1283 2435 mundi
1299 2392 1314 2417 ⁶
1331 2409 1340 2436 :
1359 2409 1378 2432 »
1394 2406 1495 2436 6666

163 2494 169 2509 ¹
197 2490 290 2519 Joan.
309 2498 338 2528 1,
358 2495 411 2528 27.
439 2503 479 2508 -
503 2493 515 2508 ²
534 2485 614 2517 Ibid.
637 2487 687 2517 16.
709 2503 749 2509 —-
776 2484 928 2519 3Matth.
950 2496 994 2527 xt,
1015 2496 1044 2526 ς.
1068 2502 1108 2507 -—
1129 2484 1296 2519 ⁴11›id.8.
1321 2503 1359 2510 —-·
1377 2485 1390 2510 5
1409 2486 1490 2518 thid.

112 2554 146 2585 9.
169 2559 209 2564 —
233 2540 248 2564 6
266 2544 476 2583 Joan.1,r29.
