1898 3178
258 287 395 314 3ΕῆΜο
427 287 525 323 Lv1‚
560 285 606 312 m
638 282 803 312 ΜΑΤΤΗ.
840 287 906 324 vr,
942 287 996 313 DE
1028 284 1151 314 oron:
1188 290 1293 315 noar.
1374 280 1454 317 177

17 338 21 345 ¹
81 348 186 394 dum
210 360 274 395 est
292 386 304 403 ‚
328 366 383 394 ne
400 359 443 394 et
464 351 519 393 ab
539 349 614 394 1110
632 358 805 409 petatur
821 351 941 410 quod
964 360 1110 411 petere
1126 368 1215 397 non
1232 352 1456 400 debemus.

14 406 23 457 1
81 420 224 465 Vitam
246 421 479 464 humanam
504 419 607 479 quia
633 428 779 479 petere
802 420 1034 477 debemus,
1059 423 1093 467 si
1113 432 1234 482 petas
1261 423 1315 468 ab
1335 425 1460 470 idolis

81 490 219 534 surdis
241 498 284 534 et
305 490 462 545 mutis,
503 488 610 550 quid
632 489 711 534 tibi
740 490 946 549 prodest?
980 495 1089 537 Item
1125 509 1149 538 a
1180 497 1269 539 Deo
1303 499 1428 540 Patre
1449 532 1459 551 ,

20 587 24 602 .
78 561 155 620 qui
179 562 310 606 estin
339 562 483 618 coelis,
518 562 553 606 si
585 571 706 622 optas
730 571 916 607 mortem
950 564 1222 610 inimicorum
1256 575 1430 612 tuorum
1450 604 1460 623 ,

19 608 26 671 l
77 631 186 690 quid
208 631 290 676 tibi
312 631 514 691 prodest?
538 634 635 677 Non
669 631 828 677 audisti
856 632 924 677 vel
956 632 1097 692 legisti
1130 635 1174 678 in
1198 636 1366 681 Psalmo
1382 672 1393 693 ,
1418 638 1464 682 in

78 716 169 760 quo
203 701 438 761 praedictus
470 711 535 746 est
555 702 815 748 damnabilis
838 701 1021 748 traditor
1048 706 1207 760 Judas,
1243 708 1466 767 quomodo

0 814 2 820 ,
75 773 308 831 prophetia
340 773 448 817 dixit
469 772 524 817 de
545 773 620 818 illo
645 793 654 817 :
695 792 714 815 «
739 773 888 818 Oratio
924 775 1016 833 ejus
1046 775 1122 819 fiat
1151 776 1216 820 illi
1246 778 1292 822 in
1314 794 1466 838 pecca-³

79 862 98 885 »
117 846 235 887 tum¹
253 845 272 887 Ρ
296 861 316 885 »
346 844 389 888 Si
412 859 514 903 ergo
528 845 666 904 surgis
687 854 731 888 et
753 860 847 890 oras
870 843 982 889 mala
1000 845 1184 891 inimicis
1208 848 1314 904 tuis,
1333 850 1469 895 oratio

0 955 4 962 ,
75 922 148 957 tua
170 914 245 959 fiet
267 914 313 958 in
336 925 580 974 peccatum.

133 987 215 1028 III.
252 987 305 1028 In
326 984 506 1029 Psalmis
529 985 685 1030 sanctis
706 984 872 1044 legistis
888 1021 898 1041 ‚
923 986 1060 1031 veluti
1082 988 1220 1033 multa
1240 990 1467 1050 imprecari

0 1096 8 1103 ,
73 1053 187 1099 mala
209 1054 393 1099 inimicis
410 1055 512 1111 suis,
542 1071 642 1100 eum
675 1056 751 1115 qui
781 1055 978 1116 loquitur
1011 1059 1057 1102 in
1081 1059 1273 1105 Psalmis.
1300 1064 1357 1106 Et
1379 1063 1466 1107 uti-

4 1162 8 1183 3
27 1147 29 1152 ·
70 1139 156 1184 que
172 1159 183 1179 ‚
223 1124 282 1168 ait
314 1124 492 1185 aliquis,
531 1126 606 1185 qui
650 1125 848 1185 loquitur
886 1127 931 1171 in
967 1127 1165 1184 Psalmis,
1197 1131 1340 1190 justus
1372 1142 1461 1177 est:

4 1154 33 1254 Ji
68 1211 204 1255 quare
218 1204 306 1239 tam
319 1195 433 1243 mala
446 1206 568 1256 optat
585 1197 768 1240 inimicis
784 1197 900 1241 suis?
922 1200 1019 1260 Non
1040 1208 1162 1258 optat
1180 1234 1191 1254 ‚
1218 1201 1293 1245 sed
1307 1204 1465 1261 praevi-

1 1297 11 1325 0
69 1265 145 1309 det
169 1284 179 1309 ς
206 1265 435 1324 prophetia
464 1275 526 1309 est
543 1267 892 1324 praenuntiantis,
915 1282 1002 1311 non
1023 1278 1177 1313 votum
1198 1271 1464 1318 maledicen-

0 1367 11 1394 Ι,
69 1336 138 1380 tis.
168 1337 219 1379 In
241 1335 396 1395 spiritu
428 1334 544 1379 enim
572 1334 636 1379 illi
669 1346 883 1381 noverant
900 1338 1060 1396 quibus
1081 1340 1272 1386 habebat
1294 1345 1466 1389 evenire

3 1437 12 1465 0
69 1405 205 1462 male,
223 1406 383 1466 quibus
400 1406 513 1450 bene
532 1425 542 1451 ε
559 1415 688 1466 etper
710 1407 985 1466 prophetiam
1003 1409 1208 1455 dicebant
1223 1446 1234 1467 ‚
1253 1422 1463 1474 tanquam

0 1507 12 1535 ,Π
68 1486 270 1536 optarent
287 1476 407 1537 quod
424 1476 738 1537 praevidebant.
760 1480 826 1521 Tu
847 1487 993 1522 autem
1015 1481 1134 1536 unde
1156 1482 1260 1539 3013,
1287 1499 1342 1528 110
1366 1500 1462 1529 me-

0 1562 13 1605 d
67 1547 151 1592 lior
171 1556 214 1591 te
233 1546 406 1592 futurus
429 1547 509 1603 sit,
536 1547 606 1592 cui
638 1546 770 1591 hodie
800 1547 913 1592 male
942 1549 1082 1607 petis?
1107 1552 1191 1596 Sed
1223 1554 1311 1598 scio
1333 1554 1459 1600 illum

0 1648 13 1676 Ὠ
31 1638 38 1703 l
68 1617 338 1677 malignum,
379 1617 500 1662 dicis,
539 1619 597 1661 Et
630 1626 671 1661 te
703 1618 783 1661 scis
818 1617 1079 1676 malignum.
1120 1624 1323 1674 Quamvis
1346 1626 1459 1670 forte

0 1718 15 1745 m
37 1718 39 1738 χ
69 1688 228 1732 audeas
250 1697 293 1731 et
315 1687 369 1732 de
395 1686 526 1731 corde
555 1687 730 1731 alterius
752 1686 948 1746 judicare
972 1689 1092 1746 quod
1125 1693 1261 1737 nescis
1287 1712 1296 1738 :
1320 1696 1397 1739 sed
1419 1706 1462 1741 ct

31 1742 39 1798 1
68 1764 112 1802 te
132 1758 212 1802 3013
233 1757 488 1816 malignum.
515 1759 612 1801 Non
636 1756 759 1800 audis
782 1756 1040 1814 Apostolum
1057 1759 1304 1808 dicentem:
1325 1783 1345 1806 «
1370 1768 1455 1819 Qui

69 1845 91 1870 »
125 1827 245 1887 prius
266 1825 331 1870 fui
362 1826 639 1885 blasphemus
669 1835 712 1870 et
740 1835 988 1885 persecutor
1023 1836 1066 1871 et
1093 1829 1351 1893 injuriosus3
1377 1838 1452 1881 sed

69 1915 91 1940 u
126 1895 464 1942 misericordiam
478 1905 738 1940 consecutus
756 1911 849 1940 sum
862 1931 872 1951 ‚
894 1897 1205 1956 quiaignorans
1222 1902 1305 1947 feci
1321 1905 1366 1948 in
1386 1907 1453 1951 in-

71 1984 92 2009 »
127 1966 439 2011 credulitate29
455 1983 475 2007 »
497 1964 683 2020 Quando
698 1965 859 2010 Paulus
877 1967 1096 2025 apostolus
1111 1973 1453 2032 persequebatur

68 2038 332 2083 Christianos
348 2071 359 2092 ‚
390 2037 527 2095 ligans
549 2037 627 2080 ubi
648 2036 897 2080 inveniebat
915 2071 925 2091 ,
959 2037 1199 2084 audiendos
1231 2042 1288 2087 ad
1309 2059 1452 2090 sacer·
1481 2064 1484 2067 ·

68 2107 192 2153 dotes
213 2117 256 2152 et
273 2106 517 2167 puniendos
538 2107 784 2151 attrahebat
801 2128 812 2165 3
837 2106 945 2167 quid
962 2110 1145 2167 putatis,
1162 2111 1316 2160 fratres
1331 2150 1342 2171 ,
1363 2119 1450 2163 Ec-

68 2178 197 2224 clesia
224 2188 374 2224 contra
396 2177 519 2222 illum
544 2179 724 2234 orabat,
751 2194 806 2223 an
833 2193 912 2237 pro
937 2179 1042 2224 illo?
1064 2181 1233 2242 Utique,
1261 2187 1450 2248 Ecclesia

30 2275 35 2286 ·
68 2250 174 2306 Dei,
199 2265 298 2311 quae
329 2249 537 2293 didicerat
559 2265 582 2293 a
613 2243 800 2294 Domino
822 2264 901 2294 suo
913 2285 929 2305 ,
952 2251 1030 2310 qui
1053 2253 1246 2310 pendens
1265 2256 1309 2300 in
1327 2274 1453 2305 cruce

69 2318 177 2365 dixit
194 2339 204 2365 ι
220 2323 400 2374 «Pater,
419 2319 592 2377 ignosce
610 2319 693 2364 illis
706 2354 716 2374 ,
734 2320 836 2379 quia
850 2320 1049 2366 nesciunt
1067 2322 1175 2381 quid
1190 2322 1382 2372 faciunt3
1394 2366 1405 2385 ‚
1428 2350 1448 2373 υ

69 2389 171 2435 talia
207 2389 467 2449 precabatur
505 2404 585 2449 pro
614 2389 771 2445 Paulo,
808 2390 895 2434 imo
927 2390 1069 2435 adhuc
1105 2407 1183 2451 pro
1217 2396 1375 2455 Saulo‚
1401 2412 1451 2446 ut

69 2460 154 2505 1100
183 2461 229 2504 in
249 2460 323 2505 illo
346 2462 492 2515 fieret,
527 2459 646 2519 quod
673 2469 716 2504 et
744 2460 910 2504 factum
940 2470 1017 2505 est.
1046 2463 1152 2506 Nam
1181 2466 1281 2524 quia
1315 2469 1446 2518 dicit:

75 2548 96 2573 «
129 2534 257 2576 Eram
282 2540 428 2576 autem
457 2532 633 2589 ignotus
658 2530 767 2576 facie
789 2531 987 2576 Ecclesiis
1016 2531 1202 2589 Judaeae,
1229 2553 1327 2597 quae
1350 2553 1450 2589 sunt

115 2617 129 2636 ¹
146 2615 227 2649 Psal.
248 2626 340 2653 cvm,
361 2626 392 2657 7.
413 2632 452 2638 —
477 2620 490 2636 ²
514 2627 525 2647 1
547 2615 626 2647 Tim.
648 2627 670 2656 1,
694 2615 797 2647 13.—
818 2614 831 2638 3
852 2618 926 2648 Luc.
949 2627 1040 2658 xxm,
1061 2617 1113 2660 34.

262 2679 399 2711 CXXV.
1216 2679 1263 2715 12
