1898 3178
390 220 476 260 410
822 232 856 257 s.
892 228 1125 258 A·oGUSTIN1
1156 231 1338 259 131>1scorr

388 297 595 352 lerabitis,
615 297 693 340 sed
713 296 758 339 in
774 308 987 340 aeternum
1004 310 1104 340 cum
1121 298 1211 343 Deo
1232 297 1480 356 regnabitis.
1510 315 1530 339 «
1550 297 1635 350 Qui
1654 297 1772 341 enim

394 387 416 411 »
450 368 548 414 vult
579 369 708 412 vitam
728 402 739 421 ,
775 367 884 411 sicut
917 365 1022 411 dicit
1053 368 1298 428 Propheta,
1329 367 1472 427 diligit
1500 367 1646 412 videre
1682 368 1772 412 dies

393 457 413 480 »
449 440 630 483 bonos¹.
660 455 680 477 »
705 439 814 482 Nam
851 437 896 481 in
918 436 1071 482 diebus
1099 438 1221 482 malis
1249 453 1363 483 mors
1397 439 1539 498 potius
1567 447 1768 498 optatur,

392 525 524 570 quam
546 508 648 552 vita.
686 510 840 552 Nonne
869 506 1067 552 audimus
1088 518 1130 552 et
1161 509 1359 552 videmus
1388 509 1585 553 homines
1612 509 1659 552 in
1691 509 1772 552 ali-

391 580 552 640 quibus
586 578 943 623 tribulationibus
981 587 1023 623 et
1050 580 1279 638 angustiis,
1306 579 1701 624 conflictationibus
1729 588 1773 624 et

391 649 724 709 aegritudinibus
746 649 851 694 dum
874 660 976 695 sunt
990 651 1237 706 constituti,
1261 660 1303 695 et
1327 650 1477 695 vident
1495 666 1538 695 se
1554 651 1768 706 laborare,

392 721 499 765 nihil
527 721 647 765 aliud
670 722 844 766 dicere‘2
869 741 880 768 ε
911 725 1025 766 Deus
1040 757 1051 777 ,
1077 722 1199 766 mitte
1222 722 1329 766 mihi
1347 730 1532 766 mortem
1547 757 1558 777 ,
1584 721 1772 766 accelera

390 791 480 836 dies
501 794 651 836 meos?
673 794 728 836 Et
745 791 980 852 aliquando
997 794 1114 837 venit
1132 791 1361 850 aegritudo,
1388 793 1576 836 curritur
1593 828 1604 847 ,
1630 792 1772 836 addu-

390 872 550 909 cuntur
585 863 732 908 midici
748 899 758 918 ,
784 863 910 908 solidi
931 874 973 907 et
995 878 1175 906 munera
1196 863 1530 922 promittuntur.
1558 863 1672 907 Dicit
1694 863 1772 907 tibi

390 934 480 993 ipsa
502 949 617 979 mors
645 954 653 979 ε
679 937 792 979 Ecce
819 933 994 989 adsum,
1013 948 1144 993 quam
1166 933 1298 992 paulo
1320 943 1420 978 ante
1442 949 1466 978 a
1487 933 1674 978 Domino
1694 948 1774 993 pe-

390 1005 509 1049 tebas
523 1041 534 1061 ,
560 1005 669 1065 quid
686 1021 754 1049 me
775 1004 907 1050 modo
924 1004 1077 1064 fugere
1097 1005 1193 1049 vis?
1214 1005 1366 1050 Inveni
1384 1013 1426 1049 te
1443 1003 1712 1061 falsatorem,
1732 1013 1775 1050 et

390 1077 556 1120 miserae
571 1077 672 1121 vitae
697 1086 948 1121 amatorem.

447 1150 505 1191 II.
532 1149 593 1191 De
617 1146 683 1190 his
710 1156 856 1190 autem
881 1146 1036 1191 diebus
1056 1162 1165 1207 quos
1188 1148 1354 1206 agimus
1377 1182 1390 1203 ,
1423 1147 1485 1191 ait
1506 1146 1737 1206 Apostolus
1764 1165 1773 1192 :

393 1237 414 1261 α
447 1218 727 1262 Redimentes
757 1226 929 1277 tempus
945 1253 956 1273 ,
991 1219 1199 1277 quoniam
1221 1218 1312 1262 dies
1332 1217 1436 1262 mali
1456 1219 1602 1261 sunt3.
1632 1235 1652 1258 η
1678 1219 1777 1263 Non

387 1298 490 1334 sunt
525 1304 629 1348 ergo
671 1286 762 1333 dies
798 1287 900 1333 mali
941 1304 1050 1349 quos
1084 1288 1249 1346 agimus
1289 1288 1336 1331 in
1366 1287 1613 1346 corruptela
1644 1288 1775 1348 hujus

388 1360 529 1404 carnis
544 1394 556 1415 ,
581 1361 627 1403 in
649 1368 768 1404 tanta
785 1359 855 1404 vel
876 1360 959 1404 sub
981 1368 1101 1404 tanta
1118 1359 1283 1402 sarcina
1302 1357 1595 1417 corruptibilis
1615 1373 1775 1417 corpo-

389 1431 444 1474 ris
460 1465 471 1485 ,
496 1430 609 1474 inter
627 1439 767 1474 tantas
785 1430 1061 1484 tentationes,
1086 1430 1200 1473 inter
1222 1438 1361 1473 tantas
1378 1427 1674 1485 difficultates,
1697 1429 1776 1474 ubi

387 1500 494 1545 falsa
531 1499 755 1560 voluptas,
789 1500 911 1545 nulla
941 1501 1146 1545 securitas
1168 1499 1337 1557 gaudii,
1368 1499 1499 1543 timor
1536 1508 1772 1559 torquens,

388 1570 602 1630 cupiditas
644 1571 769 1616 avida
786 1606 796 1625 ,
832 1571 1006 1615 tristitia
1028 1571 1175 1614 arida?
1198 1572 1311 1614 Ecce
1330 1585 1462 1630 quam
1493 1570 1629 1614 malos
1652 1569 1742 1615 dies
1763 1589 1772 1616 :

388 1651 431 1686 et
462 1657 591 1686 nemo
621 1641 717 1686 vult
753 1641 878 1685 finire
914 1642 1028 1700 ipsos
1050 1640 1186 1685 malos
1223 1640 1313 1684 dies
1331 1675 1342 1695 ,
1367 1639 1645 1700 multumque
1673 1641 1775 1686 hinc

387 1721 543 1772 rogant
564 1711 762 1756 homines
798 1714 964 1766 Deum,
1005 1721 1056 1756 ut
1085 1711 1162 1755 diu
1182 1712 1345 1755 vivant.
1382 1711 1499 1764 Quid
1533 1719 1596 1755 est
1628 1720 1775 1756 autem

388 1783 464 1827 diu
487 1783 631 1827 vivere
646 1816 658 1836 ‚
679 1782 760 1826 nisi
779 1781 856 1825 diu
878 1781 1101 1842 torqueri?
1123 1782 1240 1835 Quid
1263 1790 1327 1825 est
1349 1780 1468 1825 aliud
1500 1780 1577 1827 diu
1600 1782 1744 1826 vivere
1759 1816 1771 1836 ,

387 1870 520 1915 quam
542 1853 679 1898 malos
702 1852 792 1897 dies
813 1851 935 1896 malis
955 1851 1108 1896 diebus
1130 1851 1323 1897 addere?
1358 1855 1414 1897 Et
1440 1867 1541 1897 eum
1574 1861 1775 1898 crescunt

387 1927 527 1986 pueri,
544 1925 667 1986 quasi
689 1923 901 1969 accedunt
913 1923 996 1968 illis
1018 1924 1108 1968 dies
1125 1944 1136 1982 3
1161 1933 1204 1968 et
1224 1923 1423 1967 nesciunt
1443 1923 1546 1984 quia
1562 1924 1773 1968 minuun-

391 2007 459 2042 tur
477 2006 519 2042 et
546 1998 638 2056 ipsa
659 2006 723 2041 est
743 1995 850 2040 falsa
869 1995 1152 2055 computatio.
1180 1994 1482 2039 Crescentibus
1505 1994 1622 2038 enim
1644 1994 1774 2039 dece-
1841 1998 1845 2007 '
1881 2004 1885 2018 ¹

389 2067 501 2111 dunt
521 2066 612 2111 dies
630 2066 789 2126 potius,
812 2081 942 2126 quam
963 2064 1192 2109 accedunt.
1212 2064 1439 2109 Constitue
1461 2062 1589 2107 alicui
1605 2064 1773 2109 homini

389 2147 492 2182 nato
509 2172 520 2193 ,
545 2136 667 2182 verbi
689 2136 821 2194 gratia
836 2171 848 2191 ,
873 2135 1094 2193 octoginta
1129 2148 1265 2178 annos
1292 2152 1301 2178 ε
1326 2133 1544 2194 quidquid
1564 2134 1694 2189 vivit,
1717 2133 1772 2178 de

389 2225 557 2253 summa
593 2208 765 2253 minuit.
793 2210 850 2252 Et
890 2207 1023 2266 inepti
1045 2206 1239 2250 homines
1268 2204 1540 2263 gratulantur
1575 2203 1772 2264 plurimis

390 2280 594 2324 natalitiis
609 2315 620 2335 ‚
646 2288 734 2323 tam
752 2279 836 2323 suis
850 2313 860 2332 ,
881 2292 1010 2338 quam
1027 2275 1215 2320 filiorum
1238 2291 1431 2320 suorum.
1450 2277 1488 2320 O
1504 2276 1646 2320 virum
1667 2291 1773 2335 pru-

392 2349 592 2395 dentem!
621 2351 664 2395 Si
686 2349 766 2394 tibi
798 2349 948 2394 vinum
977 2349 1198 2391 minuatur
1214 2347 1259 2390 in
1281 2355 1378 2390 utre
1395 2381 1406 2401 ‚
1442 2346 1620 2390 tristaris
1646 2365 1654 2391 :
1681 2346 1772 2390 dies

391 2419 555 2477 perdis,
591 2429 634 2464 et
656 2418 845 2478 gaudes?
866 2416 968 2463 Mali
1001 2432 1102 2475 ergo
1133 2427 1234 2461 sunt
1255 2416 1344 2460 dies
1372 2436 1380 2461 :
1409 2426 1452 2461 et
1484 2431 1535 2461 eo
1567 2417 1730 2476 pejores
1756 2451 1768 2471 ‚

388 2489 490 2548 quia
511 2488 767 2548 diliguntur.
796 2489 863 2533 Sic
884 2486 1107 2532 blanditur
1128 2488 1197 2531 hic
1220 2486 1411 2531 mundus
1429 2522 1440 2541 ,
1469 2497 1518 2530 ut
1539 2502 1670 2530 nemo
1690 2501 1768 2531 ve·-

440 2580 449 2595 1
470 2573 547 2604 Psal.
567 2584 678 2613 xxxin,
709 2582 759 2605 12.
780 2590 821 2595 —-
841 2580 851 2595 ²
874 2570 1021 2616 Sztpple}‚
1041 2573 1112 2603 nisi.
1132 2589 1172 2594 —
1194 2570 1206 2594 3
1224 2571 1341 2613 Epiros,
1359 2582 1392 2611 v,
1415 2570 1467 2603 16.
