1898 3178
327 264 465 292 sssnmo
497 264 715 302 Lxxxvm,
752 266 804 291 DE
838 264 982 292 vizrfflis
1015 262 1177 292 MATTH.
1214 265 1287 291 xx.
1412 254 1491 293 441

120 331 182 376 los
205 330 434 374 extendere
455 331 703 389 pigrescunt
720 364 730 383 ‚
752 339 794 374 et
811 331 886 390 qui
900 345 971 375 eos
993 331 1178 374 excitare
1197 330 1377 385 volunt,
1403 347 1497 376 mo-

117 401 213 446 lesti
247 410 362 445 sunt.
401 399 573 444 Recede
602 415 625 443 a
658 415 753 455 me,
778 402 922 460 inquit
952 401 1184 460 languidus
1206 400 1493 460 lethargicu5‚

117 473 296 516 obsecro
318 481 361 516 te
377 507 387 527 ,
415 471 568 515 recede
598 486 620 514 a
644 486 728 514 me.
756 474 927 524 Quare?
949 473 1144 517 Dormire
1161 471 1274 517 volo.
1302 473 1386 518 Sed
1403 489 1498 517 mo-

115 544 235 587 rieris
256 543 372 588 inde.
406 542 486 586 Ille
518 557 662 586 amore
689 543 829 587 somni
850 559 858 584 :
886 545 998 589 Mori
1020 543 1143 599 volo,
1169 544 1415 604 respondet.
1442 548 1499 589 Et

116 615 300 659 charitas
322 613 507 673 desuper
528 613 676 659 :Nolo.
700 613 964 674 Plerumque
984 616 1114 659 istum
1131 616 1350 660 eharitatis
1371 616 1499 661 affee-

117 694 211 730 tum
234 685 408 730 exhibet
430 684 543 729 filius
564 685 692 729 etiam
720 685 832 744 patri
862 686 953 729 seni
979 687 1188 731 morituro
1219 696 1316 746 post
1338 702 1498 746 paucos

117 755 228 812 dies,
242 757 332 816 jam
354 757 508 816 utique
526 765 652 800 aetate
673 756 809 800 finita.
837 756 880 800 Si
902 755 1187 815 lethargicum
1206 756 1351 812 videt,
1372 767 1414 802 et
1435 758 1498 802 le-

117 826 313 885 thargico
345 827 499 871 morbo
521 827 660 887 premi
681 841 806 870 suum
834 835 1000 886 patrem
1033 843 1056 871 a
1083 827 1252 872 medico
1275 829 1465 886 agnoseit
1481 865 1495 884 ,

117 896 287 941 dicente
308 897 388 941 sibi
414 916 422 941 ε
458 898 606 942 Exeita
628 906 795 956 patrem
816 905 943 941 tuum
958 932 968 952 ‚
1000 897 1091 941 noli
1125 913 1225 941 eum
1248 900 1497 957 permittere

75 984 78 987 ’
114 967 303 1012 dormire
320 1003 330 1023 ,
351 969 384 1012 si
406 968 468 1012 vis
490 978 539 1013 ut
561 969 692 1012 vivat.
714 968 848 1012 Adest
863 983 972 1027 puer
987 969 1098 1024 seni,
1116 968 1281 1028 pulsat,
1306 968 1493 1013 vellicat.

113 1038 292 1097 pungit,
318 1038 477 1097 pietate
500 1037 706 1083 molestus
729 1047 792 1082 est
811 1057 819 1082 :
837 1053 916 1082 nec
937 1038 1048 1082 mori
1071 1038 1156 1083 cito
1174 1039 1385 1097 permittit
1407 1040 1497 1098 ipsa

113 1117 335 1152 senectute
355 1108 441 1153 cito
463 1109 749 1166 moriturum3
774 1117 817 1152 et
839 1109 872 1152 si
893 1108 1071 1163 vixerit,
1099 1108 1259 1167 gaudet
1283 1108 1397 1152 filius
1413 1145 1423 1164 ,
1449 1119 1499 1153 ut

114 1178 336 1238 aliquanto
358 1179 504 1239 plures
527 1180 618 1224 dies
651 1180 791 1234 vivat,
817 1194 916 1223 eum
948 1178 1178 1224 decessuro
1206 1195 1494 1225 successurus.

114 1250 287 1301 Quanto
319 1251 481 1308 majore
513 1249 723 1293 charitate
755 1264 833 1293 nos
863 1249 1006 1293 amicis
1037 1250 1192 1293 nostris
1218 1250 1387 1294 molesti
1410 1266 1498 1295 esse

114 1318 344 1372 debemus,
362 1331 462 1361 cum
479 1318 638 1377 quibus
655 1333 744 1362 non
762 1333 922 1377 paucos
939 1319 984 1362 in
1001 1320 1085 1363 hoc
1107 1318 1273 1363 mundo
1291 1319 1401 1375 dies,
1423 1321 1497 1364 sed

115 1389 232 1449 apud
252 1392 390 1432 Deum
412 1389 458 1432 in
479 1397 693 1432 aeternum
710 1389 935 1433 vivamus?
951 1392 1112 1433 Ament
1129 1406 1231 1449 ergo
1250 1406 1348 1446 nos,
1368 1401 1410 1436 et
1430 1392 1496 1435 fa-

114 1457 359 1519 ciantquod
379 1458 580 1512 audiunt„
598 1467 641 1502 et
653 1458 799 1503 colant
821 1474 951 1518 quem
973 1459 1155 1504 colimus
1173 1470 1215 1504 et
1238 1476 1337 1515 nos,
1363 1471 1411 1505 ut
1430 1478 1497 1505 re-

115 1530 278 1590 cipiant
294 1530 415 1590 quod
432 1545 653 1589 speramus
666 1539 709 1574 et
724 1545 818 1575 nos.
837 1530 1043 1575 Conversi
1065 1530 1119 1574 ad
1143 1531 1394 1587 Dominum,
1411 1542 1492 1576 etc.

116 1690 1170 1716 mmmmmwvwmwwtmoemvtwwmwwnmmumm
1175 1700 1312 1716 W‘VWVVU!
1318 1701 1386 1716 tvm-{1
1392 1701 1457 1716 841Λὶ
1462 1702 1496 1717 Αἵ

476 1889 479 1891 ‚
514 1824 745 1871 SERMO
782 1822 1106 1871 LXXXVIII&

114 1990 176 2031 De
198 1986 341 2030 verbis
363 1985 588 2044 Evangelii
614 1986 773 2030 Matth.
797 2003 856 2029 xx
875 2019 886 2040 ,
912 1985 989 2028 ubi
1011 1986 1066 2028 de
1088 1985 1262 2029 duobus
1284 1987 1407 2030 eaeeis
1430 2003 1494 2031 se-

171 2056 376 2100 dentibus
397 2070 518 2099 secus
539 2056 676 2110 viam,
704 2064 748 2099 et
769 2055 1056 2100 clamantibus
1077 2075 1086 2100 ι
1107 2054 1330 2112 Domine,
1357 2058 1495 2101 mise-

174 2141 278 2171 rere
298 2126 471 2180 nostri,
484 2123 569 2185 fili
586 2125 617 2170 I
617 2123 765 2170 kleid.

173 2287 208 2328 I.
241 2286 359 2328 BENE
390 2285 618 2329 nobiseum
652 2285 772 2329 novit
807 2285 1016 2330 Sanctitas
1050 2287 1199 2329 Vestra
1214 2320 1224 2339 ‚
1258 2286 1492 2330 Dominum

114 2364 311 2400 nostrum
328 2364 370 2399 et
390 2354 650 2399 Salvatorem
670 2358 818 2400 Jesum
834 2357 1057 2401 Christum
1079 2356 1297 2434 medicum
1316 2371 1405 2400 esse
1426 2373 1494 2401 sa-
