1898 3178
439 210 521 250 434
869 218 901 247 S.
939 218 1168 247 AUGUSTINI
1201 221 1381 247 EPISCOPI

436 292 561 330 Sexta
584 286 689 330 hora
704 284 892 338 vocaris,
911 284 1027 328 veni.
1056 282 1364 328 Paterfamilias
1387 282 1468 327 tibi
1485 281 1663 343 quidem
1685 283 1814 327 etiam

436 356 665 400 undecima
699 354 889 399 venienti
907 353 1134 398 denarium
1156 354 1378 414 promisit,
1401 352 1478 398 sed
1510 362 1659 397 utrum
1695 354 1814 398 vivas

435 442 574 487 usque
596 426 651 469 ad
673 425 928 484 septimam,
954 440 1084 469 nemo
1103 425 1182 469 tibi
1202 425 1415 484 promisit.
1439 426 1537 470 Non
1558 423 1656 468 dico
1678 438 1816 483 usque

434 498 489 541 ad
512 495 818 551 undecimam,
847 495 921 540 sed
946 511 1085 557 usque
1102 495 1157 540 ad
1175 495 1418 555 septimam.
1443 498 1587 548 Quare
1607 510 1710 554 ergo
1731 493 1817 538 dif-
1866 493 1871 518 ¹

435 567 521 611 fers
555 575 785 611 vocantem
805 575 872 622 te,
913 575 1055 611 certus
1091 567 1147 611 de
1168 565 1393 622 mercede,
1418 566 1608 610 incertus
1641 565 1696 609 de
1716 564 1818 609 die?
1865 569 1870 592 ’

436 637 547 682 Vide
568 653 624 682 ne
646 636 759 683 forte
779 638 901 698 quod
922 638 1000 683 tibi
1027 637 1102 682 ille
1123 638 1304 683 daturus
1325 646 1388 681 est
1410 635 1732 696 promittendo,
1767 644 1818 680 tu
1863 595 1869 682 l

436 708 516 752 tibi
537 707 703 753 auferas
725 708 984 755 differendo.
1004 709 1046 754 Si
1067 709 1150 754 hoc
1171 718 1287 752 recte
1305 707 1465 752 dicitur
1486 707 1542 752 de
1557 706 1814 762 infantibus,
1862 686 1868 782 Ι

436 787 646 857 tanquam
667 780 723 824 ad
739 779 891 824 horam
907 779 1091 839 primam
1113 778 1459 838 pertinentibu83
1474 777 1507 822 si
1525 786 1641 822 recte
1658 776 1819 821 dicitur
1861 790 1864 824 ῐ

435 847 490 892 (1θ
508 850 680 909 pueris,
707 859 917 911 tanquam
936 850 991 894 ad
1023 851 1177 894 horam
1199 849 1367 894 tertiam
1394 849 1746 909 pertinentibus.
1782 848 1818 893 si
1859 853 1864 918 Ι

434 930 550 965 recte
580 921 740 966 dicitur
770 921 825 966 de
842 921 1100 982 juvenibus,
1136 930 1345 981 tanquam
1374 921 1421 964 in
1442 921 1563 965 horae
1584 929 1712 965 sextae
1739 920 1818 964 ssa-
1858 923 1898 983 ξ«.

434 992 601 1050 grantia
620 991 866 1036 constitutis
885 1012 896 1049 3
915 1000 1082 1052 quanto
1102 991 1238 1050 magis
1252 1000 1367 1036 recte
1381 991 1436 1036 de
1458 991 1687 1051 decrepitis
1709 990 1818 1035 dici-

432 1070 504 1105 tur
524 1080 534 1106 ε
557 1065 672 1107 Ecce
688 1063 778 1122 jam
800 1063 907 1107 hora
929 1062 1161 1107 undecima
1189 1071 1274 1118 est,
1299 1071 1343 1107 et
1363 1061 1507 1106 adhuc
1531 1070 1615 1107 stas
1633 1097 1644 1118 ,
1669 1063 1819 1107 venire

432 1134 554 1192 piger
575 1148 619 1178 es
636 1135 654 1175 ⁶?
1868 1191 1870 1194 y
1891 1178 1894 1185 ,

490 1205 569 1247 ΙΧ.
592 1205 661 1247 An
683 1202 797 1247 forte
818 1218 907 1247 non
930 1203 1032 1247 exiit
1054 1203 1110 1247 ad
1132 1212 1175 1248 te
1205 1203 1451 1248 vocandum
1479 1202 1820 1262 paterfamilias?
1858 1210 1859 1213 ’

434 1274 476 1318 Si
507 1289 600 1318 non
628 1273 729 1317 exiit
747 1307 758 1328 ,
783 1272 891 1333 quid
913 1282 976 1317 est
1000 1272 1121 1332 quod
1147 1273 1398 1333 loquimur?
1421 1277 1588 1333 Nempe
1609 1289 1687 1319 nos
1709 1274 1819 1318 servi
1879 1278 1887 1289 ”

432 1344 487 1387 de
500 1342 662 1402 familia
680 1343 813 1402 ipsius
836 1358 999 1398 sumUS,
1023 1343 1268 1388 conducere
1282 1345 1499 1403 operarios
1511 1345 1628 1388 missi
1649 1359 1814 1389 sumus.

432 1413 549 1467 Quid
581 1427 682 1471 ergo
704 1415 820 1457 stas?
846 1413 999 1457 Finisti
1025 1415 1116 1472 jam
1139 1428 1352 1457 annorum
1376 1430 1608 1458 numerum
1626 1449 1637 1470 ,
1662 1413 1819 1460 festina

431 1484 486 1528 ad
508 1483 750 1527 denarium.
784 1485 877 1527 Hoc
906 1492 968 1527 est
998 1484 1113 1527 enim
1144 1484 1260 1527 exire
1284 1483 1661 1542 patremfamilias,
1687 1485 1817 1529 inno-
1880 1496 1896 1539 -j

433 1564 594 1598 tescere
615 1573 624 1599 :
649 1554 857 1613 quoniam
887 1553 963 1612 qui
1002 1554 1050 1596 in
1086 1554 1219 1597 domo
1251 1562 1315 1597 est
1335 1588 1345 1608 ,
1370 1553 1416 1597 in
1439 1554 1588 1599 abdito
1610 1563 1694 1610 est,
1728 1570 1818 1599 non

431 1624 604 1669 videtur
630 1624 685 1668 ab
708 1624 768 1667 eis
790 1623 865 1683 qui
888 1623 993 1666 foris
1015 1632 1117 1668 sunt
1135 1644 1147 1681 3
1171 1638 1273 1668 cum
1295 1632 1440 1668 autem
1462 1625 1564 1669 exiit
1585 1624 1640 1668 de
1660 1625 1814 1680 domo,
1865 1650 1887 1688 „t

431 1694 604 1740 videtur
626 1695 681 1739 ab
699 1695 758 1738 eis
781 1694 857 1754 qui
875 1692 979 1738 foris
997 1703 1114 1739 sunt.
1141 1695 1361 1749 Christus,
1382 1695 1560 1755 quando
1582 1711 1671 1741 non
1687 1696 1817 1741 intel-

430 1766 581 1825 ligitur
601 1774 645 1810 et
666 1780 756 1810 non
779 1765 1050 1843 agnoscitur,
1074 1765 1120 1809 in
1142 1774 1308 1809 Secreto
1331 1774 1434 1809 est:
1466 1765 1643 1826 quando
1671 1775 1816 1811 autem
1835 1779 1898 1824 unffi

432 1976 612 2036 gloriam
623 1976 783 2022 Christi
795 1977 941 2021 omnia
954 1992 1246 2036 quaecumque
1263 1986 1365 2021 sunt
1381 1978 1463 2021 sub
1478 1977 1591 2022 coelo
1607 1978 1812 2023 clamant.
1877 2031 1879 2033 ,

432 2051 534 2094 Fuit
566 2048 775 2093 irrisibilis
798 2047 991 2108 quodam
1015 2048 1145 2093 modo
1170 2056 1212 2091 ct
1230 2048 1578 2108 reprehensibilis
1600 2049 1713 2093 inter
1734 2052 1814 2094 Ju-
1845 2040 1898 2108 tlt

432 2120 549 2166 daeos
564 2121 704 2175 ,visus
725 2128 788 2164 est
806 2118 998 2174 humilis,
1025 2127 1300 2178 contemptus
1317 2128 1393 2163 est.
1419 2118 1680 2164 Occultabat
1701 2120 1815 2164 enim
1847 2116 1890 2180 *ἔῃ

432 2193 695 2251 majestatem
715 2225 725 2245 ,
752 2198 998 2249 promptam
1024 2188 1214 2233 habebat
1235 2190 1545 2234 infirmitatem.
1575 2192 1813 2250 Contemp-
1839 2205 1898 2254 ”Ji

432 2270 527 2305 tum
549 2270 612 2306 est
633 2260 754 2321 quod
775 2259 998 2305 occultum
1020 2268 1133 2314 erat,
1158 2275 1238 2304 nec
1261 2260 1486 2319 cognitum
1515 2261 1638 2320 quod
1667 2259 1814 2306 occul·-
1851 2279 1890 2323 εἷ]

435 2342 528 2377 tum
561 2341 666 2376 erat.
698 2350 718 2374 «
745 2332 787 2376 Si
821 2331 936 2375 enim
966 2330 1287 2389 cognovissent,
1325 2346 1551 2392 nunquam
1582 2332 1813 2376 Dominum
1852 2353 1898 2392 Μ

439 2421 458 2443 »
495 2403 644 2462 gloriae
675 2402 986 2447 crucifixissent
1006 2403 1037 2445 ¹.
1067 2419 1088 2443 »
1114 2401 1339 2462 Numquid
1362 2401 1505 2446 adhuc
1527 2411 1810 2447 contemnen-
1864 2389 1897 2456 as

1864 2452 1889 2467 *ει

436 2473 516 2517 dus
533 2483 596 2518 est
617 2472 769 2518 sedens
791 2473 837 2518 in
858 2471 992 2529 coelo,
1022 2471 1057 2517 si
1078 2480 1356 2532 contemptus
1377 2481 1440 2517 est
1456 2508 1466 2529 ,
1483 2488 1584 2518 cum
1607 2473 1811 2533 penderet
1862 2490 1896 2537 1:20

486 2565 492 2580 ¹
512 2562 584 2590 Cor.
601 2570 634 2598 11,
655 2559 687 2590 S.
1826 2566 1828 2570 ’

1821 2604 1827 2714 ἒ

1820 2719 1824 2787 ἐ

1820 2791 1823 2808 l
