<?xml version="1.0" encoding="UTF-8"?>
<!DOCTYPE html PUBLIC "-//W3C//DTD XHTML 1.0 Transitional//EN"
    "http://www.w3.org/TR/xhtml1/DTD/xhtml1-transitional.dtd">
<html xmlns="http://www.w3.org/1999/xhtml" xml:lang="en" lang="en">
 <head>
  <title>
</title>
<meta http-equiv="Content-Type" content="text/html;charset=utf-8" />
  <meta name='ocr-system' content='tesseract 3.04.00' />
  <meta name='ocr-capabilities' content='ocr_page ocr_carea ocr_par ocr_line ocrx_word'/>
</head>
<body>
  <div class='ocr_page' id='page_1' title='image "./operaomniaaccura18auguuoft_0161.png"; bbox 0 0 1898 3178; ppageno 0'>
   <div class='ocr_carea' id='block_1_1' title="bbox 0 0 48 3178">
    <p class='ocr_par' dir='ltr' id='par_1_1' title="bbox 0 0 48 3178">
     <span class='ocr_line' id='line_1_1' title="bbox 0 0 48 3178; baseline 0 0"><span class='ocrx_word' id='word_1_1' title='bbox 0 0 48 3178; x_wconf 95' lang='lat' dir='ltr'> </span> 
     </span>
    </p>
   </div>
   <div class='ocr_carea' id='block_1_2' title="bbox 361 186 1461 240">
    <p class='ocr_par' dir='ltr' id='par_1_2' title="bbox 361 186 1461 240">
     <span class='ocr_line' id='line_1_2' title="bbox 361 186 1461 240; baseline -0.005 -10"><span class='ocrx_word' id='word_1_2' title='bbox 361 203 498 230; x_wconf 67' lang='lat' dir='ltr'>sunmo</span> <span class='ocrx_word' id='word_1_3' title='bbox 530 202 612 240; x_wconf 79' lang='lat' dir='ltr'><strong>LII,</strong></span> <span class='ocrx_word' id='word_1_4' title='bbox 647 200 702 228; x_wconf 69' lang='grc' dir='ltr'>οε</span> <span class='ocrx_word' id='word_1_5' title='bbox 734 197 880 227; x_wconf 69' lang='lat' dir='ltr'>vuums</span> <span class='ocrx_word' id='word_1_6' title='bbox 911 197 1077 227; x_wconf 71' lang='grc' dir='ltr'><strong>ΜΑΤΤΗ.</strong></span> <span class='ocrx_word' id='word_1_7' title='bbox 1113 200 1180 226; x_wconf 92' lang='lat'>111.</span> <span class='ocrx_word' id='word_1_8' title='bbox 1380 186 1461 225; x_wconf 70' lang='lat'>151</span> 
     </span>
    </p>
   </div>
   <div class='ocr_carea' id='block_1_3' title="bbox 7 261 1475 2579">
    <p class='ocr_par' dir='ltr' id='par_1_3' title="bbox 7 261 1475 1739">
     <span class='ocr_line' id='line_1_3' title="bbox 87 261 1469 324; baseline -0.004 -12"><span class='ocrx_word' id='word_1_9' title='bbox 87 267 220 323; x_wconf 86' lang='lat' dir='ltr'>habes</span> <span class='ocrx_word' id='word_1_10' title='bbox 241 267 521 314; x_wconf 81' lang='lat' dir='ltr'><strong>memoriam?</strong></span> <span class='ocrx_word' id='word_1_11' title='bbox 544 266 586 310; x_wconf 90' lang='lat' dir='ltr'>Si</span> <span class='ocrx_word' id='word_1_12' title='bbox 610 279 700 309; x_wconf 91' lang='lat' dir='ltr'>non</span> <span class='ocrx_word' id='word_1_13' title='bbox 721 264 855 308; x_wconf 89' lang='lat' dir='ltr'>habes</span> <span class='ocrx_word' id='word_1_14' title='bbox 870 298 882 319; x_wconf 83' lang='lat'>,</span> <span class='ocrx_word' id='word_1_15' title='bbox 908 262 1030 324; x_wconf 86' lang='lat' dir='ltr'>quod</span> <span class='ocrx_word' id='word_1_16' title='bbox 1051 261 1137 308; x_wconf 83' lang='lat' dir='ltr'>dixi</span> <span class='ocrx_word' id='word_1_17' title='bbox 1158 263 1381 323; x_wconf 87' lang='lat' dir='ltr'>quomodo</span> <span class='ocrx_word' id='word_1_18' title='bbox 1404 272 1469 307; x_wconf 82' lang='lat' dir='ltr'>te-</span> 
     </span>
     <span class='ocr_line' id='line_1_4' title="bbox 86 331 1464 396; baseline -0.004 -13"><span class='ocrx_word' id='word_1_19' title='bbox 86 339 247 383; x_wconf 79' lang='lat' dir='ltr'>nuisti?</span> <span class='ocrx_word' id='word_1_20' title='bbox 270 337 354 382; x_wconf 86' lang='lat' dir='ltr'>Sed</span> <span class='ocrx_word' id='word_1_21' title='bbox 374 336 486 382; x_wconf 86' lang='lat' dir='ltr'>forte</span> <span class='ocrx_word' id='word_1_22' title='bbox 504 337 610 396; x_wconf 85' lang='lat' dir='ltr'>jam,</span> <span class='ocrx_word' id='word_1_23' title='bbox 635 334 757 394; x_wconf 89' lang='lat' dir='ltr'>quod</span> <span class='ocrx_word' id='word_1_24' title='bbox 787 333 918 393; x_wconf 90' lang='lat' dir='ltr'>paulo</span> <span class='ocrx_word' id='word_1_25' title='bbox 940 342 1039 378; x_wconf 91' lang='lat' dir='ltr'>ante</span> <span class='ocrx_word' id='word_1_26' title='bbox 1064 332 1153 377; x_wconf 88' lang='lat' dir='ltr'>dixi</span> <span class='ocrx_word' id='word_1_27' title='bbox 1168 368 1179 390; x_wconf 87' lang='lat'>,</span> <span class='ocrx_word' id='word_1_28' title='bbox 1213 331 1375 377; x_wconf 83' lang='lat' dir='ltr'>oblitus</span> <span class='ocrx_word' id='word_1_29' title='bbox 1407 349 1464 378; x_wconf 79' lang='lat' dir='ltr'>es.</span> 
     </span>
     <span class='ocr_line' id='line_1_5' title="bbox 86 401 1471 467; baseline -0.004 -14"><span class='ocrx_word' id='word_1_30' title='bbox 86 410 180 453; x_wconf 88' lang='lat' dir='ltr'>Hoc</span> <span class='ocrx_word' id='word_1_31' title='bbox 202 408 342 467; x_wconf 90' lang='lat' dir='ltr'>ipsum</span> <span class='ocrx_word' id='word_1_32' title='bbox 362 406 483 467; x_wconf 88' lang='lat' dir='ltr'>quod</span> <span class='ocrx_word' id='word_1_33' title='bbox 505 405 602 450; x_wconf 87' lang='lat' dir='ltr'>dico</span> <span class='ocrx_word' id='word_1_34' title='bbox 619 440 630 460; x_wconf 87' lang='lat'>‚</span> <span class='ocrx_word' id='word_1_35' title='bbox 659 423 679 447; x_wconf 90' lang='lat'>«</span> <span class='ocrx_word' id='word_1_36' title='bbox 706 403 793 447; x_wconf 83' lang='lat' dir='ltr'>dixi</span> <span class='ocrx_word' id='word_1_37' title='bbox 825 422 834 448; x_wconf 88' lang='lat'>:</span> <span class='ocrx_word' id='word_1_38' title='bbox 862 421 883 444; x_wconf 80' lang='grc'>»</span> <span class='ocrx_word' id='word_1_39' title='bbox 909 403 1017 447; x_wconf 89' lang='lat' dir='ltr'>duas</span> <span class='ocrx_word' id='word_1_40' title='bbox 1040 403 1141 448; x_wconf 83' lang='lat' dir='ltr'>istas</span> <span class='ocrx_word' id='word_1_41' title='bbox 1167 401 1356 461; x_wconf 83' lang='lat' dir='ltr'><strong>syllabas</strong></span> <span class='ocrx_word' id='word_1_42' title='bbox 1381 419 1471 448; x_wconf 86' lang='lat' dir='ltr'>non</span> 
     </span>
     <span class='ocr_line' id='line_1_6' title="bbox 85 469 1469 536; baseline -0.004 -14"><span class='ocrx_word' id='word_1_43' title='bbox 85 469 253 524; x_wconf 84' lang='lat' dir='ltr'>teneres</span> <span class='ocrx_word' id='word_1_44' title='bbox 268 511 279 532; x_wconf 88' lang='lat'><strong>‚</strong></span> <span class='ocrx_word' id='word_1_45' title='bbox 304 477 386 521; x_wconf 85' lang='lat' dir='ltr'>nisi</span> <span class='ocrx_word' id='word_1_46' title='bbox 409 491 486 536; x_wconf 90' lang='lat' dir='ltr'>per</span> <span class='ocrx_word' id='word_1_47' title='bbox 504 475 773 520; x_wconf 82' lang='lat' dir='ltr'>memoriam.</span> <span class='ocrx_word' id='word_1_48' title='bbox 799 471 927 518; x_wconf 86' lang='lat' dir='ltr'>Unde</span> <span class='ocrx_word' id='word_1_49' title='bbox 948 474 1065 517; x_wconf 91' lang='lat' dir='ltr'>enim</span> <span class='ocrx_word' id='word_1_50' title='bbox 1086 473 1213 518; x_wconf 82' lang='lat' dir='ltr'>scires</span> <span class='ocrx_word' id='word_1_51' title='bbox 1230 473 1337 526; x_wconf 87' lang='lat' dir='ltr'>duas</span> <span class='ocrx_word' id='word_1_52' title='bbox 1353 487 1443 518; x_wconf 90' lang='lat' dir='ltr'>esse</span> <span class='ocrx_word' id='word_1_53' title='bbox 1457 510 1469 530; x_wconf 86' lang='lat'><strong><em>‚</em></strong></span> 
     </span>
     <span class='ocr_line' id='line_1_7' title="bbox 84 543 1475 604; baseline -0.003 -11"><span class='ocrx_word' id='word_1_54' title='bbox 84 549 120 594; x_wconf 90' lang='lat' dir='ltr'>si</span> <span class='ocrx_word' id='word_1_55' title='bbox 135 557 316 597; x_wconf 88' lang='lat' dir='ltr'>sonante</span> <span class='ocrx_word' id='word_1_56' title='bbox 327 546 517 596; x_wconf 88' lang='lat' dir='ltr'>secunda</span> <span class='ocrx_word' id='word_1_57' title='bbox 533 546 694 592; x_wconf 88' lang='lat' dir='ltr'>oblitus</span> <span class='ocrx_word' id='word_1_58' title='bbox 709 559 820 589; x_wconf 89' lang='lat' dir='ltr'>esses</span> <span class='ocrx_word' id='word_1_59' title='bbox 831 543 1018 604; x_wconf 87' lang='lat' dir='ltr'>primam</span> <span class='ocrx_word' id='word_1_60' title='bbox 1034 546 1052 588; x_wconf 79' lang='lat' dir='ltr'>P</span> <span class='ocrx_word' id='word_1_61' title='bbox 1067 543 1183 597; x_wconf 84' lang='lat' dir='ltr'>Quid</span> <span class='ocrx_word' id='word_1_62' title='bbox 1197 559 1298 603; x_wconf 86' lang='lat' dir='ltr'>ergo</span> <span class='ocrx_word' id='word_1_63' title='bbox 1313 543 1475 590; x_wconf 89' lang='lat' dir='ltr'>diutius</span> 
     </span>
     <span class='ocr_line' id='line_1_8' title="bbox 73 613 1474 675; baseline -0.003 -12"><span class='ocrx_word' id='word_1_64' title='bbox 73 619 319 675; x_wconf 81' lang='lat' dir='ltr'>immoror?</span> <span class='ocrx_word' id='word_1_65' title='bbox 341 620 485 671; x_wconf 84' lang='lat' dir='ltr'><strong>Quare</strong></span> <span class='ocrx_word' id='word_1_66' title='bbox 507 617 567 662; x_wconf 89' lang='lat' dir='ltr'>sic</span> <span class='ocrx_word' id='word_1_67' title='bbox 584 617 773 675; x_wconf 82' lang='lat' dir='ltr'>urgeor?</span> <span class='ocrx_word' id='word_1_68' title='bbox 790 617 934 668; x_wconf 85' lang='lat' dir='ltr'><strong>Quare</strong></span> <span class='ocrx_word' id='word_1_69' title='bbox 950 613 1010 659; x_wconf 87' lang='lat' dir='ltr'>sic</span> <span class='ocrx_word' id='word_1_70' title='bbox 1032 629 1165 674; x_wconf 85' lang='lat' dir='ltr'>cogor</span> <span class='ocrx_word' id='word_1_71' title='bbox 1188 615 1474 661; x_wconf 79' lang='lat' dir='ltr'>convincere?</span> 
     </span>
     <span class='ocr_line' id='line_1_9' title="bbox 83 685 1474 747; baseline -0.001 -13"><span class='ocrx_word' id='word_1_72' title='bbox 83 688 365 747; x_wconf 68' lang='lat' dir='ltr'>Manifestum</span> <span class='ocrx_word' id='word_1_73' title='bbox 390 698 479 745; x_wconf 88' lang='lat' dir='ltr'>est,</span> <span class='ocrx_word' id='word_1_74' title='bbox 505 688 637 734; x_wconf 88' lang='lat' dir='ltr'>habes</span> <span class='ocrx_word' id='word_1_75' title='bbox 660 685 930 739; x_wconf 84' lang='lat' dir='ltr'>memoriam.</span> <span class='ocrx_word' id='word_1_76' title='bbox 962 687 1123 739; x_wconf 84' lang='lat' dir='ltr'>Quaero</span> <span class='ocrx_word' id='word_1_77' title='bbox 1155 685 1303 732; x_wconf 86' lang='lat' dir='ltr'>aliud:</span> <span class='ocrx_word' id='word_1_78' title='bbox 1328 687 1474 732; x_wconf 90' lang='lat' dir='ltr'>Habes</span> 
     </span>
     <span class='ocr_line' id='line_1_10' title="bbox 82 756 1474 820; baseline 0 -16"><span class='ocrx_word' id='word_1_79' title='bbox 82 759 385 814; x_wconf 77' lang='lat' dir='ltr'>intellectum?</span> <span class='ocrx_word' id='word_1_80' title='bbox 403 761 553 805; x_wconf 90' lang='lat' dir='ltr'>Habeo</span> <span class='ocrx_word' id='word_1_81' title='bbox 571 795 582 815; x_wconf 92' lang='lat'>,</span> <span class='ocrx_word' id='word_1_82' title='bbox 607 760 766 820; x_wconf 77' lang='lat' dir='ltr'>inquis.</span> <span class='ocrx_word' id='word_1_83' title='bbox 789 758 834 804; x_wconf 88' lang='lat' dir='ltr'>Si</span> <span class='ocrx_word' id='word_1_84' title='bbox 854 757 972 803; x_wconf 89' lang='lat' dir='ltr'>enim</span> <span class='ocrx_word' id='word_1_85' title='bbox 992 772 1084 802; x_wconf 90' lang='lat' dir='ltr'>non</span> <span class='ocrx_word' id='word_1_86' title='bbox 1104 756 1286 803; x_wconf 87' lang='lat' dir='ltr'>haberes</span> <span class='ocrx_word' id='word_1_87' title='bbox 1303 774 1474 804; x_wconf 88' lang='lat' dir='ltr'>memo-</span> 
     </span>
     <span class='ocr_line' id='line_1_11' title="bbox 82 822 1471 890; baseline 0 -16"><span class='ocrx_word' id='word_1_88' title='bbox 82 831 192 886; x_wconf 76' lang='lat' dir='ltr'>riam</span> <span class='ocrx_word' id='word_1_89' title='bbox 206 865 218 887; x_wconf 86' lang='lat'>‚</span> <span class='ocrx_word' id='word_1_90' title='bbox 240 846 331 877; x_wconf 92' lang='lat' dir='ltr'>non</span> <span class='ocrx_word' id='word_1_91' title='bbox 350 837 520 875; x_wconf 84' lang='lat' dir='ltr'>teneres</span> <span class='ocrx_word' id='word_1_92' title='bbox 539 829 660 890; x_wconf 86' lang='lat' dir='ltr'>quod</span> <span class='ocrx_word' id='word_1_93' title='bbox 676 822 768 874; x_wconf 85' lang='lat' dir='ltr'>dixi</span> <span class='ocrx_word' id='word_1_94' title='bbox 789 847 799 875; x_wconf 81' lang='lat'>2</span> <span class='ocrx_word' id='word_1_95' title='bbox 817 829 852 873; x_wconf 91' lang='lat' dir='ltr'>si</span> <span class='ocrx_word' id='word_1_96' title='bbox 873 843 964 873; x_wconf 91' lang='lat' dir='ltr'>non</span> <span class='ocrx_word' id='word_1_97' title='bbox 979 827 1161 873; x_wconf 89' lang='lat' dir='ltr'>haberes</span> <span class='ocrx_word' id='word_1_98' title='bbox 1175 828 1471 885; x_wconf 84' lang='lat' dir='ltr'>intellectum,</span> 
     </span>
     <span class='ocr_line' id='line_1_12' title="bbox 80 898 1475 961; baseline -0.001 -16"><span class='ocrx_word' id='word_1_99' title='bbox 80 915 172 960; x_wconf 71' lang='lat' dir='ltr'>non</span> <span class='ocrx_word' id='word_1_100' title='bbox 193 915 445 960; x_wconf 84' lang='lat' dir='ltr'>agnosceres</span> <span class='ocrx_word' id='word_1_101' title='bbox 467 899 590 961; x_wconf 89' lang='lat' dir='ltr'>quod</span> <span class='ocrx_word' id='word_1_102' title='bbox 611 899 807 952; x_wconf 85' lang='lat' dir='ltr'>tenuisti.</span> <span class='ocrx_word' id='word_1_103' title='bbox 831 899 976 943; x_wconf 88' lang='lat' dir='ltr'>Habes</span> <span class='ocrx_word' id='word_1_104' title='bbox 998 907 1041 943; x_wconf 86' lang='lat' dir='ltr'>et</span> <span class='ocrx_word' id='word_1_105' title='bbox 1068 899 1170 944; x_wconf 86' lang='lat' dir='ltr'>hoe.</span> <span class='ocrx_word' id='word_1_106' title='bbox 1194 898 1475 944; x_wconf 80' lang='lat' dir='ltr'>Intellectum</span> 
     </span>
     <span class='ocr_line' id='line_1_13' title="bbox 7 965 1475 1031; baseline -0.001 -16"><span class='ocrx_word' id='word_1_107' title='bbox 7 995 12 1010; x_wconf 71' lang='lat'>‚</span> <span class='ocrx_word' id='word_1_108' title='bbox 73 965 210 1015; x_wconf 58' lang='lat' dir='ltr'>[tuum</span> <span class='ocrx_word' id='word_1_109' title='bbox 239 971 295 1016; x_wconf 86' lang='lat' dir='ltr'>ad</span> <span class='ocrx_word' id='word_1_110' title='bbox 325 969 370 1015; x_wconf 89' lang='lat' dir='ltr'>id</span> <span class='ocrx_word' id='word_1_111' title='bbox 392 970 512 1031; x_wconf 89' lang='lat' dir='ltr'>quod</span> <span class='ocrx_word' id='word_1_112' title='bbox 541 971 658 1019; x_wconf 90' lang='lat' dir='ltr'>intus</span> <span class='ocrx_word' id='word_1_113' title='bbox 681 979 802 1014; x_wconf 90' lang='lat' dir='ltr'>tenes</span> <span class='ocrx_word' id='word_1_114' title='bbox 818 1005 829 1025; x_wconf 88' lang='lat'><strong>‚</strong></span> <span class='ocrx_word' id='word_1_115' title='bbox 867 984 1043 1014; x_wconf 88' lang='lat' dir='ltr'>revocas</span> <span class='ocrx_word' id='word_1_116' title='bbox 1063 1004 1074 1024; x_wconf 88' lang='lat'>‚</span> <span class='ocrx_word' id='word_1_117' title='bbox 1100 978 1144 1014; x_wconf 91' lang='lat' dir='ltr'>et</span> <span class='ocrx_word' id='word_1_118' title='bbox 1157 968 1305 1025; x_wconf 81' lang='lat' dir='ltr'>vides,</span> <span class='ocrx_word' id='word_1_119' title='bbox 1330 978 1373 1014; x_wconf 92' lang='lat' dir='ltr'>et</span> <span class='ocrx_word' id='word_1_120' title='bbox 1407 971 1475 1014; x_wconf 93' lang='lat' dir='ltr'>vi-</span> 
     </span>
     <span class='ocr_line' id='line_1_14' title="bbox 81 1039 1475 1101; baseline -0.001 -15"><span class='ocrx_word' id='word_1_121' title='bbox 81 1040 226 1089; x_wconf 88' lang='lat' dir='ltr'>dendo</span> <span class='ocrx_word' id='word_1_122' title='bbox 247 1039 444 1086; x_wconf 85' lang='lat' dir='ltr'>formaris</span> <span class='ocrx_word' id='word_1_123' title='bbox 460 1076 471 1097; x_wconf 88' lang='lat'>‚</span> <span class='ocrx_word' id='word_1_124' title='bbox 489 1051 539 1085; x_wconf 91' lang='lat' dir='ltr'>ut</span> <span class='ocrx_word' id='word_1_125' title='bbox 561 1041 697 1085; x_wconf 88' lang='lat' dir='ltr'>sciens</span> <span class='ocrx_word' id='word_1_126' title='bbox 718 1040 888 1085; x_wconf 74' lang='lat' dir='ltr'>dicar1s.</span> <span class='ocrx_word' id='word_1_127' title='bbox 917 1040 1112 1093; x_wconf 84' lang='lat' dir='ltr'>Tertium</span> <span class='ocrx_word' id='word_1_128' title='bbox 1130 1056 1280 1101; x_wconf 85' lang='lat' dir='ltr'>quaero</span> <span class='ocrx_word' id='word_1_129' title='bbox 1298 1059 1307 1086; x_wconf 75' lang='grc' dir='ltr'>ε</span> <span class='ocrx_word' id='word_1_130' title='bbox 1329 1041 1475 1085; x_wconf 89' lang='lat' dir='ltr'>Habes</span> 
     </span>
     <span class='ocr_line' id='line_1_15' title="bbox 78 1111 1469 1173; baseline 0 -16"><span class='ocrx_word' id='word_1_131' title='bbox 78 1112 332 1161; x_wconf 88' lang='lat' dir='ltr'>memoriam</span> <span class='ocrx_word' id='word_1_132' title='bbox 345 1148 356 1168; x_wconf 93' lang='lat'>‚</span> <span class='ocrx_word' id='word_1_133' title='bbox 381 1128 468 1173; x_wconf 91' lang='lat' dir='ltr'>qua</span> <span class='ocrx_word' id='word_1_134' title='bbox 491 1121 638 1157; x_wconf 89' lang='lat' dir='ltr'>teneas</span> <span class='ocrx_word' id='word_1_135' title='bbox 660 1111 782 1172; x_wconf 88' lang='lat' dir='ltr'>quod</span> <span class='ocrx_word' id='word_1_136' title='bbox 804 1111 964 1156; x_wconf 87' lang='lat' dir='ltr'>dicitur</span> <span class='ocrx_word' id='word_1_137' title='bbox 979 1147 990 1168; x_wconf 88' lang='lat'>,</span> <span class='ocrx_word' id='word_1_138' title='bbox 1011 1112 1148 1156; x_wconf 86' lang='lat' dir='ltr'>habes</span> <span class='ocrx_word' id='word_1_139' title='bbox 1168 1111 1439 1157; x_wconf 87' lang='lat' dir='ltr'>intellectum</span> <span class='ocrx_word' id='word_1_140' title='bbox 1457 1147 1469 1169; x_wconf 82' lang='lat'>‚</span> 
     </span>
     <span class='ocr_line' id='line_1_16' title="bbox 13 1180 1467 1244; baseline 0.001 -19"><span class='ocrx_word' id='word_1_141' title='bbox 13 1203 16 1225; x_wconf 70' lang='grc' dir='ltr'><strong><em>ι</em></strong></span> <span class='ocrx_word' id='word_1_142' title='bbox 78 1198 167 1243; x_wconf 91' lang='lat' dir='ltr'>quo</span> <span class='ocrx_word' id='word_1_143' title='bbox 185 1181 400 1240; x_wconf 87' lang='lat' dir='ltr'>intelligas</span> <span class='ocrx_word' id='word_1_144' title='bbox 413 1181 534 1243; x_wconf 90' lang='lat' dir='ltr'>quod</span> <span class='ocrx_word' id='word_1_145' title='bbox 553 1191 728 1226; x_wconf 91' lang='lat' dir='ltr'>tenetur</span> <span class='ocrx_word' id='word_1_146' title='bbox 745 1203 758 1240; x_wconf 76' lang='lat'><em>3</em></span> <span class='ocrx_word' id='word_1_147' title='bbox 773 1180 828 1226; x_wconf 89' lang='lat' dir='ltr'>de</span> <span class='ocrx_word' id='word_1_148' title='bbox 843 1182 911 1226; x_wconf 89' lang='lat' dir='ltr'>his</span> <span class='ocrx_word' id='word_1_149' title='bbox 930 1182 1105 1227; x_wconf 90' lang='lat' dir='ltr'>duobus</span> <span class='ocrx_word' id='word_1_150' title='bbox 1122 1182 1298 1244; x_wconf 87' lang='lat' dir='ltr'>requiro</span> <span class='ocrx_word' id='word_1_151' title='bbox 1317 1182 1393 1226; x_wconf 90' lang='lat' dir='ltr'>abs</span> <span class='ocrx_word' id='word_1_152' title='bbox 1408 1191 1467 1227; x_wconf 89' lang='lat' dir='ltr'>te.</span> 
     </span>
     <span class='ocr_line' id='line_1_17' title="bbox 78 1251 1472 1313; baseline 0.001 -16"><span class='ocrx_word' id='word_1_153' title='bbox 78 1251 240 1302; x_wconf 87' lang='lat' dir='ltr'>Volens</span> <span class='ocrx_word' id='word_1_154' title='bbox 254 1252 430 1296; x_wconf 89' lang='lat' dir='ltr'>tenuisti</span> <span class='ocrx_word' id='word_1_155' title='bbox 443 1262 486 1296; x_wconf 91' lang='lat' dir='ltr'>et</span> <span class='ocrx_word' id='word_1_156' title='bbox 502 1251 782 1296; x_wconf 79' lang='lat' dir='ltr'>intellexisti?</span> <span class='ocrx_word' id='word_1_157' title='bbox 799 1252 958 1296; x_wconf 89' lang='lat' dir='ltr'>Volens</span> <span class='ocrx_word' id='word_1_158' title='bbox 975 1252 1127 1312; x_wconf 83' lang='lat' dir='ltr'>plane,</span> <span class='ocrx_word' id='word_1_159' title='bbox 1147 1253 1307 1313; x_wconf 88' lang='lat' dir='ltr'>inquis.</span> <span class='ocrx_word' id='word_1_160' title='bbox 1326 1253 1472 1298; x_wconf 88' lang='lat' dir='ltr'>Habes</span> 
     </span>
     <span class='ocr_line' id='line_1_18' title="bbox 10 1322 1471 1384; baseline 0.001 -15"><span class='ocrx_word' id='word_1_161' title='bbox 10 1342 16 1369; x_wconf 77' lang='grc' dir='ltr'><em>τ</em></span> <span class='ocrx_word' id='word_1_162' title='bbox 78 1339 182 1383; x_wconf 78' lang='lat' dir='ltr'>ergo</span> <span class='ocrx_word' id='word_1_163' title='bbox 205 1322 492 1368; x_wconf 89' lang='lat' dir='ltr'>voluntatem.</span> <span class='ocrx_word' id='word_1_164' title='bbox 528 1325 632 1367; x_wconf 83' lang='lat' dir='ltr'>Haec</span> <span class='ocrx_word' id='word_1_165' title='bbox 651 1331 754 1367; x_wconf 90' lang='lat' dir='ltr'>sunt</span> <span class='ocrx_word' id='word_1_166' title='bbox 775 1323 856 1367; x_wconf 87' lang='lat' dir='ltr'>tria</span> <span class='ocrx_word' id='word_1_167' title='bbox 872 1357 884 1379; x_wconf 83' lang='lat'><strong>,</strong></span> <span class='ocrx_word' id='word_1_168' title='bbox 908 1338 1009 1384; x_wconf 74' lang='lat' dir='ltr'>quae</span> <span class='ocrx_word' id='word_1_169' title='bbox 1041 1338 1111 1367; x_wconf 90' lang='lat' dir='ltr'>me</span> <span class='ocrx_word' id='word_1_170' title='bbox 1134 1322 1358 1368; x_wconf 88' lang='lat' dir='ltr'>dicturum</span> <span class='ocrx_word' id='word_1_171' title='bbox 1381 1340 1471 1370; x_wconf 90' lang='lat' dir='ltr'>esse</span> 
     </span>
     <span class='ocr_line' id='line_1_19' title="bbox 76 1394 1471 1455; baseline -0.004 -8"><span class='ocrx_word' id='word_1_172' title='bbox 76 1395 361 1455; x_wconf 69' lang='lat' dir='ltr'>pmmiseram</span> <span class='ocrx_word' id='word_1_173' title='bbox 382 1394 561 1439; x_wconf 87' lang='lat' dir='ltr'>auribus</span> <span class='ocrx_word' id='word_1_174' title='bbox 583 1403 627 1438; x_wconf 90' lang='lat' dir='ltr'>et</span> <span class='ocrx_word' id='word_1_175' title='bbox 647 1394 868 1439; x_wconf 91' lang='lat' dir='ltr'>mentibus</span> <span class='ocrx_word' id='word_1_176' title='bbox 889 1395 1056 1440; x_wconf 88' lang='lat' dir='ltr'>vestris.</span> <span class='ocrx_word' id='word_1_177' title='bbox 1079 1395 1177 1440; x_wconf 90' lang='lat' dir='ltr'>Tria</span> <span class='ocrx_word' id='word_1_178' title='bbox 1187 1395 1283 1440; x_wconf 86' lang='lat' dir='ltr'>haec</span> <span class='ocrx_word' id='word_1_179' title='bbox 1304 1406 1408 1441; x_wconf 90' lang='lat' dir='ltr'>sunt</span> <span class='ocrx_word' id='word_1_180' title='bbox 1424 1397 1471 1441; x_wconf 91' lang='lat' dir='ltr'>in</span> 
     </span>
     <span class='ocr_line' id='line_1_20' title="bbox 12 1469 1470 1527; baseline 0.001 -17"><span class='ocrx_word' id='word_1_181' title='bbox 12 1519 15 1526; x_wconf 16' lang='grc' dir='ltr'><strong>Ἰ</strong></span> <span class='ocrx_word' id='word_1_182' title='bbox 79 1475 148 1522; x_wconf 86' lang='lat' dir='ltr'>te,</span> <span class='ocrx_word' id='word_1_183' title='bbox 179 1480 279 1526; x_wconf 72' lang='lat' dir='ltr'>quae</span> <span class='ocrx_word' id='word_1_184' title='bbox 310 1473 433 1525; x_wconf 89' lang='lat' dir='ltr'>potes</span> <span class='ocrx_word' id='word_1_185' title='bbox 464 1479 723 1521; x_wconf 83' lang='lat' dir='ltr'>numerare,</span> <span class='ocrx_word' id='word_1_186' title='bbox 765 1473 809 1509; x_wconf 91' lang='lat' dir='ltr'>et</span> <span class='ocrx_word' id='word_1_187' title='bbox 837 1480 928 1510; x_wconf 89' lang='lat' dir='ltr'>non</span> <span class='ocrx_word' id='word_1_188' title='bbox 960 1474 1084 1526; x_wconf 90' lang='lat' dir='ltr'>potes</span> <span class='ocrx_word' id='word_1_189' title='bbox 1112 1481 1326 1527; x_wconf 89' lang='lat' dir='ltr'>separare.</span> <span class='ocrx_word' id='word_1_190' title='bbox 1363 1469 1470 1512; x_wconf 85' lang='lat' dir='ltr'>Haec</span> 
     </span>
     <span class='ocr_line' id='line_1_21' title="bbox 20 1535 1465 1595; baseline 0 -15"><span class='ocrx_word' id='word_1_191' title='bbox 20 1563 21 1568; x_wconf 63' lang='lat'><em>=</em></span> <span class='ocrx_word' id='word_1_192' title='bbox 62 1550 179 1595; x_wconf 13' lang='lat' dir='ltr'>bergo,</span> <span class='ocrx_word' id='word_1_193' title='bbox 201 1536 284 1583; x_wconf 88' lang='lat' dir='ltr'>tria</span> <span class='ocrx_word' id='word_1_194' title='bbox 299 1571 312 1593; x_wconf 90' lang='lat'>,</span> <span class='ocrx_word' id='word_1_195' title='bbox 336 1536 592 1582; x_wconf 86' lang='lat' dir='ltr'>memoriam</span> <span class='ocrx_word' id='word_1_196' title='bbox 606 1571 617 1592; x_wconf 85' lang='lat'>,</span> <span class='ocrx_word' id='word_1_197' title='bbox 641 1535 916 1581; x_wconf 90' lang='lat' dir='ltr'>intellectum</span> <span class='ocrx_word' id='word_1_198' title='bbox 931 1572 943 1593; x_wconf 89' lang='lat'>,</span> <span class='ocrx_word' id='word_1_199' title='bbox 966 1546 1010 1582; x_wconf 89' lang='lat' dir='ltr'>et</span> <span class='ocrx_word' id='word_1_200' title='bbox 1020 1537 1320 1595; x_wconf 88' lang='lat' dir='ltr'>voluntatem;</span> <span class='ocrx_word' id='word_1_201' title='bbox 1341 1538 1438 1581; x_wconf 89' lang='lat' dir='ltr'>haec</span> <span class='ocrx_word' id='word_1_202' title='bbox 1453 1573 1465 1593; x_wconf 87' lang='lat'><strong><em>‚</em></strong></span> 
     </span>
     <span class='ocr_line' id='line_1_22' title="bbox 76 1606 1466 1669; baseline 0.003 -18"><span class='ocrx_word' id='word_1_203' title='bbox 76 1607 259 1667; x_wconf 87' lang='lat' dir='ltr'>inquam</span> <span class='ocrx_word' id='word_1_204' title='bbox 273 1642 285 1663; x_wconf 87' lang='lat'>,</span> <span class='ocrx_word' id='word_1_205' title='bbox 311 1607 393 1653; x_wconf 91' lang='lat' dir='ltr'>tria</span> <span class='ocrx_word' id='word_1_206' title='bbox 412 1606 710 1652; x_wconf 87' lang='lat' dir='ltr'>animadverte</span> <span class='ocrx_word' id='word_1_207' title='bbox 730 1608 960 1667; x_wconf 85' lang='lat' dir='ltr'>separatim</span> <span class='ocrx_word' id='word_1_208' title='bbox 979 1607 1282 1667; x_wconf 83' lang='lat' dir='ltr'>pronuntiari3</span> <span class='ocrx_word' id='word_1_209' title='bbox 1301 1607 1466 1669; x_wconf 86' lang='lat' dir='ltr'>insepa-</span> 
     </span>
     <span class='ocr_line' id='line_1_23' title="bbox 75 1677 471 1739; baseline 0 -16"><span class='ocrx_word' id='word_1_210' title='bbox 75 1677 270 1725; x_wconf 83' lang='lat' dir='ltr'>rabiliter</span> <span class='ocrx_word' id='word_1_211' title='bbox 286 1679 471 1739; x_wconf 89' lang='lat' dir='ltr'>operari.</span> 
     </span>
    </p>

    <p class='ocr_par' dir='ltr' id='par_1_4' title="bbox 11 1747 1469 2579">
     <span class='ocr_line' id='line_1_24' title="bbox 135 1747 1467 1810; baseline 0.002 -18"><span class='ocrx_word' id='word_1_212' title='bbox 135 1750 234 1792; x_wconf 85' lang='lat' dir='ltr'>XX.</span> <span class='ocrx_word' id='word_1_213' title='bbox 253 1748 406 1794; x_wconf 85' lang='lat' dir='ltr'>Aderit</span> <span class='ocrx_word' id='word_1_214' title='bbox 422 1749 632 1793; x_wconf 87' lang='lat' dir='ltr'>Dominus</span> <span class='ocrx_word' id='word_1_215' title='bbox 649 1783 660 1804; x_wconf 84' lang='lat'><strong>‚</strong></span> <span class='ocrx_word' id='word_1_216' title='bbox 680 1757 725 1793; x_wconf 90' lang='lat' dir='ltr'>et</span> <span class='ocrx_word' id='word_1_217' title='bbox 736 1748 864 1794; x_wconf 91' lang='lat' dir='ltr'>video</span> <span class='ocrx_word' id='word_1_218' title='bbox 876 1747 998 1810; x_wconf 92' lang='lat' dir='ltr'>quod</span> <span class='ocrx_word' id='word_1_219' title='bbox 1010 1747 1120 1793; x_wconf 87' lang='lat' dir='ltr'>adsit</span> <span class='ocrx_word' id='word_1_220' title='bbox 1140 1766 1150 1793; x_wconf 90' lang='lat'>:</span> <span class='ocrx_word' id='word_1_221' title='bbox 1171 1763 1223 1792; x_wconf 88' lang='lat' dir='ltr'>ex</span> <span class='ocrx_word' id='word_1_222' title='bbox 1238 1748 1467 1800; x_wconf 88' lang='lat' dir='ltr'>intellectu</span> 
     </span>
     <span class='ocr_line' id='line_1_25' title="bbox 76 1817 1463 1878; baseline 0.002 -14"><span class='ocrx_word' id='word_1_223' title='bbox 76 1827 219 1869; x_wconf 82' lang='lat' dir='ltr'>vestro</span> <span class='ocrx_word' id='word_1_224' title='bbox 240 1817 438 1878; x_wconf 85' lang='lat' dir='ltr'>intelligo</span> <span class='ocrx_word' id='word_1_225' title='bbox 460 1834 558 1863; x_wconf 88' lang='lat' dir='ltr'>eum</span> <span class='ocrx_word' id='word_1_226' title='bbox 584 1819 746 1864; x_wconf 89' lang='lat' dir='ltr'>adesse.</span> <span class='ocrx_word' id='word_1_227' title='bbox 771 1820 839 1864; x_wconf 89' lang='lat' dir='ltr'>Ex</span> <span class='ocrx_word' id='word_1_228' title='bbox 859 1818 926 1864; x_wconf 91' lang='lat' dir='ltr'>his</span> <span class='ocrx_word' id='word_1_229' title='bbox 947 1819 1063 1864; x_wconf 90' lang='lat' dir='ltr'>enim</span> <span class='ocrx_word' id='word_1_230' title='bbox 1081 1819 1264 1864; x_wconf 89' lang='lat' dir='ltr'>vocibus</span> <span class='ocrx_word' id='word_1_231' title='bbox 1284 1822 1436 1866; x_wconf 88' lang='lat' dir='ltr'>vestris</span> <span class='ocrx_word' id='word_1_232' title='bbox 1451 1857 1463 1878; x_wconf 82' lang='lat'><strong>,</strong></span> 
     </span>
     <span class='ocr_line' id='line_1_26' title="bbox 69 1887 1467 1950; baseline 0.003 -18"><span class='ocrx_word' id='word_1_233' title='bbox 69 1887 450 1950; x_wconf 75' lang='lat' dir='ltr'>¹quemadmodum</span> <span class='ocrx_word' id='word_1_234' title='bbox 464 1888 760 1934; x_wconf 83' lang='lat' dir='ltr'>intellexeritis</span> <span class='ocrx_word' id='word_1_235' title='bbox 772 1923 784 1943; x_wconf 88' lang='lat'>‚</span> <span class='ocrx_word' id='word_1_236' title='bbox 816 1888 1019 1941; x_wconf 90' lang='lat' dir='ltr'>adverto;</span> <span class='ocrx_word' id='word_1_237' title='bbox 1038 1904 1255 1948; x_wconf 87' lang='lat' dir='ltr'>praesumo</span> <span class='ocrx_word' id='word_1_238' title='bbox 1269 1906 1371 1936; x_wconf 91' lang='lat' dir='ltr'>eum</span> <span class='ocrx_word' id='word_1_239' title='bbox 1388 1892 1467 1936; x_wconf 93' lang='lat' dir='ltr'>ad-</span> 
     </span>
     <span class='ocr_line' id='line_1_27' title="bbox 23 1958 1463 2020; baseline 0.001 -17"><span class='ocrx_word' id='word_1_240' title='bbox 23 2006 25 2014; x_wconf 44' lang='lat'>,</span> <span class='ocrx_word' id='word_1_241' title='bbox 60 2004 62 2009; x_wconf 81' lang='grc'>,</span> <span class='ocrx_word' id='word_1_242' title='bbox 71 1960 273 2020; x_wconf 84' lang='lat' dir='ltr'>juturum</span> <span class='ocrx_word' id='word_1_243' title='bbox 288 1993 299 2014; x_wconf 85' lang='lat'><strong>,</strong></span> <span class='ocrx_word' id='word_1_244' title='bbox 321 1967 372 2003; x_wconf 92' lang='lat' dir='ltr'>ut</span> <span class='ocrx_word' id='word_1_245' title='bbox 393 1958 538 2004; x_wconf 86' lang='lat' dir='ltr'>omnia</span> <span class='ocrx_word' id='word_1_246' title='bbox 561 1958 826 2018; x_wconf 83' lang='lat' dir='ltr'>intelligatis.</span> <span class='ocrx_word' id='word_1_247' title='bbox 850 1959 947 2003; x_wconf 88' lang='lat' dir='ltr'>Tria</span> <span class='ocrx_word' id='word_1_248' title='bbox 966 1959 1145 2018; x_wconf 90' lang='lat' dir='ltr'>promisi</span> <span class='ocrx_word' id='word_1_249' title='bbox 1166 1960 1463 2018; x_wconf 87' lang='lat' dir='ltr'>separabiliter</span> 
     </span>
     <span class='ocr_line' id='line_1_28' title="bbox 54 2022 1464 2089; baseline 0.002 -16"><span class='ocrx_word' id='word_1_250' title='bbox 54 2022 364 2075; x_wconf 63' lang='lat' dir='ltr'>‘demonstrari</span> <span class='ocrx_word' id='word_1_251' title='bbox 382 2065 394 2085; x_wconf 83' lang='lat'>,</span> <span class='ocrx_word' id='word_1_252' title='bbox 449 2029 791 2089; x_wconf 81' lang='lat' dir='ltr'>inseparabiliter</span> <span class='ocrx_word' id='word_1_253' title='bbox 832 2029 1015 2089; x_wconf 88' lang='lat' dir='ltr'>operari.</span> <span class='ocrx_word' id='word_1_254' title='bbox 1060 2032 1174 2074; x_wconf 86' lang='lat' dir='ltr'>Ecce</span> <span class='ocrx_word' id='word_1_255' title='bbox 1215 2029 1464 2076; x_wconf 89' lang='lat' dir='ltr'>nesciebam</span> 
     </span>
     <span class='ocr_line' id='line_1_29' title="bbox 55 2098 1462 2161; baseline 0.001 -17"><span class='ocrx_word' id='word_1_256' title='bbox 55 2099 182 2161; x_wconf 39' lang='lat' dir='ltr'>‘quid</span> <span class='ocrx_word' id='word_1_257' title='bbox 213 2109 323 2145; x_wconf 86' lang='lat' dir='ltr'>esset</span> <span class='ocrx_word' id='word_1_258' title='bbox 353 2101 399 2144; x_wconf 90' lang='lat' dir='ltr'>in</span> <span class='ocrx_word' id='word_1_259' title='bbox 431 2101 576 2146; x_wconf 87' lang='lat' dir='ltr'>animo</span> <span class='ocrx_word' id='word_1_260' title='bbox 618 2109 722 2156; x_wconf 84' lang='lat' dir='ltr'>tuo,</span> <span class='ocrx_word' id='word_1_261' title='bbox 764 2098 1071 2152; x_wconf 79' lang='lat' dir='ltr'>demonstrasti</span> <span class='ocrx_word' id='word_1_262' title='bbox 1095 2099 1204 2143; x_wconf 88' lang='lat' dir='ltr'>mihi</span> <span class='ocrx_word' id='word_1_263' title='bbox 1230 2099 1419 2146; x_wconf 88' lang='lat' dir='ltr'>dicendo</span> <span class='ocrx_word' id='word_1_264' title='bbox 1452 2121 1462 2146; x_wconf 92' lang='lat'>:</span> 
     </span>
     <span class='ocr_line' id='line_1_30' title="bbox 26 2170 1467 2231; baseline 0.003 -21"><span class='ocrx_word' id='word_1_265' title='bbox 26 2195 27 2198; x_wconf 58' lang='lat'><em>=</em></span> <span class='ocrx_word' id='word_1_266' title='bbox 82 2186 103 2210; x_wconf 91' lang='lat'>«</span> <span class='ocrx_word' id='word_1_267' title='bbox 135 2171 361 2214; x_wconf 88' lang='lat' dir='ltr'>Memoria.</span> <span class='ocrx_word' id='word_1_268' title='bbox 384 2188 406 2212; x_wconf 87' lang='lat'>»</span> <span class='ocrx_word' id='word_1_269' title='bbox 432 2173 527 2219; x_wconf 88' lang='lat' dir='ltr'>Hoc</span> <span class='ocrx_word' id='word_1_270' title='bbox 566 2171 752 2222; x_wconf 84' lang='lat' dir='ltr'>verbum</span> <span class='ocrx_word' id='word_1_271' title='bbox 770 2205 783 2227; x_wconf 90' lang='lat'>‚</span> <span class='ocrx_word' id='word_1_272' title='bbox 828 2185 960 2216; x_wconf 88' lang='lat' dir='ltr'>sonus</span> <span class='ocrx_word' id='word_1_273' title='bbox 997 2171 1099 2226; x_wconf 82' lang='lat' dir='ltr'>iste,</span> <span class='ocrx_word' id='word_1_274' title='bbox 1123 2185 1206 2215; x_wconf 87' lang='lat' dir='ltr'>vox</span> <span class='ocrx_word' id='word_1_275' title='bbox 1242 2170 1323 2215; x_wconf 89' lang='lat' dir='ltr'>ista</span> <span class='ocrx_word' id='word_1_276' title='bbox 1363 2187 1467 2231; x_wconf 87' lang='lat' dir='ltr'>pro-</span> 
     </span>
     <span class='ocr_line' id='line_1_31' title="bbox 60 2230 1469 2303; baseline 0.004 -21"><span class='ocrx_word' id='word_1_277' title='bbox 60 2230 206 2303; x_wconf 42' lang='lat' dir='ltr'>}cessit</span> <span class='ocrx_word' id='word_1_278' title='bbox 242 2237 298 2282; x_wconf 89' lang='lat' dir='ltr'>ad</span> <span class='ocrx_word' id='word_1_279' title='bbox 339 2253 461 2285; x_wconf 87' lang='lat' dir='ltr'>aures</span> <span class='ocrx_word' id='word_1_280' title='bbox 493 2254 610 2285; x_wconf 89' lang='lat' dir='ltr'>meas</span> <span class='ocrx_word' id='word_1_281' title='bbox 650 2241 704 2287; x_wconf 88' lang='lat' dir='ltr'>ab</span> <span class='ocrx_word' id='word_1_282' title='bbox 743 2241 888 2286; x_wconf 88' lang='lat' dir='ltr'>animo</span> <span class='ocrx_word' id='word_1_283' title='bbox 927 2250 1020 2286; x_wconf 92' lang='lat' dir='ltr'>tuo.</span> <span class='ocrx_word' id='word_1_284' title='bbox 1067 2242 1161 2286; x_wconf 92' lang='lat' dir='ltr'>Hoc</span> <span class='ocrx_word' id='word_1_285' title='bbox 1198 2241 1314 2285; x_wconf 90' lang='lat' dir='ltr'>enim</span> <span class='ocrx_word' id='word_1_286' title='bbox 1346 2242 1469 2302; x_wconf 89' lang='lat' dir='ltr'>quod</span> 
     </span>
     <span class='ocr_line' id='line_1_32' title="bbox 58 2307 1468 2367; baseline 0.006 -17"><span class='ocrx_word' id='word_1_287' title='bbox 58 2317 142 2359; x_wconf 62' lang='lat' dir='ltr'>,est</span> <span class='ocrx_word' id='word_1_288' title='bbox 179 2309 388 2352; x_wconf 87' lang='lat' dir='ltr'>memoria</span> <span class='ocrx_word' id='word_1_289' title='bbox 405 2342 416 2363; x_wconf 88' lang='lat'><strong><em>‚</em></strong></span> <span class='ocrx_word' id='word_1_290' title='bbox 462 2307 590 2352; x_wconf 86' lang='lat' dir='ltr'>tacite</span> <span class='ocrx_word' id='word_1_291' title='bbox 629 2308 874 2367; x_wconf 78' lang='lat' dir='ltr'>cogitabas,</span> <span class='ocrx_word' id='word_1_292' title='bbox 916 2320 961 2356; x_wconf 91' lang='lat' dir='ltr'>et</span> <span class='ocrx_word' id='word_1_293' title='bbox 998 2327 1089 2357; x_wconf 94' lang='lat' dir='ltr'>non</span> <span class='ocrx_word' id='word_1_294' title='bbox 1126 2311 1316 2356; x_wconf 85' lang='lat' dir='ltr'>dicebas.</span> <span class='ocrx_word' id='word_1_295' title='bbox 1361 2314 1468 2358; x_wconf 90' lang='lat' dir='ltr'>Erat</span> 
     </span>
     <span class='ocr_line' id='line_1_33' title="bbox 65 2377 1469 2440; baseline 0.004 -18"><span class='ocrx_word' id='word_1_296' title='bbox 65 2377 124 2439; x_wconf 68' lang='lat' dir='ltr'>iu</span> <span class='ocrx_word' id='word_1_297' title='bbox 136 2385 180 2422; x_wconf 90' lang='lat' dir='ltr'>te</span> <span class='ocrx_word' id='word_1_298' title='bbox 193 2412 205 2433; x_wconf 88' lang='lat'>‚</span> <span class='ocrx_word' id='word_1_299' title='bbox 221 2385 265 2422; x_wconf 88' lang='lat' dir='ltr'>et</span> <span class='ocrx_word' id='word_1_300' title='bbox 278 2377 478 2423; x_wconf 88' lang='lat' dir='ltr'>nondum</span> <span class='ocrx_word' id='word_1_301' title='bbox 497 2387 674 2432; x_wconf 84' lang='lat' dir='ltr'>venerat</span> <span class='ocrx_word' id='word_1_302' title='bbox 691 2378 747 2423; x_wconf 90' lang='lat' dir='ltr'>ad</span> <span class='ocrx_word' id='word_1_303' title='bbox 765 2393 850 2430; x_wconf 84' lang='lat' dir='ltr'>me.</span> <span class='ocrx_word' id='word_1_304' title='bbox 878 2381 935 2425; x_wconf 90' lang='lat' dir='ltr'>Ut</span> <span class='ocrx_word' id='word_1_305' title='bbox 952 2389 1098 2424; x_wconf 88' lang='lat' dir='ltr'>autem</span> <span class='ocrx_word' id='word_1_306' title='bbox 1117 2381 1238 2440; x_wconf 90' lang='lat' dir='ltr'>quod</span> <span class='ocrx_word' id='word_1_307' title='bbox 1256 2389 1347 2429; x_wconf 90' lang='lat' dir='ltr'>erat</span> <span class='ocrx_word' id='word_1_308' title='bbox 1361 2381 1409 2427; x_wconf 93' lang='lat' dir='ltr'>in</span> <span class='ocrx_word' id='word_1_309' title='bbox 1424 2392 1469 2428; x_wconf 90' lang='lat' dir='ltr'>te</span> 
     </span>
     <span class='ocr_line' id='line_1_34' title="bbox 65 2446 1464 2513; baseline 0.005 -21"><span class='ocrx_word' id='word_1_310' title='bbox 65 2446 350 2513; x_wconf 52' lang='lat' dir='ltr'>,proferretur</span> <span class='ocrx_word' id='word_1_311' title='bbox 380 2446 435 2492; x_wconf 88' lang='lat' dir='ltr'>ad</span> <span class='ocrx_word' id='word_1_312' title='bbox 464 2462 561 2504; x_wconf 84' lang='lat' dir='ltr'>me,</span> <span class='ocrx_word' id='word_1_313' title='bbox 587 2447 730 2502; x_wconf 88' lang='lat' dir='ltr'>dixisti</span> <span class='ocrx_word' id='word_1_314' title='bbox 750 2449 893 2509; x_wconf 89' lang='lat' dir='ltr'>ipsum</span> <span class='ocrx_word' id='word_1_315' title='bbox 913 2464 1100 2507; x_wconf 88' lang='lat' dir='ltr'>nomen,</span> <span class='ocrx_word' id='word_1_316' title='bbox 1122 2450 1169 2495; x_wconf 87' lang='lat' dir='ltr'>id</span> <span class='ocrx_word' id='word_1_317' title='bbox 1197 2459 1282 2508; x_wconf 86' lang='lat' dir='ltr'>est,</span> <span class='ocrx_word' id='word_1_318' title='bbox 1317 2469 1338 2494; x_wconf 92' lang='lat'>«</span> <span class='ocrx_word' id='word_1_319' title='bbox 1369 2455 1464 2498; x_wconf 90' lang='lat' dir='ltr'>Me-</span> 
     </span>
     <span class='ocr_line' id='line_1_35' title="bbox 11 2517 1462 2579; baseline 0.004 -17"><span class='ocrx_word' id='word_1_320' title='bbox 11 2547 14 2570; x_wconf 73' lang='lat'><em>÷</em></span> <span class='ocrx_word' id='word_1_321' title='bbox 69 2537 107 2575; x_wconf 35' lang='lat' dir='ltr'>fi«</span> <span class='ocrx_word' id='word_1_322' title='bbox 138 2519 290 2564; x_wconf 88' lang='lat' dir='ltr'>moria.</span> <span class='ocrx_word' id='word_1_323' title='bbox 317 2537 338 2561; x_wconf 87' lang='lat'>»</span> <span class='ocrx_word' id='word_1_324' title='bbox 363 2517 522 2565; x_wconf 83' lang='lat' dir='ltr'>Audivi</span> <span class='ocrx_word' id='word_1_325' title='bbox 554 2539 561 2563; x_wconf 93' lang='lat'>:</span> <span class='ocrx_word' id='word_1_326' title='bbox 587 2528 775 2579; x_wconf 88' lang='lat' dir='ltr'>quatuor</span> <span class='ocrx_word' id='word_1_327' title='bbox 796 2521 874 2566; x_wconf 90' lang='lat' dir='ltr'>has</span> <span class='ocrx_word' id='word_1_328' title='bbox 896 2520 1084 2579; x_wconf 86' lang='lat' dir='ltr'>syllabas</span> <span class='ocrx_word' id='word_1_329' title='bbox 1105 2521 1152 2567; x_wconf 89' lang='lat' dir='ltr'>in</span> <span class='ocrx_word' id='word_1_330' title='bbox 1172 2521 1350 2567; x_wconf 88' lang='lat' dir='ltr'>nomine</span> <span class='ocrx_word' id='word_1_331' title='bbox 1369 2539 1462 2569; x_wconf 90' lang='lat' dir='ltr'>me-</span> 
     </span>
    </p>
   </div>
  </div>
 </body>
</html>
