1898 3178
386 213 470 253 286
826 222 859 251 s.
896 221 1127 252 AUGUSTINI
1160 225 1341 252 Eprscom

383 289 457 334 sed
488 292 579 350 jam
611 291 692 334 sub
721 289 854 347 gratia
881 298 1136 334 exoneratus
1169 290 1345 335 sarcinis
1380 289 1768 335 innumerabilium

383 361 733 405 observationum
746 395 757 414 ,
783 359 903 419 quod
923 369 1015 404 erat
1040 375 1188 405 revera
1203 376 1332 420 grave
1348 361 1504 420 jugum
1517 395 1528 416 ‚
1549 360 1625 404 sed
1646 359 1768 405 durae

382 431 536 476 cervici
557 430 865 476 convenienter
887 429 1138 490 impositum
1151 465 1162 485 ‚
1184 431 1391 475 facilitate
1419 430 1626 490 simplicis
1645 429 1765 487 fidei,

381 510 425 545 et
442 502 569 545 bonae
586 501 701 560 spei,
727 509 770 544 et
791 509 951 545 sanctae
973 501 1208 556 charitatis,
1234 500 1451 561 quidquid
1472 499 1768 545 molestiarum

381 573 576 617 exteriori
599 572 766 617 homini
786 571 1020 617 forinsecus
1036 572 1253 617 intulisset
1265 571 1338 616 ille
1356 573 1557 631 princeps
1572 572 1649 632 qui
1671 572 1770 616 mis-

380 658 449 686 sus
475 651 538 686 est
559 641 673 686 foras
688 677 698 697 ‚
724 642 919 687 interiori
941 642 1100 702 gaudio
1119 642 1214 688 leve
1234 643 1372 686 fieret.
1400 642 1520 688 Nihil
1541 642 1657 685 enim
1678 651 1768 686 tam

378 712 505 758 facile
527 722 591 758 est
612 713 740 758 bonae
761 712 994 770 voluntati,
1020 729 1151 774 quam
1176 714 1265 773 ipsa
1286 713 1369 757 sibi
1397 732 1405 757 :
1430 722 1474 756 et
1490 713 1584 757 haec
1605 712 1766 757 sufficit

379 786 484 828 Deo.
522 783 852 836 Quantumlibet
879 800 981 843 ergo
1007 784 1154 829 saeviat
1186 784 1265 828 iste
1293 782 1512 838 mundus,
1548 782 1766 828 verissime

379 854 536 912 Angeli
562 863 665 899 nato
692 855 737 899 in
761 870 891 899 carne
921 855 1108 899 Domino
1137 854 1436 899 clamaverunt
1459 872 1468 898 :
1501 872 1523 896 «
1548 852 1695 898 Gloria
1719 853 1766 897 in

382 943 400 964 »
429 924 604 969 excelsis
628 927 719 970 Deo
733 960 743 980 ,
767 935 810 969 et
830 925 877 968 in
899 934 1012 970 terra
1037 940 1120 984 pax
1137 924 1389 969 hominibus
1410 924 1538 968 bonae
1557 923 1766 968 volunta-

381 1011 401 1034 »
427 994 480 1038 tis
497 996 510 1020 1
533 1013 542 1039 z
570 1015 586 1035 »
617 995 719 1055 quia
744 996 836 1054 ejus
868 995 944 1054 qui
971 1004 1099 1038 natus
1128 1003 1242 1049 erat,
1267 1009 1397 1039 suave
1422 995 1576 1054 jugum
1603 1003 1692 1049 est,
1722 1002 1766 1038 et

378 1064 543 1108 sarcina
566 1064 687 1110 levis.
713 1068 770 1109 Et
787 1067 897 1110 sicut
917 1064 1023 1109 dicit
1042 1066 1276 1124 Apostolus
1293 1084 1301 1110 :
1332 1084 1352 1106 «
1372 1064 1533 1109 Fidelis
1554 1068 1668 1109 Deus
1689 1064 1766 1124 qui

379 1153 399 1176 »
425 1150 503 1178 nos
526 1150 617 1178 non
638 1133 738 1179 sinit
756 1135 915 1179 tentari
932 1151 1063 1193 supra
1084 1135 1129 1179 id
1142 1135 1263 1195 quod
1285 1150 1514 1195 possumus
1530 1133 1665 1193 ferre3
1688 1133 1765 1178 sed

378 1223 397 1245 ))
424 1204 528 1248 facit
549 1220 650 1249 eum
680 1205 921 1249 tentatione
950 1204 1081 1249 etiam
1109 1205 1299 1260 exitum,
1324 1215 1370 1248 ut
1393 1205 1607 1263 possimus
1636 1204 1765 1249 susti-

378 1292 398 1315 »
424 1278 568 1319 ner62.
593 1293 612 1316 ))

375 1430 657 1447 mmmm
661 1431 1652 1449 WUMMRWWVBWUMMMUBMMMWWUWUWMM
1657 1432 1760 1448 MMM

837 1547 1065 1593 SERMO
1111 1547 1264 1594 LXXI
1283 1543 1314 1592 ³.

373 1698 434 1739 De
459 1694 601 1738 verbis
635 1693 859 1752 Evangelii
888 1694 1045 1737 Matth.
1079 1712 1171 1738 xn:
1212 1694 1312 1754 Qui
1347 1693 1525 1739 dixerit
1563 1694 1759 1741 verbam

429 1774 598 1810 contra
621 1763 855 1823 Spiritum
876 1774 1113 1820 sanctam,
1131 1780 1227 1809 non
1242 1767 1581 1822 remitteturei,
1607 1783 1758 1825 neque

430 1835 479 1879 in
502 1834 592 1879 lzoc
612 1833 816 1890 saeculo,
841 1850 993 1893 neque
1017 1835 1065 1879 in
1079 1834 1267 1897 ficturo.
1296 1836 1393 1881 Sive
1414 1836 1469 1881 de
1486 1836 1757 1896 blasphemia

430 1905 474 1949 in
498 1905 706 1964 Spiritum
729 1913 944 1949 sanctum.

430 2044 464 2085 I.
486 2044 647 2086 MAGM
665 2041 850 2100 quaestio
867 2049 932 2085 est
951 2039 1006 2084 de
1020 2040 1182 2084 recenti
1197 2040 1448 2099 evangeliea
1461 2040 1648 2086 lectione
1660 2057 1755 2101 pro-

371 2111 531 2169 posita,
567 2111 639 2155 cui
662 2109 904 2165 solvendae,
929 2118 1143 2169 quantum
1175 2108 1230 2153 ad
1260 2125 1338 2154 nos
1370 2110 1546 2166 attinet,
1572 2112 1755 2171 impares

370 2196 543 2227 sumus:
569 2180 645 2226 sed
666 2180 944 2226 sufflicientia
966 2189 1112 2224 nostra
1129 2195 1182 2224 ex
1203 2183 1293 2225 Deo
1313 2190 1398 2237 est,
1423 2191 1639 2242 quantum
1661 2183 1754 2242 ejus

372 2252 636 2313 adjutorium
665 2251 736 2297 vel
759 2251 953 2311 accipere
974 2250 1044 2296 vel
1070 2266 1223 2310 capere
1240 2267 1483 2311 possumus.
1507 2252 1630 2297 Prius
1651 2268 1754 2312 ergo

371 2323 720 2382 magnitudinem
744 2322 956 2368 advertite
977 2322 1251 2382 quaestionis3
1275 2332 1326 2367 ut
1351 2339 1453 2368 cum
1474 2324 1564 2383 ejus
1593 2323 1754 2368 molem

370 2392 561 2438 humeris
582 2395 738 2439 nostris
761 2393 1009 2453 impositam
1030 2392 1223 2437 videritis
1239 2428 1251 2449 ,
1277 2393 1407 2438 oretis
1433 2408 1512 2453 pro
1533 2393 1756 2439 laboribus

371 2464 528 2509 nostris
542 2499 553 2520 ‚
583 2474 714 2525 atque
734 2464 780 2509 in
796 2463 955 2508 auxilio
973 2462 1096 2523 quod
1117 2463 1243 2508 nobis
1265 2463 1502 2523 praebetur,
1526 2463 1755 2509 inveniatis

418 2566 428 2584 ¹
449 2561 526 2594 Luc.
550 2571 584 2602 11,
605 2558 656 2602 14.
682 2577 724 2584 —
744 2567 757 2585 ²
780 2571 793 2594 1
813 2561 886 2594 Cor.
905 2570 939 2601 x,
960 2558 1011 2593 13.
1030 2574 1073 2583 —
1094 2556 1108 2583 ³
1122 2558 1204 2593 Alias
1224 2569 1259 2593 11
1275 2558 1316 2593 de
1330 2559 1438 2594 verbis
1456 2559 1597 2594 Domini.
