1898 3178
428 210 565 237 smnio
596 209 710 244 XCIX,
745 211 799 237 DE
830 209 977 238 vmzms
1009 212 1100 238 Luc.
1137 213 1214 239 v11.
1427 199 1509 239 543

129 288 219 318 non
236 272 538 317 contaminant
559 274 697 318 bonos
721 292 732 319 ι
755 275 1056 334 respondimus
1077 276 1135 320 eis
1151 311 1162 331 ,
1188 276 1290 335 quia
1316 276 1413 320 ideo
1434 292 1515 320 no-

130 344 298 388 biscum
329 343 478 388 sedere
512 343 781 399 noluerunt,
804 355 848 390 et
869 345 1095 401 dixerunt,
1126 361 1170 390 se
1195 346 1414 405 Scriptura
1435 346 1514 390 Dei

130 413 262 459 fuisse
280 413 595 469 commonitOS,
621 415 723 474 quia
761 415 962 461 videlicet
998 417 1206 476 scriptum
1238 425 1301 461 est
1325 435 1334 461 ε
1373 435 1392 458 «
1416 419 1515 461 Non

134 502 156 526 »
189 484 280 529 sedi
296 485 342 528 in
360 483 543 529 concilio
565 485 764 529 vanitatis
787 505 796 531 :
817 504 836 527 »
859 485 1069 531 diximus:
1097 487 1139 532 Si
1166 487 1266 532 ideo
1288 486 1516 531 nobiscum

131 554 282 599 sedere
297 555 513 610 noluistis,
534 555 636 615 quia
659 556 867 614 scriptum
885 565 948 601 est
967 575 975 600 ε
1001 576 1020 598 ς(
1037 559 1136 602 Non
1157 556 1247 601 sedi
1270 557 1316 600 in
1332 555 1516 601 concilio

137 643 157 666 »
193 625 394 669 vanitatis
412 645 423 682 3
449 643 469 666 »
490 641 623 685 quare
640 625 868 669 nobiscum
889 626 1065 684 ingressi
1086 627 1184 671 estis
1199 662 1209 681 ,
1238 643 1339 672 cum
1361 642 1515 672 conse-

100 727 112 735 f
133 704 320 755 quenter
340 695 546 753 scriptum
564 696 618 739 sit
636 713 644 739 :
670 714 689 737 «
714 697 770 739 Et
788 711 888 739 eum
906 697 1055 756 iniqua
1078 698 1327 756 gerentibus
1345 713 1434 742 non
1452 697 1516 740 in-

136 783 157 806 »
191 765 396 810 troib01?
422 783 441 806 »
467 767 582 824 Ergo
615 766 661 809 in
691 765 774 809 hoc
807 765 927 825 quod
958 766 1140 813 dicunt:
1165 787 1185 810 «
1205 767 1304 812 Noli
1323 783 1393 811 me
1415 776 1516 811 tan-

136 855 157 878 »
193 852 293 896 gere
308 871 319 891 ,
344 836 447 895 quia
467 836 655 880 mundus
683 852 801 891 sum,
829 855 850 879 η
875 837 1035 881 similes
1057 847 1158 882 sunt
1182 837 1244 881 illi
1267 838 1484 882 Pharisaeo
1501 872 1512 893 ,

133 907 208 967 qui
229 907 440 951 Dominus
465 908 745 963 invitaverat,
767 917 809 952 et
830 917 1059 968 propterea
1083 910 1265 967 putabat
1292 924 1393 952 eum
1414 923 1516 952 nes-

133 978 237 1022 cisse
253 977 497 1033 mulierem,
523 979 624 1038 quia
645 995 734 1023 non
756 994 850 1022 eam
871 979 1145 1038 prohibuerit
1167 996 1190 1023 a
1212 988 1416 1023 contactu
1438 994 1517 1038 pe-

133 1046 238 1091 dum
276 1062 469 1092 suorum.
500 1048 584 1092 Sed
616 1049 663 1092 in
697 1047 780 1092 alio
816 1048 968 1093 melior
997 1047 1235 1093 Pharisaeus
1255 1084 1266 1104 ,
1291 1049 1393 1108 quia
1416 1063 1516 1092 cum

133 1127 307 1178 putaret
341 1119 564 1163 hominem
605 1119 850 1173 Christum,
888 1135 977 1164 non
1013 1118 1218 1163 credebat
1253 1119 1308 1162 ab
1339 1118 1516 1162 homine

134 1205 258 1248 posse
274 1188 434 1233 dimitti
456 1198 646 1248 peccata.
671 1190 827 1234 Melior
848 1205 950 1249 ergo
972 1189 1133 1234 Judaeis
1150 1205 1281 1249 quam
1303 1189 1518 1233 haereticis

138 1259 338 1318 apparuit
354 1258 617 1303 intellectus.
645 1262 669 1303 J
674 1260 787 1303 udaei
805 1260 913 1320 quid
929 1259 1161 1304 dixerunt?
1181 1279 1200 1302 «
1218 1259 1324 1313 Quis
1347 1267 1410 1303 est
1427 1259 1513 1313 hic,

141 1348 158 1369 »
195 1329 270 1387 qui
302 1337 346 1372 et
369 1337 546 1387 peccata
578 1329 789 1373 dimittit?
810 1349 828 1371 »
855 1330 997 1374 Audet
1019 1331 1099 1374 sibi
1129 1331 1259 1375 homo
1280 1331 1364 1374 hoc
1387 1344 1517 1374 usur-

134 1399 268 1458 pare?
285 1397 403 1450 Quid
425 1408 575 1442 contra
596 1399 855 1443 haereticus?
876 1403 968 1458 Ego
990 1399 1162 1444 dimitto
1179 1435 1189 1455 ,
1220 1414 1299 1458 ego
1320 1399 1514 1455 mundo,

135 1482 215 1526 ego
247 1467 484 1512 sanctifico.
510 1467 787 1527 Respondeat
807 1469 871 1512 illi
891 1504 901 1523 ,
939 1484 1029 1513 non
1058 1485 1139 1528 ego
1155 1505 1166 1524 ,
1191 1470 1267 1513 sed
1287 1470 1482 1514 Christus
1503 1488 1512 1513 :

135 1540 173 1582 Ο
195 1539 327 1582 homo
344 1572 355 1593 ,
380 1537 558 1598 quando
589 1552 668 1596 ego
691 1554 714 1581 a
735 1537 898 1583 ,Iudaeis
931 1548 1109 1598 putatus
1138 1555 1232 1584 sum
1265 1540 1423 1594 homo,
1450 1539 1518 1583 di-

136 1609 382 1653 missionem
409 1618 687 1668 peccatorum
718 1609 819 1653 fidei
852 1609 953 1653 dedi
987 1629 996 1653 :
1021 1612 1119 1654 Non
1145 1625 1250 1668 ego,
1286 1609 1519 1669 respondet

137 1680 218 1724 tibi
239 1680 448 1725 Christus.
472 1681 510 1724 Ο
528 1680 730 1724 haeretice
745 1716 755 1734 ,
780 1689 830 1724 tu
850 1696 950 1724 cum
974 1681 1028 1724 sis
1049 1682 1180 1725 homo
1195 1716 1206 1735 ,
1232 1681 1338 1724 dicis
1360 1681 1514 1735 :Veni,

138 1750 321 1805 mulier,
355 1765 435 1808 ego
465 1760 508 1795 te
537 1750 699 1796 salvam
734 1751 874 1794 facio!
901 1753 994 1809 Ego
1030 1766 1130 1794 cum
1156 1759 1333 1809 putarer
1353 1751 1514 1805 homo,

139 1818 226 1864 dixi
247 1839 257 1864 :
281 1839 301 1862 «
322 1819 443 1865 Vade
457 1856 468 1876 ,
493 1821 651 1865 mulier
665 1856 676 1876 ‚
701 1821 808 1865 fides
830 1830 904 1865 tua
927 1820 1087 1866 salvam
1103 1831 1146 1866 te
1160 1821 1278 1865 fecit.
1302 1839 1322 1862 η

198 1893 276 1935 ΙΧ.
297 1891 595 1950 Respondent,
616 1891 854 1937 nescientes
869 1927 879 1947 ,
905 1892 1013 1935 sicut
1028 1892 1086 1935 ait
1105 1891 1353 1952 Apostolus,
1373 1905 1517 1951 neque

139 1976 238 2021 quae
254 1961 498 2022 loquuntur
517 1997 528 2016 ,
553 1978 696 2022 neque
718 1961 773 2005 de
794 1962 954 2022 quibus
978 1962 1195 2006 affirmant
1222 1981 1231 2006 :
1253 1962 1518 2022 respondent

141 2041 185 2076 et
205 2031 357 2076 dicunt
382 2051 390 2076 ε
414 2033 563 2077 Sinon
585 2032 814 2077 dimittunt
836 2031 1032 2076 homines
1054 2041 1230 2091 peccata
1248 2052 1259 2090 3
1281 2032 1439 2077 falsum
1457 2042 1522 2078 est

143 2117 245 2161 ergo
267 2101 387 2162 quod
408 2103 467 2147 ait
488 2104 683 2148 Christus
708 2122 716 2147 ε
748 2121 768 2144 «
793 2104 901 2155 Quae
922 2101 1133 2146 solveritis
1153 2103 1200 2147 in
1219 2112 1331 2147 terra
1346 2138 1357 2159 ,
1382 2103 1523 2148 soluta

147 2190 168 2213 n
202 2181 332 2216 erunt
347 2182 390 2217 et
411 2173 458 2216 in
479 2173 632 2218 coelo2.
656 2192 676 2214 »
701 2173 845 2219 Nescis
861 2187 996 2233 quare
1016 2173 1100 2217 hoc
1122 2172 1286 2217 dictum
1304 2175 1358 2217 sit
1373 2209 1384 2229 ,
1409 2190 1523 2234 quo-

146 2241 278 2287 modo
294 2243 460 2287 dictum
478 2244 545 2288 sit.
572 2247 761 2288 Daturus
785 2251 876 2286 erat
893 2242 1102 2286 Dominus
1119 2244 1367 2288 hominibus
1395 2245 1525 2304 Spiri-

147 2323 240 2358 tum
256 2324 470 2370 sanctum,
485 2325 529 2360 et
541 2316 593 2360 ab
606 2316 699 2376 ipso
715 2315 876 2375 Spiritu
890 2323 1037 2358 sancto
1052 2315 1252 2360 fidelibus
1266 2317 1351 2360 suis
1364 2317 1526 2361 dimitti

149 2395 325 2444 peecata
343 2419 354 2441 ,
389 2402 479 2431 non
506 2387 668 2432 meritis
696 2387 927 2431 hominum
954 2385 1128 2430 volebat
1154 2387 1337 2446 intelligi
1367 2386 1528 2432 dimitti

151 2458 462 2514 peccata.Nam
483 2457 591 2518 quid
612 2472 655 2501 es
674 2457 822 2511 homo,
844 2454 927 2499 nisi
942 2470 1055 2514 aeger
1076 2456 1405 2502 sanandus?Vis
1422 2457 1527 2502 mihi

201 2546 209 2562 ¹
234 2539 314 2573 Psal.
334 2551 414 2580 xxv,
434 2539 467 2583 4.
483 2558 524 2565 -
541 2548 553 2564 2
571 2541 692 2574 Matth.
713 2551 805 2582 xvui,
825 2538 875 2572 18.
