1898 3178
434 281 514 319 132
870 289 903 315 s.
939 284 1169 317 Aue-‚usum
1201 289 1382 318 nmscom

421 371 521 415 quae
539 369 645 399 uxor
672 354 763 413 ejus
793 350 878 396 fuit
897 353 1108 410 nascitur,
1146 369 1236 400 non
1267 354 1376 399 dixit
1402 352 1528 399 :Heli
1551 354 1700 411 genuit
1729 355 1807 398 Jo-
1872 350 1892 429 ,1

421 425 526 485 seph
541 445 552 482 3
573 433 664 478 aut,
685 426 709 466 J
713 422 847 482 oseph
858 438 990 483 quem
1004 425 1154 482 genuit
1168 424 1267 469 Heli
1285 440 1293 466 :
1308 424 1417 470 sed«
1432 425 1516 478 Qui
1528 423 1628 479 fuit,
1647 424 1806 483 inquit,
1872 438 1889 462 ν

424 512 446 536 »
481 494 595 538 filius
618 491 743 551 Heli,
765 510 785 534 »
810 492 900 537 sive
922 493 1173 554 adoptando
1187 530 1200 551 ,
1227 495 1315 540 sive
1333 511 1355 540 a
1375 495 1623 555 propinquo
1641 494 1811 553 genitus
1871 485 1874 538 ἕ

423 565 465 609 in
492 563 656 609 mortui
677 564 949 609 successione
963 566 1199 611 nascendo.

481 636 623 679 XXX.
657 636 756 679 Jam
777 649 880 680 vero
900 633 1014 680 illud
1035 636 1137 696 quia
1160 649 1334 680 movere
1361 649 1452 679 non
1484 634 1642 689 debet,
1679 649 1812 694 quare
1879 455 1890 819 1

422 720 499 765 per
521 707 546 749 J
550 706 700 765 oseph,
717 714 760 749 et
781 721 871 750 non
883 721 960 766 per
980 707 1161 752 Mariam
1177 706 1475 765 generationes
1497 714 1784 749 numerentur
1798 739 1810 761 ,
1867 699 1870 756 ff

420 776 520 821 satis
539 775 708 821 dictum
726 785 792 821 est
818 795 828 822 ι
853 777 956 837 quia
977 777 1088 822 sicut
1110 776 1184 821 illa
1207 777 1298 821 sine
1321 775 1484 821 carnali
1501 776 1814 836 concupiscen-
1877 828 1883 840 λ

420 848 480 893 tia
517 856 679 904 mater,
710 848 769 892 sic
796 846 870 892 ille
904 848 996 892 sine
1025 847 1189 893 carnali
1222 847 1530 893 commixtione
1564 856 1701 908 pater.
1734 851 1815 891 Per
1866 880 1867 883 ,

418 916 544 962 illum
566 933 669 977 ergo
692 917 960 963 descendant
977 953 988 974 ,
1014 928 1058 963 et
1074 934 1152 979 per
1182 918 1310 963 illum
1333 917 1594 974 ascendant,
1631 932 1823 977 genera-⁷
1864 848 1883 1039 ΪΙ

419 989 572 1034 tiones.
598 991 687 1035 Nec
723 1004 825 1034 eum
848 999 1078 1050 propterea
1105 1005 1380 1050 separemus,
1411 991 1512 1050 quia
1544 989 1685 1034 defuit
1718 1005 1816 1034 car·
1862 1006 1866 1054 g

419 1060 528 1105 nalis
561 1061 931 1120 concupiscentia.
958 1063 1096 1122 Major
1118 1064 1285 1122 puritas
1317 1063 1546 1107 confirmet
1578 1062 1816 1122 paternita-
1862 1041 1881 1179 ῥ’

422 1140 546 1175 tem:
580 1146 636 1175 ne
673 1132 764 1190 ipsa
787 1141 936 1176 sancta
963 1133 1101 1177 Maria
1134 1148 1213 1177 nos
1250 1133 1556 1192 reprehendat.
1586 1131 1667 1177 Illa
1702 1133 1817 1176 enim
1859 1125 1863 1221 j
1894 1140 1898 1166 ἑ

423 1217 586 1247 nomen
619 1216 748 1246 suum
782 1217 1037 1262 praeponere
1070 1202 1213 1248 noluit
1239 1205 1396 1248 marito
1425 1219 1504 1248 suo
1531 1222 1539 1248 ε
1565 1203 1641 1248 sed
1674 1202 1814 1248 dixit:
1859 1224 1862 1243 ι

426 1292 447 1315 «
481 1277 609 1318 Pater
626 1283 727 1318 tuus
743 1283 786 1318 et
803 1289 884 1333 ego
902 1274 1100 1319 dolentes
1118 1275 1424 1334 quaerebamus
1444 1284 1488 1319 te
1503 1277 1534 1318 1.
1561 1294 1579 1317 »
1597 1276 1697 1320 Non
1715 1289 1818 1333 ergo

423 1345 584 1390 saciant
621 1346 811 1405 perversi
839 1356 1207 1403 murmuratores,
1247 1346 1366 1407 quod
1400 1348 1559 1407 conjux
1582 1356 1699 1392 casta
1729 1362 1821 1392 non

426 1417 545 1461 fecit.
566 1420 854 1463 Numeremus
876 1433 980 1477 ergo
1001 1419 1263 1478 perJoseph
1284 1438 1292 1463 z
1319 1419 1421 1479 quia
1448 1419 1558 1464 sicut
1581 1427 1695 1463 caste
1726 1433 1820 1462 ma·
1854 1434 1858 1475 ι

426 1488 550 1543 rimS,
566 1490 624 1532 sic
641 1499 756 1534 caste
779 1499 902 1549 pater
926 1499 1004 1534 est.
1028 1490 1114 1535 Sed
1131 1505 1440 1550 praeponamus
1461 1491 1605 1535 virum
1626 1490 1821 1534 foeminae
1853 1477 1858 1553 Ι
1887 1477 1897 1521 l

430 1558 583 1602 ordine
605 1569 774 1602 naturae
797 1569 839 1603 et
860 1559 966 1617 legis
986 1560 1079 1604 Dei.
1100 1563 1210 1605 Nam
1228 1560 1262 1604 si
1285 1570 1452 1605 remoto
1468 1559 1543 1605 illo
1562 1560 1682 1604 illam
1697 1575 1823 1605 cons·
1852 1555 1893 1618 Γ)

432 1631 669 1688 tituamus3
693 1630 801 1674 dicit
821 1628 919 1684 ille,
945 1639 988 1674 et
1009 1639 1126 1674 recte
1150 1631 1256 1675 dicit
1278 1651 1286 1676 :
1313 1636 1453 1684 Quare
1475 1647 1544 1676 me
1567 1631 1822 1692 separastis?
1884 1635 1898 1679 P*

433 1703 577 1754 Quare
598 1716 689 1745 non
710 1715 786 1759 per
820 1715 890 1744 me
912 1701 1211 1758 generationes
1233 1702 1302 1746 vel
1324 1701 1593 1756 ascendunt,
1626 1701 1696 1747 vel
1725 1702 1823 1746 des-
1843 1731 1845 1735 1
1867 1705 1898 1741 affl

435 1771 658 1816 cendunt?
681 1773 750 1815 An
773 1770 934 1815 dicitur
955 1771 994 1814 ei
1022 1790 1030 1815 ε
1050 1772 1161 1824 Quia
1184 1787 1274 1816 non
1296 1781 1345 1816 tu
1368 1772 1554 1831 genuisti
1577 1787 1707 1832 opere
1728 1788 1824 1816 car·
1880 1764 1898 1806 Vl

435 1844 502 1887 nis
519 1844 639 1887 tuae?
664 1840 748 1886 Sed
767 1840 1050 1901 respondebit
1075 1861 1083 1887 ε
1103 1843 1331 1903 Numquid
1358 1852 1402 1887 et
1431 1842 1503 1886 illa
1526 1858 1655 1902 opere
1685 1842 1823 1887 carnis
1866 1846 1898 1877 ’Μ

439 1930 528 1959 suae
551 1914 751 1973 peperit?
773 1912 903 1966 Quod
928 1913 1112 1972 Spiritus
1144 1922 1317 1957 sanctus
1345 1922 1548 1972 operatus
1582 1923 1666 1968 est,
1693 1913 1824 1958 utris-

437 2002 524 2048 que
546 1994 749 2046 operatus
780 1994 858 2029 est.
890 2003 911 2026 «
935 1987 1048 2029 Cum
1071 1994 1203 2040 esset,
1241 1985 1385 2045 inquit
1401 2020 1411 2040 ,
1433 1985 1566 2030 homo
1585 1987 1774 2045 justus‘2.
1801 2003 1821 2026 »
1844 1973 1849 2034 Ι
1878 1991 1898 2021 H

442 2061 465 2102 J
470 2067 590 2102 ustus
613 2072 716 2116 ergo
732 2056 818 2111 vir,
833 2056 950 2114 justa
972 2054 1167 2099 foemina.
1196 2056 1378 2114 Spiritus
1400 2066 1574 2101 sanctus
1601 2057 1648 2100 in
1675 2056 1826 2100 ambo·
1838 2050 1847 2091 -ῗ
1861 2048 1898 2103 sil*

444 2144 541 2174 rum
553 2127 720 2189 justitia
738 2126 1032 2186 requiescens,
1054 2126 1268 2171 ambobus
1286 2126 1426 2173 filium
1449 2126 1585 2172 dedit.
1610 2126 1695 2172 Sed
1713 2127 1758 2170 in
1777 2140 1836 2171 eos
1875 2119 1892 2162 n

444 2216 548 2245 sexu
570 2214 702 2260 quem
725 2213 873 2258 parere
896 2196 1079 2243 decebat
1096 2233 1106 2253 ‚
1126 2207 1328 2258 operatus
1350 2207 1414 2242 est
1434 2199 1542 2253 hoc,
1562 2197 1683 2257 quod
1700 2198 1837 2241 etiame
1861 2202 1898 2245 ,Μ

446 2272 603 2316 marito
650 2277 913 2315 nasceretur.
950 2271 1102 2328 Itaque
1144 2269 1358 2313 ambobus
1393 2268 1499 2312 dicit
1530 2268 1744 2328 Angelus,
1779 2275 1843 2367 uti
1859 2256 1898 2305 »¹:05

448 2358 584 2402 puero
605 2356 767 2387 nomen
787 2340 1016 2399 imponant
1042 2358 1051 2383 ε
1077 2339 1154 2383 ubi
1186 2348 1418 2399 parentum
1450 2338 1694 2383 declaratur
1726 2354 1840 2400 auc-²
1858 2330 1896 2383 if}

447 2414 610 2457 toritas.
637 2415 747 2459 Nam
766 2421 811 2456 et
834 2410 1057 2455 Zacharias
1079 2425 1180 2455 cum
1211 2410 1355 2454 adhuc
1390 2418 1536 2454 mutus
1568 2419 1706 2465 esset,
1739 2404 1898 2460 filioissss‘lre

450 2492 554 2527 nato
576 2492 711 2527 mater
733 2497 894 2527 nomen
929 2481 1227 2540 imponebatss.
1253 2483 1310 2525 Et
1343 2495 1443 2525 cum
1466 2479 1529 2524 illi
1559 2480 1635 2540 qui
1653 2465 1839 2559 aderantni
1869 2475 1898 2518 ²¹⁰1

450 2554 683 2598 innuerent
704 2552 817 2613 patri
835 2551 943 2612 quid
964 2567 1066 2596 eum
1087 2550 1217 2598 vellet
1243 2551 1413 2607 vocari,
1439 2552 1623 2611 acceptis
1643 2550 1857 2611 pugilla-zc
1881 2562 1898 2592 Ῐι

497 2644 507 2661 ¹
524 2639 601 2672 Luc,
628 2649 665 2680 n,
683 2636 737 2679 43,
762 2654 803 2663 -
823 2645 836 2663 ²
854 2636 976 2672 Matth.
1001 2648 1025 2680 1,
1047 2647 1099 2680 19.
1117 2653 1158 2662 -=
1180 2634 1195 2661 3
1208 2638 1286 2671 Luc.
1309 2648 1335 2679 1,
1353 2635 1410 2670 60.
1831 2619 1856 2698 ji

1828 2758 1832 2784 ε
1852 2747 1853 2781 i

1829 2792 1832 2842 ff
