1898 3178
25 1622 33 1813 ἰ

318 234 456 261 SERMO
490 233 621 270 Lxxi,
658 232 710 258 DE
745 232 888 259 vermis
920 231 1083 259 MATTH.
1120 233 1198 258 xii.
1377 223 1460 260 239

88 306 231 342 torum
247 332 258 353 ,
278 299 409 342 etiam
431 297 589 343 Christi
610 311 793 355 regnum
810 297 1036 342 adversum
1059 313 1103 341 se
1130 311 1218 341 esse
1247 296 1431 341 divisum
1448 333 1458 353 ,

82 377 397 428 consequenter
417 367 615 428 adjungit
636 386 646 411 ι
676 386 695 408 «
714 369 799 420 Qui
821 384 909 412 non
927 378 990 412 est
1006 383 1195 423 mecum,
1220 377 1370 412 contra
1391 384 1462 412 me

84 455 105 479 »
130 448 214 496 est3
239 447 282 482 et
304 438 380 498 qui
402 453 492 482 non
515 447 750 497 congregat
767 453 954 494 mecum,
977 439 1180 498 spargit1.
1204 457 1224 479 »
1244 441 1341 484 Non
1372 439 1429 482 ait
1451 458 1458 483 2

80 509 165 562 Qui
182 524 272 553 non
292 518 356 553 est
375 509 456 553 sub
481 524 588 553 voce
610 509 797 553 nominis
818 510 904 552 mei
920 544 930 564 ,
957 519 1032 554 aut
1052 511 1133 553 sub
1156 510 1296 569 specie
1317 525 1459 554 sacra-

79 580 215 623 menti
231 580 344 637 mei3
368 580 468 624 sed:
497 598 517 622 «
542 580 626 632 Qui
643 595 729 623 non
754 588 817 623 est
843 595 1015 623 mecum
1034 615 1045 633 ,
1070 589 1220 624 contra
1243 595 1313 624 me
1335 589 1413 624 est.
1437 598 1458 620 n

79 651 166 694 Nec
184 650 241 693 ait
262 664 270 690 :
298 650 381 702 Qui
404 665 493 694 non
513 658 746 708 congregat
767 649 849 693 sub
871 665 976 694 voce
999 650 1184 694 nominis
1211 651 1324 707 mei,
1349 650 1424 694 sed
1450 666 1458 690 :

83 720 208 772 «Qui
236 735 326 764 non
356 730 591 779 congregat
621 735 821 775 mecum,
861 721 1036 780 spargit.
1068 739 1087 762 »
1133 723 1231 765 Non
1267 736 1368 779 ergo
1401 731 1464 766 est

79 789 306 834 adversum
321 806 365 835 se
385 790 570 835 divisum
586 807 768 850 regnum
795 792 954 836 Christi
971 812 982 848 3
1001 791 1074 835 sed
1092 792 1288 836 homines
1305 808 1462 837 conan-

79 869 150 904 tur
179 860 394 916 dividere,
420 877 508 921 quo
541 871 738 921 emptum
770 871 833 906 est
865 862 1004 922 pretio
1031 863 1249 920 sanguinis
1285 863 1459 908 Christi.

77 931 207 976 Novit
229 931 345 975 enim
363 932 572 976 Dominus
595 933 670 992 qui
692 942 793 976 sunt
815 933 920 992 ejus.
950 952 970 974 α
995 935 1052 976 Et
1074 932 1268 987 recedat,
1294 933 1459 993 inquit,

81 1019 101 1042 »
125 1002 180 1045 ab
196 1002 427 1062 iniquitate
442 1004 582 1047 omnis
599 1004 675 1062 qui
689 1004 886 1048 nominat
902 1019 1063 1048 nomen
1081 1004 1295 1048 Domini‘2.
1314 1022 1334 1046 »
1352 1007 1461 1050 Nam

77 1071 112 1115 si
139 1072 194 1114 ab
226 1072 454 1131 iniquitate
492 1088 582 1117 non
614 1072 803 1128 recedit,
842 1089 931 1118 non
959 1074 1147 1132 pertinet
1185 1073 1240 1118 ad
1277 1090 1460 1133 regnum

77 1141 263 1196 Christi,
288 1143 416 1186 etiam
438 1143 667 1186 nominans
689 1158 849 1187 nomen
878 1143 1052 1187 Christi.
1089 1146 1145 1187 Ut
1166 1159 1270 1202 ergo
1293 1145 1434 1204 aliqua
1450 1181 1460 1199 ,

76 1210 260 1268 exempli
282 1211 432 1267 gratia,
453 1227 806 1266 commemorem,
828 1211 1002 1270 spiritus
1021 1213 1210 1257 avaritiae
1233 1222 1275 1257 et
1289 1215 1463 1274 spiritus

75 1278 282 1334 luxuriae,
319 1280 422 1339 quia
453 1279 527 1323 ille
555 1281 803 1334 contrahit,
841 1279 914 1324 ille
936 1281 1190 1339 profundit,
1217 1282 1340 1329 divisi
1360 1295 1463 1329 sunt

77 1349 306 1394 adversum
321 1364 364 1393 se
380 1370 391 1407 3
411 1358 454 1393 et
472 1350 602 1394 ambo
620 1350 841 1409 pertinent
855 1350 911 1394 ad
928 1365 1112 1408 regnum
1130 1352 1310 1398 diaboli.
1331 1355 1462 1413 Apud

75 1420 294 1464 idolorum
321 1420 532 1474 cultores,
567 1421 742 1480 spiritus
776 1422 961 1465 Junonis
995 1431 1038 1465 et
1065 1423 1239 1481 spiritus
1266 1426 1464 1470 Herculis

76 1489 200 1535 divisi
221 1499 322 1535 sunt
350 1489 579 1535 adversum
608 1506 675 1547 se,
708 1500 751 1534 et
785 1492 913 1535 ambo
946 1491 1166 1550 pertinent
1197 1493 1253 1537 ad
1282 1510 1463 1552 regnum

25 1606 29 1619 Α
75 1559 254 1604 diaboli.
281 1563 479 1619 Paganus
500 1560 634 1605 hostis
655 1561 816 1606 Christi
836 1570 878 1604 et
911 1561 1090 1606 Judaeus
1121 1563 1255 1607 hostis
1277 1565 1460 1619 Christi,

75 1631 197 1675 divisi
227 1640 330 1675 sunt
363 1631 592 1676 adversum
623 1646 689 1688 se3
729 1641 772 1674 et
793 1631 922 1676 ambo
958 1633 1179 1691 pertinent
1201 1633 1255 1678 ad
1279 1651 1461 1694 regnum

75 1700 252 1745 diaboli.
289 1701 473 1745 Arianus
494 1710 537 1745 et
559 1700 865 1754 PhotinianuS,
906 1702 1036 1746 ambo
1064 1703 1278 1761 haeretici3
1311 1714 1354 1748 et
1381 1708 1462 1750 ad-

74 1786 248 1816 versum
281 1786 325 1815 se
356 1773 486 1816 ambo
508 1771 646 1816 divisi.
672 1771 895 1815 Donatista
917 1781 960 1815 et
981 1773 1299 1818 Maximianista
1335 1777 1463 1822 ambo

75 1841 268 1885 haeretici
282 1862 293 1898 3
309 1851 352 1885 et
366 1841 594 1886 adversum
612 1856 656 1885 se
671 1841 799 1885 ambo
817 1841 955 1885 divisi.
976 1842 1133 1886 Omnia
1154 1842 1257 1887 vitia
1278 1859 1462 1891 errores-

75 1929 161 1973 que
175 1911 554 1957 mortalium'inter
570 1927 614 1956 se
636 1912 868 1966 contrarii,
885 1911 1009 1956 divisi
1023 1922 1125 1957 sunt
1145 1912 1374 1959 adversum
1389 1933 1433 1961 se
1444 1953 1455 1972 ,

75 1992 118 2027 et
129 1998 277 2028 omnes
294 1983 514 2042 pertinent
524 1981 579 2026 ad
591 1998 775 2041 regnum
793 1982 977 2027 diaboli:
994 1983 1092 2027 ideo
1108 1999 1196 2027 non
1214 1986 1344 2029 stabit
1359 2003 1458 2047 reg-

54 2061 180 2097 *num
202 2053 309 2112 ejus.
337 2056 487 2096 Justus
507 2061 655 2097 autem
677 2062 720 2097 et
740 2053 926 2112 impius,
952 2052 1090 2097 fidelis
1113 2063 1156 2098 et
1178 2054 1427 2102 incredulus
1444 2095 1454 2114 ,

74 2121 312 2167 catholicus
333 2130 377 2165 et
393 2121 645 2176 haereticus,
672 2121 795 2166 divisi
817 2123 997 2182 quidem
1013 2133 1115 2167 sunt
1137 2123 1362 2171 adversum
1387 2144 1452 2184 se,

75 2192 149 2236 sed
169 2207 258 2236 non
281 2191 410 2235 ambo
433 2191 654 2250 pertinent
675 2189 728 2235 ad
750 2207 934 2251 regnum
951 2192 1125 2237 Christi.
1153 2195 1282 2239 Novit
1303 2199 1454 2242 Domi-

74 2276 155 2306 nus
177 2262 253 2322 qui
270 2270 372 2305 sunt
392 2262 498 2320 ejus.
531 2263 668 2306 Nemo
694 2261 776 2305 sibi
798 2261 853 2306 de
873 2262 1088 2307 vocabulo
1116 2263 1383 2312 blandiatur.
1412 2271 1454 2315 Si

74 2331 167 2376 vult
194 2332 276 2375 sibi
296 2332 499 2391 prodesse
520 2346 679 2375 nomen
708 2331 904 2386 Domini,
941 2332 1114 2377 recedat
1141 2335 1196 2377 ab
1225 2335 1453 2396 iniquitate

73 2402 148 2461 qui
164 2401 338 2445 invocat
359 2416 519 2445 nomen
535 2400 723 2444 Domini.

131 2474 183 2515 V.
209 2471 292 2516 Sed
318 2472 397 2516 ista
420 2472 550 2516 verba
572 2471 816 2528 evangelica
837 2471 915 2516 etsi
938 2472 1159 2517 habebant
1183 2474 1346 2535 aliquid
1368 2480 1450 2524 ob-

122 2561 130 2578 ¹
152 2555 271 2588 Matth.
290 2566 346 2595 xil,
363 2556 414 2587 30.
436 2572 476 2579 -ι
496 2561 508 2577 ²
529 2555 612 2587 Beda
637 2555 676 2586 ad
694 2563 713 2587 2
731 2555 810 2587 Tim.
831 2566 864 2594 ιι,
883 2566 916 2596 9.

261 2619 397 2650 cxxv.
1269 2616 1315 2653 19
