<?xml version="1.0" encoding="UTF-8"?>
<!DOCTYPE html PUBLIC "-//W3C//DTD XHTML 1.0 Transitional//EN"
    "http://www.w3.org/TR/xhtml1/DTD/xhtml1-transitional.dtd">
<html xmlns="http://www.w3.org/1999/xhtml" xml:lang="en" lang="en">
 <head>
  <title>
</title>
<meta http-equiv="Content-Type" content="text/html;charset=utf-8" />
  <meta name='ocr-system' content='tesseract 3.04.00' />
  <meta name='ocr-capabilities' content='ocr_page ocr_carea ocr_par ocr_line ocrx_word'/>
</head>
<body>
  <div class='ocr_page' id='page_1' title='image "./operaomniaaccura18auguuoft_0203.png"; bbox 0 0 1898 3178; ppageno 0'>
   <div class='ocr_carea' id='block_1_1' title="bbox 0 0 48 1413">
    <p class='ocr_par' dir='ltr' id='par_1_1' title="bbox 0 0 48 1413">
     <span class='ocr_line' id='line_1_1' title="bbox 0 0 48 1413; baseline 0 0"><span class='ocrx_word' id='word_1_1' title='bbox 0 0 48 1413; x_wconf 95' lang='lat' dir='ltr'> </span> 
     </span>
    </p>
   </div>
   <div class='ocr_carea' id='block_1_2' title="bbox 251 194 1454 234">
    <p class='ocr_par' dir='ltr' id='par_1_2' title="bbox 251 194 1454 234">
     <span class='ocr_line' id='line_1_2' title="bbox 251 194 1454 234; baseline 0.002 -11"><span class='ocrx_word' id='word_1_2' title='bbox 251 198 388 224; x_wconf 66' lang='lat' dir='ltr'>summ</span> <span class='ocrx_word' id='word_1_3' title='bbox 423 199 536 234; x_wconf 67' lang='lat' dir='ltr'>mii,</span> <span class='ocrx_word' id='word_1_4' title='bbox 573 198 617 223; x_wconf 72' lang='lat' dir='ltr'>m</span> <span class='ocrx_word' id='word_1_5' title='bbox 650 195 813 224; x_wconf 57' lang='lat' dir='ltr'>MA‘ian.</span> <span class='ocrx_word' id='word_1_6' title='bbox 851 200 919 234; x_wconf 70' lang='lat' dir='ltr'>w,</span> <span class='ocrx_word' id='word_1_7' title='bbox 957 199 1009 224; x_wconf 75' lang='lat' dir='ltr'>m:</span> <span class='ocrx_word' id='word_1_8' title='bbox 1042 200 1162 224; x_wconf 57' lang='lat' dir='ltr'>omi.</span> <span class='ocrx_word' id='word_1_9' title='bbox 1202 203 1306 227; x_wconf 60' lang='lat' dir='ltr'>oon.</span> <span class='ocrx_word' id='word_1_10' title='bbox 1376 194 1454 229; x_wconf 54' lang='lat' dir='ltr'>issi}</span> 
     </span>
    </p>
   </div>
   <div class='ocr_carea' id='block_1_3' title="bbox 80 261 1460 672">
    <p class='ocr_par' dir='ltr' id='par_1_3' title="bbox 80 261 1460 672">
     <span class='ocr_line' id='line_1_3' title="bbox 82 261 1456 321; baseline 0.004 -15"><span class='ocrx_word' id='word_1_11' title='bbox 82 263 270 306; x_wconf 87' lang='lat' dir='ltr'>tificatur</span> <span class='ocrx_word' id='word_1_12' title='bbox 292 277 452 307; x_wconf 89' lang='lat' dir='ltr'>nomen</span> <span class='ocrx_word' id='word_1_13' title='bbox 473 262 562 321; x_wconf 88' lang='lat' dir='ltr'>ejus</span> <span class='ocrx_word' id='word_1_14' title='bbox 594 261 640 304; x_wconf 85' lang='lat' dir='ltr'>in</span> <span class='ocrx_word' id='word_1_15' title='bbox 668 263 793 306; x_wconf 86' lang='lat' dir='ltr'>nobis</span> <span class='ocrx_word' id='word_1_16' title='bbox 813 297 823 317; x_wconf 89' lang='lat'>,</span> <span class='ocrx_word' id='word_1_17' title='bbox 849 263 930 307; x_wconf 89' lang='lat' dir='ltr'>nisi</span> <span class='ocrx_word' id='word_1_18' title='bbox 952 263 1057 308; x_wconf 85' lang='lat' dir='ltr'>dum</span> <span class='ocrx_word' id='word_1_19' title='bbox 1080 279 1158 308; x_wconf 91' lang='lat' dir='ltr'>nos</span> <span class='ocrx_word' id='word_1_20' title='bbox 1179 266 1311 310; x_wconf 87' lang='lat' dir='ltr'>efficit</span> <span class='ocrx_word' id='word_1_21' title='bbox 1331 282 1456 311; x_wconf 76' lang='lat' dir='ltr'>sanc·-</span> 
     </span>
     <span class='ocr_line' id='line_1_4' title="bbox 83 331 1457 395; baseline 0.004 -19"><span class='ocrx_word' id='word_1_22' title='bbox 83 333 177 376; x_wconf 81' lang='lat' dir='ltr'>tos?</span> <span class='ocrx_word' id='word_1_23' title='bbox 199 334 284 377; x_wconf 91' lang='lat' dir='ltr'>Nos</span> <span class='ocrx_word' id='word_1_24' title='bbox 306 332 421 376; x_wconf 91' lang='lat' dir='ltr'>enim</span> <span class='ocrx_word' id='word_1_25' title='bbox 443 331 606 375; x_wconf 90' lang='lat' dir='ltr'>fuimus</span> <span class='ocrx_word' id='word_1_26' title='bbox 626 346 716 375; x_wconf 89' lang='lat' dir='ltr'>non</span> <span class='ocrx_word' id='word_1_27' title='bbox 737 333 888 387; x_wconf 85' lang='lat' dir='ltr'>sancti,</span> <span class='ocrx_word' id='word_1_28' title='bbox 905 342 948 378; x_wconf 87' lang='lat' dir='ltr'>et</span> <span class='ocrx_word' id='word_1_29' title='bbox 968 349 1045 392; x_wconf 88' lang='lat' dir='ltr'>per</span> <span class='ocrx_word' id='word_1_30' title='bbox 1066 349 1226 379; x_wconf 87' lang='lat' dir='ltr'>nomen</span> <span class='ocrx_word' id='word_1_31' title='bbox 1248 337 1337 395; x_wconf 86' lang='lat' dir='ltr'>ejus</span> <span class='ocrx_word' id='word_1_32' title='bbox 1359 339 1457 381; x_wconf 83' lang='lat' dir='ltr'>essi-</span> 
     </span>
     <span class='ocr_line' id='line_1_5' title="bbox 80 400 1459 465; baseline 0.004 -20"><span class='ocrx_word' id='word_1_33' title='bbox 80 401 219 446; x_wconf 88' lang='lat' dir='ltr'>cimur</span> <span class='ocrx_word' id='word_1_34' title='bbox 234 401 369 445; x_wconf 89' lang='lat' dir='ltr'>sancti</span> <span class='ocrx_word' id='word_1_35' title='bbox 391 419 400 444; x_wconf 74' lang='grc' dir='ltr'>ε</span> <span class='ocrx_word' id='word_1_36' title='bbox 420 400 511 459; x_wconf 89' lang='lat' dir='ltr'>ipse</span> <span class='ocrx_word' id='word_1_37' title='bbox 531 409 672 445; x_wconf 88' lang='lat' dir='ltr'>autem</span> <span class='ocrx_word' id='word_1_38' title='bbox 693 415 860 460; x_wconf 86' lang='lat' dir='ltr'>semper</span> <span class='ocrx_word' id='word_1_39' title='bbox 877 412 1070 458; x_wconf 85' lang='lat' dir='ltr'>sanctus,</span> <span class='ocrx_word' id='word_1_40' title='bbox 1090 413 1133 449; x_wconf 89' lang='lat' dir='ltr'>et</span> <span class='ocrx_word' id='word_1_41' title='bbox 1149 420 1310 450; x_wconf 91' lang='lat' dir='ltr'>nomen</span> <span class='ocrx_word' id='word_1_42' title='bbox 1324 407 1459 465; x_wconf 86' lang='lat' dir='ltr'>ipsius</span> 
     </span>
     <span class='ocr_line' id='line_1_6' title="bbox 80 471 1458 535; baseline 0.004 -19"><span class='ocrx_word' id='word_1_43' title='bbox 80 487 249 532; x_wconf 85' lang='lat' dir='ltr'>semper</span> <span class='ocrx_word' id='word_1_44' title='bbox 271 480 482 517; x_wconf 89' lang='lat' dir='ltr'>sanctum.</span> <span class='ocrx_word' id='word_1_45' title='bbox 506 474 589 516; x_wconf 90' lang='lat' dir='ltr'>Pro</span> <span class='ocrx_word' id='word_1_46' title='bbox 621 471 746 516; x_wconf 89' lang='lat' dir='ltr'>nobis</span> <span class='ocrx_word' id='word_1_47' title='bbox 767 488 991 531; x_wconf 80' lang='lat' dir='ltr'>rogamus,</span> <span class='ocrx_word' id='word_1_48' title='bbox 1025 491 1114 519; x_wconf 89' lang='lat' dir='ltr'>non</span> <span class='ocrx_word' id='word_1_49' title='bbox 1134 491 1213 535; x_wconf 88' lang='lat' dir='ltr'>pro</span> <span class='ocrx_word' id='word_1_50' title='bbox 1235 480 1339 521; x_wconf 91' lang='lat' dir='ltr'>Deo.</span> <span class='ocrx_word' id='word_1_51' title='bbox 1360 480 1458 523; x_wconf 89' lang='lat' dir='ltr'>Non</span> 
     </span>
     <span class='ocr_line' id='line_1_7' title="bbox 80 543 1457 608; baseline 0.004 -21"><span class='ocrx_word' id='word_1_52' title='bbox 80 544 194 587; x_wconf 90' lang='lat' dir='ltr'>enim</span> <span class='ocrx_word' id='word_1_53' title='bbox 217 543 328 587; x_wconf 89' lang='lat' dir='ltr'>bene</span> <span class='ocrx_word' id='word_1_54' title='bbox 360 552 560 602; x_wconf 89' lang='lat' dir='ltr'>optamus</span> <span class='ocrx_word' id='word_1_55' title='bbox 579 545 691 598; x_wconf 85' lang='lat' dir='ltr'>Deo,</span> <span class='ocrx_word' id='word_1_56' title='bbox 714 543 784 587; x_wconf 90' lang='lat' dir='ltr'>cui</span> <span class='ocrx_word' id='word_1_57' title='bbox 808 543 917 588; x_wconf 89' lang='lat' dir='ltr'>nihil</span> <span class='ocrx_word' id='word_1_58' title='bbox 936 545 1038 588; x_wconf 84' lang='lat' dir='ltr'>mali</span> <span class='ocrx_word' id='word_1_59' title='bbox 1056 556 1197 605; x_wconf 83' lang='lat' dir='ltr'>potest</span> <span class='ocrx_word' id='word_1_60' title='bbox 1222 547 1457 608; x_wconf 87' lang='lat' dir='ltr'>aliquando</span> 
     </span>
     <span class='ocr_line' id='line_1_8' title="bbox 80 612 1460 672; baseline 0.005 -16"><span class='ocrx_word' id='word_1_61' title='bbox 80 613 264 657; x_wconf 87' lang='lat' dir='ltr'>evenire.</span> <span class='ocrx_word' id='word_1_62' title='bbox 289 612 373 657; x_wconf 87' lang='lat' dir='ltr'>Sed</span> <span class='ocrx_word' id='word_1_63' title='bbox 395 622 594 672; x_wconf 89' lang='lat' dir='ltr'>optamus</span> <span class='ocrx_word' id='word_1_64' title='bbox 611 613 734 657; x_wconf 81' lang='lat' dir='ltr'>nohis</span> <span class='ocrx_word' id='word_1_65' title='bbox 752 613 918 657; x_wconf 85' lang='lat' dir='ltr'>bonurn</span> <span class='ocrx_word' id='word_1_66' title='bbox 931 649 941 668; x_wconf 86' lang='lat'>‚</span> <span class='ocrx_word' id='word_1_67' title='bbox 963 624 1011 658; x_wconf 86' lang='lat' dir='ltr'>ut</span> <span class='ocrx_word' id='word_1_68' title='bbox 1029 617 1321 661; x_wconf 88' lang='lat' dir='ltr'>sanctificetur</span> <span class='ocrx_word' id='word_1_69' title='bbox 1339 634 1460 663; x_wconf 78' lang='lat' dir='ltr'>sanc-</span> 
     </span>
    </p>
   </div>
   <div class='ocr_carea' id='block_1_4' title="bbox 68 683 1461 744">
    <p class='ocr_par' dir='ltr' id='par_1_4' title="bbox 68 683 1461 744">
     <span class='ocr_line' id='line_1_9' title="bbox 68 683 1461 744; baseline 0.005 -17"><span class='ocrx_word' id='word_1_70' title='bbox 68 692 173 734; x_wconf 77' lang='lat' dir='ltr'>,tum</span> <span class='ocrx_word' id='word_1_71' title='bbox 194 698 355 728; x_wconf 89' lang='lat' dir='ltr'>nomen</span> <span class='ocrx_word' id='word_1_72' title='bbox 392 684 482 744; x_wconf 87' lang='lat' dir='ltr'>ejus</span> <span class='ocrx_word' id='word_1_73' title='bbox 508 702 517 729; x_wconf 92' lang='lat'>:</span> <span class='ocrx_word' id='word_1_74' title='bbox 544 683 664 744; x_wconf 90' lang='lat' dir='ltr'>quod</span> <span class='ocrx_word' id='word_1_75' title='bbox 685 698 854 743; x_wconf 87' lang='lat' dir='ltr'>semper</span> <span class='ocrx_word' id='word_1_76' title='bbox 874 694 1071 730; x_wconf 86' lang='lat' dir='ltr'>sanctum</span> <span class='ocrx_word' id='word_1_77' title='bbox 1093 696 1158 731; x_wconf 89' lang='lat' dir='ltr'>est</span> <span class='ocrx_word' id='word_1_78' title='bbox 1178 722 1189 742; x_wconf 84' lang='lat'>‚</span> <span class='ocrx_word' id='word_1_79' title='bbox 1220 689 1461 734; x_wconf 79' lang='lat' dir='ltr'>sanctifice-</span> 
     </span>
    </p>
   </div>
   <div class='ocr_carea' id='block_1_5' title="bbox 75 755 1465 2218">
    <p class='ocr_par' dir='ltr' id='par_1_5' title="bbox 81 755 376 799">
     <span class='ocr_line' id='line_1_10' title="bbox 81 755 376 799; baseline -0.003 0"><span class='ocrx_word' id='word_1_80' title='bbox 81 764 151 799; x_wconf 92' lang='lat' dir='ltr'>tur</span> <span class='ocrx_word' id='word_1_81' title='bbox 172 756 219 798; x_wconf 90' lang='lat' dir='ltr'>in</span> <span class='ocrx_word' id='word_1_82' title='bbox 235 755 376 799; x_wconf 86' lang='lat' dir='ltr'>nobis.</span> 
     </span>
    </p>

    <p class='ocr_par' dir='ltr' id='par_1_6' title="bbox 75 825 1465 2218">
     <span class='ocr_line' id='line_1_11' title="bbox 137 825 1456 888; baseline 0.005 -20"><span class='ocrx_word' id='word_1_83' title='bbox 137 828 190 869; x_wconf 91' lang='lat' dir='ltr'>V.</span> <span class='ocrx_word' id='word_1_84' title='bbox 218 844 239 868; x_wconf 88' lang='lat'>«</span> <span class='ocrx_word' id='word_1_85' title='bbox 258 825 413 870; x_wconf 84' lang='lat' dir='ltr'>Veniat</span> <span class='ocrx_word' id='word_1_86' title='bbox 430 840 615 884; x_wconf 83' lang='lat' dir='ltr'>regnum</span> <span class='ocrx_word' id='word_1_87' title='bbox 637 835 763 870; x_wconf 88' lang='lat' dir='ltr'>tuum</span> <span class='ocrx_word' id='word_1_88' title='bbox 778 829 807 869; x_wconf 85' lang='lat'>¹.</span> <span class='ocrx_word' id='word_1_89' title='bbox 838 844 857 867; x_wconf 88' lang='lat'>»</span> <span class='ocrx_word' id='word_1_90' title='bbox 884 829 1101 881; x_wconf 83' lang='lat' dir='ltr'>Petamus,</span> <span class='ocrx_word' id='word_1_91' title='bbox 1127 843 1216 872; x_wconf 88' lang='lat' dir='ltr'>non</span> <span class='ocrx_word' id='word_1_92' title='bbox 1233 839 1428 888; x_wconf 81' lang='lat' dir='ltr'>petamus</span> <span class='ocrx_word' id='word_1_93' title='bbox 1445 867 1456 886; x_wconf 81' lang='lat'>‚</span> 
     </span>
     <span class='ocr_line' id='line_1_12' title="bbox 79 895 1458 958; baseline 0.003 -18"><span class='ocrx_word' id='word_1_94' title='bbox 79 896 224 941; x_wconf 90' lang='lat' dir='ltr'>venire</span> <span class='ocrx_word' id='word_1_95' title='bbox 249 896 394 940; x_wconf 88' lang='lat' dir='ltr'>habet.</span> <span class='ocrx_word' id='word_1_96' title='bbox 428 895 570 940; x_wconf 85' lang='lat' dir='ltr'>Habet</span> <span class='ocrx_word' id='word_1_97' title='bbox 591 895 770 956; x_wconf 85' lang='lat' dir='ltr'>quidem</span> <span class='ocrx_word' id='word_1_98' title='bbox 792 912 975 955; x_wconf 81' lang='lat' dir='ltr'>regnum</span> <span class='ocrx_word' id='word_1_99' title='bbox 995 900 1110 941; x_wconf 89' lang='lat' dir='ltr'>Deus</span> <span class='ocrx_word' id='word_1_100' title='bbox 1131 900 1458 958; x_wconf 87' lang='lat' dir='ltr'>sempiternum.</span> 
     </span>
     <span class='ocr_line' id='line_1_13' title="bbox 79 965 1464 1030; baseline 0.002 -21"><span class='ocrx_word' id='word_1_101' title='bbox 79 965 265 1020; x_wconf 83' lang='lat' dir='ltr'>Quando</span> <span class='ocrx_word' id='word_1_102' title='bbox 302 967 418 1010; x_wconf 90' lang='lat' dir='ltr'>enim</span> <span class='ocrx_word' id='word_1_103' title='bbox 462 982 552 1011; x_wconf 92' lang='lat' dir='ltr'>non</span> <span class='ocrx_word' id='word_1_104' title='bbox 592 969 818 1025; x_wconf 77' lang='lat' dir='ltr'>regnavit?</span> <span class='ocrx_word' id='word_1_105' title='bbox 856 966 1044 1020; x_wconf 85' lang='lat' dir='ltr'>Quando</span> <span class='ocrx_word' id='word_1_106' title='bbox 1078 984 1258 1027; x_wconf 85' lang='lat' dir='ltr'>regnare</span> <span class='ocrx_word' id='word_1_107' title='bbox 1296 972 1464 1030; x_wconf 76' lang='lat' dir='ltr'>coepit?</span> 
     </span>
     <span class='ocr_line' id='line_1_14' title="bbox 79 1036 1462 1096; baseline 0.004 -16"><span class='ocrx_word' id='word_1_108' title='bbox 79 1036 265 1090; x_wconf 85' lang='lat' dir='ltr'>Quando</span> <span class='ocrx_word' id='word_1_109' title='bbox 298 1052 483 1095; x_wconf 82' lang='lat' dir='ltr'>regnum</span> <span class='ocrx_word' id='word_1_110' title='bbox 513 1037 602 1096; x_wconf 86' lang='lat' dir='ltr'>ejus</span> <span class='ocrx_word' id='word_1_111' title='bbox 624 1037 798 1081; x_wconf 90' lang='lat' dir='ltr'>initium</span> <span class='ocrx_word' id='word_1_112' title='bbox 822 1038 908 1082; x_wconf 86' lang='lat' dir='ltr'>non</span> <span class='ocrx_word' id='word_1_113' title='bbox 944 1038 1099 1094; x_wconf 85' lang='lat' dir='ltr'>habet,</span> <span class='ocrx_word' id='word_1_114' title='bbox 1126 1054 1207 1083; x_wconf 89' lang='lat' dir='ltr'>nec</span> <span class='ocrx_word' id='word_1_115' title='bbox 1227 1040 1360 1084; x_wconf 88' lang='lat' dir='ltr'>finem</span> <span class='ocrx_word' id='word_1_116' title='bbox 1381 1042 1462 1086; x_wconf 90' lang='lat' dir='ltr'>ha-</span> 
     </span>
     <span class='ocr_line' id='line_1_15' title="bbox 77 1105 1463 1166; baseline 0.004 -16"><span class='ocrx_word' id='word_1_117' title='bbox 77 1105 212 1150; x_wconf 86' lang='lat' dir='ltr'>behit.</span> <span class='ocrx_word' id='word_1_118' title='bbox 241 1107 326 1151; x_wconf 92' lang='lat' dir='ltr'>Sed</span> <span class='ocrx_word' id='word_1_119' title='bbox 342 1115 391 1150; x_wconf 89' lang='lat' dir='ltr'>ut</span> <span class='ocrx_word' id='word_1_120' title='bbox 426 1106 563 1150; x_wconf 88' lang='lat' dir='ltr'>sciatis</span> <span class='ocrx_word' id='word_1_121' title='bbox 595 1107 697 1165; x_wconf 91' lang='lat' dir='ltr'>quia</span> <span class='ocrx_word' id='word_1_122' title='bbox 718 1116 760 1151; x_wconf 90' lang='lat' dir='ltr'>et</span> <span class='ocrx_word' id='word_1_123' title='bbox 781 1107 864 1151; x_wconf 92' lang='lat' dir='ltr'>hoc</span> <span class='ocrx_word' id='word_1_124' title='bbox 886 1123 965 1166; x_wconf 88' lang='lat' dir='ltr'>pro</span> <span class='ocrx_word' id='word_1_125' title='bbox 987 1108 1113 1152; x_wconf 86' lang='lat' dir='ltr'>nobis</span> <span class='ocrx_word' id='word_1_126' title='bbox 1145 1124 1340 1165; x_wconf 83' lang='lat' dir='ltr'>oramus,</span> <span class='ocrx_word' id='word_1_127' title='bbox 1372 1127 1463 1155; x_wconf 91' lang='lat' dir='ltr'>non</span> 
     </span>
     <span class='ocr_line' id='line_1_16' title="bbox 79 1177 1463 1239; baseline 0.003 -18"><span class='ocrx_word' id='word_1_128' title='bbox 79 1193 157 1237; x_wconf 88' lang='lat' dir='ltr'>pro</span> <span class='ocrx_word' id='word_1_129' title='bbox 198 1180 289 1221; x_wconf 89' lang='lat' dir='ltr'>Deo</span> <span class='ocrx_word' id='word_1_130' title='bbox 324 1196 332 1221; x_wconf 92' lang='lat'>:</span> <span class='ocrx_word' id='word_1_131' title='bbox 367 1180 485 1235; x_wconf 84' lang='lat' dir='ltr'>(non</span> <span class='ocrx_word' id='word_1_132' title='bbox 523 1178 637 1221; x_wconf 89' lang='lat' dir='ltr'>enim</span> <span class='ocrx_word' id='word_1_133' title='bbox 677 1178 737 1222; x_wconf 91' lang='lat' dir='ltr'>sic</span> <span class='ocrx_word' id='word_1_134' title='bbox 770 1177 954 1222; x_wconf 82' lang='lat' dir='ltr'>dicimus</span> <span class='ocrx_word' id='word_1_135' title='bbox 990 1198 999 1222; x_wconf 92' lang='lat'>:</span> <span class='ocrx_word' id='word_1_136' title='bbox 1039 1198 1059 1221; x_wconf 94' lang='lat'>«</span> <span class='ocrx_word' id='word_1_137' title='bbox 1086 1180 1245 1225; x_wconf 83' lang='lat' dir='ltr'>Veniat</span> <span class='ocrx_word' id='word_1_138' title='bbox 1281 1196 1463 1239; x_wconf 81' lang='lat' dir='ltr'>reguum</span> 
     </span>
     <span class='ocr_line' id='line_1_17' title="bbox 80 1248 1461 1310; baseline 0.005 -21"><span class='ocrx_word' id='word_1_139' title='bbox 80 1265 102 1290; x_wconf 87' lang='lat'>»</span> <span class='ocrx_word' id='word_1_140' title='bbox 136 1257 262 1291; x_wconf 91' lang='lat' dir='ltr'>tuum</span> <span class='ocrx_word' id='word_1_141' title='bbox 282 1282 292 1302; x_wconf 83' lang='lat'>‚</span> <span class='ocrx_word' id='word_1_142' title='bbox 326 1265 347 1288; x_wconf 88' lang='lat'>»</span> <span class='ocrx_word' id='word_1_143' title='bbox 377 1248 500 1306; x_wconf 82' lang='lat' dir='ltr'>quasi</span> <span class='ocrx_word' id='word_1_144' title='bbox 533 1257 752 1306; x_wconf 83' lang='lat' dir='ltr'>optantes,</span> <span class='ocrx_word' id='word_1_145' title='bbox 788 1257 837 1290; x_wconf 91' lang='lat' dir='ltr'>ut</span> <span class='ocrx_word' id='word_1_146' title='bbox 875 1258 1026 1307; x_wconf 83' lang='lat' dir='ltr'>regnet</span> <span class='ocrx_word' id='word_1_147' title='bbox 1063 1253 1179 1294; x_wconf 88' lang='lat' dir='ltr'>Deus</span> <span class='ocrx_word' id='word_1_148' title='bbox 1207 1254 1248 1307; x_wconf 81' lang='lat' dir='ltr'>z)</span> <span class='ocrx_word' id='word_1_149' title='bbox 1281 1267 1461 1310; x_wconf 86' lang='lat' dir='ltr'>regnum</span> 
     </span>
     <span class='ocr_line' id='line_1_18' title="bbox 77 1316 1464 1379; baseline 0.004 -18"><span class='ocrx_word' id='word_1_150' title='bbox 77 1317 209 1377; x_wconf 90' lang='lat' dir='ltr'>ipsius</span> <span class='ocrx_word' id='word_1_151' title='bbox 241 1332 320 1361; x_wconf 91' lang='lat' dir='ltr'>nos</span> <span class='ocrx_word' id='word_1_152' title='bbox 341 1316 501 1360; x_wconf 89' lang='lat' dir='ltr'>erimus</span> <span class='ocrx_word' id='word_1_153' title='bbox 522 1316 556 1360; x_wconf 89' lang='lat' dir='ltr'>si</span> <span class='ocrx_word' id='word_1_154' title='bbox 577 1316 623 1359; x_wconf 89' lang='lat' dir='ltr'>in</span> <span class='ocrx_word' id='word_1_155' title='bbox 658 1316 780 1360; x_wconf 90' lang='lat' dir='ltr'>illum</span> <span class='ocrx_word' id='word_1_156' title='bbox 805 1317 1028 1369; x_wconf 87' lang='lat' dir='ltr'>credentes</span> <span class='ocrx_word' id='word_1_157' title='bbox 1064 1318 1109 1362; x_wconf 91' lang='lat' dir='ltr'>in</span> <span class='ocrx_word' id='word_1_158' title='bbox 1142 1334 1193 1363; x_wconf 88' lang='lat' dir='ltr'>eo</span> <span class='ocrx_word' id='word_1_159' title='bbox 1226 1320 1464 1379; x_wconf 84' lang='lat' dir='ltr'>profeceri-</span> 
     </span>
     <span class='ocr_line' id='line_1_19' title="bbox 77 1385 1465 1448; baseline 0.004 -16"><span class='ocrx_word' id='word_1_160' title='bbox 77 1403 188 1432; x_wconf 87' lang='lat' dir='ltr'>mus.</span> <span class='ocrx_word' id='word_1_161' title='bbox 211 1388 372 1431; x_wconf 90' lang='lat' dir='ltr'>Omnes</span> <span class='ocrx_word' id='word_1_162' title='bbox 395 1385 546 1430; x_wconf 89' lang='lat' dir='ltr'>fideles</span> <span class='ocrx_word' id='word_1_163' title='bbox 568 1386 778 1447; x_wconf 86' lang='lat' dir='ltr'>redempti</span> <span class='ocrx_word' id='word_1_164' title='bbox 798 1388 1005 1445; x_wconf 89' lang='lat' dir='ltr'>sanguine</span> <span class='ocrx_word' id='word_1_165' title='bbox 1022 1387 1147 1433; x_wconf 86' lang='lat' dir='ltr'>Unici</span> <span class='ocrx_word' id='word_1_166' title='bbox 1163 1389 1313 1448; x_wconf 85' lang='lat' dir='ltr'>ipsius,</span> <span class='ocrx_word' id='word_1_167' title='bbox 1336 1403 1465 1438; x_wconf 87' lang='lat' dir='ltr'>erunt</span> 
     </span>
     <span class='ocr_line' id='line_1_20' title="bbox 77 1457 1463 1518; baseline 0.004 -17"><span class='ocrx_word' id='word_1_168' title='bbox 77 1472 262 1516; x_wconf 85' lang='lat' dir='ltr'>regnum</span> <span class='ocrx_word' id='word_1_169' title='bbox 282 1457 430 1516; x_wconf 88' lang='lat' dir='ltr'>ipsius.</span> <span class='ocrx_word' id='word_1_170' title='bbox 452 1458 697 1500; x_wconf 85' lang='lat' dir='ltr'>Venturum</span> <span class='ocrx_word' id='word_1_171' title='bbox 721 1467 784 1501; x_wconf 87' lang='lat' dir='ltr'>est</span> <span class='ocrx_word' id='word_1_172' title='bbox 802 1466 946 1501; x_wconf 88' lang='lat' dir='ltr'>autem</span> <span class='ocrx_word' id='word_1_173' title='bbox 967 1458 1109 1517; x_wconf 87' lang='lat' dir='ltr'>ipsum</span> <span class='ocrx_word' id='word_1_174' title='bbox 1129 1474 1336 1518; x_wconf 81' lang='lat' dir='ltr'>regnum,</span> <span class='ocrx_word' id='word_1_175' title='bbox 1362 1478 1463 1506; x_wconf 86' lang='lat' dir='ltr'>cuin</span> 
     </span>
     <span class='ocr_line' id='line_1_21' title="bbox 78 1527 1465 1577; baseline 0.004 -5"><span class='ocrx_word' id='word_1_176' title='bbox 78 1527 192 1572; x_wconf 84' lang='lat' dir='ltr'>facta</span> <span class='ocrx_word' id='word_1_177' title='bbox 221 1527 353 1571; x_wconf 87' lang='lat' dir='ltr'>fuerit</span> <span class='ocrx_word' id='word_1_178' title='bbox 387 1527 645 1571; x_wconf 85' lang='lat' dir='ltr'>resurrectio</span> <span class='ocrx_word' id='word_1_179' title='bbox 672 1537 946 1572; x_wconf 86' lang='lat' dir='ltr'>mortuorum</span> <span class='ocrx_word' id='word_1_180' title='bbox 987 1548 995 1573; x_wconf 73' lang='grc' dir='ltr'>ε</span> <span class='ocrx_word' id='word_1_181' title='bbox 1036 1538 1142 1574; x_wconf 91' lang='lat' dir='ltr'>tunc</span> <span class='ocrx_word' id='word_1_182' title='bbox 1182 1531 1297 1574; x_wconf 90' lang='lat' dir='ltr'>enim</span> <span class='ocrx_word' id='word_1_183' title='bbox 1319 1534 1465 1577; x_wconf 79' lang='lat' dir='ltr'>veniet</span> 
     </span>
     <span class='ocr_line' id='line_1_22' title="bbox 77 1597 1462 1661; baseline 0.004 -19"><span class='ocrx_word' id='word_1_184' title='bbox 77 1598 180 1657; x_wconf 91' lang='lat' dir='ltr'>ipse.</span> <span class='ocrx_word' id='word_1_185' title='bbox 208 1601 377 1642; x_wconf 86' lang='lat' dir='ltr'>Etcum</span> <span class='ocrx_word' id='word_1_186' title='bbox 398 1597 710 1641; x_wconf 79' lang='lat' dir='ltr'>resurrexerint</span> <span class='ocrx_word' id='word_1_187' title='bbox 730 1599 914 1653; x_wconf 80' lang='lat' dir='ltr'>mortui,</span> <span class='ocrx_word' id='word_1_188' title='bbox 938 1597 1103 1643; x_wconf 88' lang='lat' dir='ltr'>dividet</span> <span class='ocrx_word' id='word_1_189' title='bbox 1125 1615 1212 1654; x_wconf 88' lang='lat' dir='ltr'>eos,</span> <span class='ocrx_word' id='word_1_190' title='bbox 1239 1601 1350 1646; x_wconf 90' lang='lat' dir='ltr'>sicut</span> <span class='ocrx_word' id='word_1_191' title='bbox 1373 1603 1462 1661; x_wconf 85' lang='lat' dir='ltr'>ipse</span> 
     </span>
     <span class='ocr_line' id='line_1_23' title="bbox 77 1666 1464 1726; baseline 0.002 -13"><span class='ocrx_word' id='word_1_192' title='bbox 77 1667 204 1723; x_wconf 89' lang='lat' dir='ltr'>dicit,</span> <span class='ocrx_word' id='word_1_193' title='bbox 224 1677 267 1712; x_wconf 85' lang='lat' dir='ltr'>et</span> <span class='ocrx_word' id='word_1_194' title='bbox 283 1675 418 1726; x_wconf 88' lang='lat' dir='ltr'>ponet</span> <span class='ocrx_word' id='word_1_195' title='bbox 448 1667 551 1711; x_wconf 88' lang='lat' dir='ltr'>alios</span> <span class='ocrx_word' id='word_1_196' title='bbox 574 1667 629 1722; x_wconf 78' lang='lat' dir='ltr'>ad</span> <span class='ocrx_word' id='word_1_197' title='bbox 652 1666 870 1711; x_wconf 82' lang='lat' dir='ltr'>dexteram</span> <span class='ocrx_word' id='word_1_198' title='bbox 888 1702 898 1721; x_wconf 81' lang='grc'>,</span> <span class='ocrx_word' id='word_1_199' title='bbox 925 1667 1029 1712; x_wconf 88' lang='lat' dir='ltr'>a-lios</span> <span class='ocrx_word' id='word_1_200' title='bbox 1053 1668 1107 1712; x_wconf 92' lang='lat' dir='ltr'>ad</span> <span class='ocrx_word' id='word_1_201' title='bbox 1138 1670 1366 1714; x_wconf 84' lang='lat' dir='ltr'>sinistram.</span> <span class='ocrx_word' id='word_1_202' title='bbox 1395 1673 1464 1716; x_wconf 78' lang='lat' dir='ltr'>Di-</span> 
     </span>
     <span class='ocr_line' id='line_1_24' title="bbox 75 1734 1461 1796; baseline 0.004 -15"><span class='ocrx_word' id='word_1_203' title='bbox 75 1746 146 1781; x_wconf 86' lang='lat' dir='ltr'>cet</span> <span class='ocrx_word' id='word_1_204' title='bbox 165 1737 225 1781; x_wconf 87' lang='lat' dir='ltr'>eis</span> <span class='ocrx_word' id='word_1_205' title='bbox 246 1737 320 1796; x_wconf 90' lang='lat' dir='ltr'>qui</span> <span class='ocrx_word' id='word_1_206' title='bbox 343 1735 397 1779; x_wconf 90' lang='lat' dir='ltr'>ad</span> <span class='ocrx_word' id='word_1_207' title='bbox 421 1734 638 1779; x_wconf 84' lang='lat' dir='ltr'>dexteram</span> <span class='ocrx_word' id='word_1_208' title='bbox 661 1746 789 1780; x_wconf 89' lang='lat' dir='ltr'>erunt</span> <span class='ocrx_word' id='word_1_209' title='bbox 818 1756 826 1780; x_wconf 87' lang='grc'>;</span> <span class='ocrx_word' id='word_1_210' title='bbox 848 1755 868 1777; x_wconf 86' lang='lat'>«</span> <span class='ocrx_word' id='word_1_211' title='bbox 887 1737 1056 1792; x_wconf 81' lang='lat' dir='ltr'>Venite,</span> <span class='ocrx_word' id='word_1_212' title='bbox 1080 1738 1300 1783; x_wconf 88' lang='lat' dir='ltr'>benedicti</span> <span class='ocrx_word' id='word_1_213' title='bbox 1324 1743 1461 1787; x_wconf 86' lang='lat' dir='ltr'>Patris</span> 
     </span>
     <span class='ocr_line' id='line_1_25' title="bbox 81 1806 1463 1867; baseline 0.004 -16"><span class='ocrx_word' id='word_1_214' title='bbox 81 1825 103 1850; x_wconf 91' lang='lat'>»</span> <span class='ocrx_word' id='word_1_215' title='bbox 136 1808 243 1861; x_wconf 88' lang='lat' dir='ltr'>mei,</span> <span class='ocrx_word' id='word_1_216' title='bbox 284 1806 491 1865; x_wconf 87' lang='lat' dir='ltr'>percipite</span> <span class='ocrx_word' id='word_1_217' title='bbox 513 1808 740 1864; x_wconf 74' lang='lat' dir='ltr'>regnum2.</span> <span class='ocrx_word' id='word_1_218' title='bbox 775 1824 795 1846; x_wconf 82' lang='lat'>»</span> <span class='ocrx_word' id='word_1_219' title='bbox 823 1808 917 1849; x_wconf 91' lang='lat' dir='ltr'>Hoc</span> <span class='ocrx_word' id='word_1_220' title='bbox 942 1815 1006 1850; x_wconf 89' lang='lat' dir='ltr'>est</span> <span class='ocrx_word' id='word_1_221' title='bbox 1034 1809 1155 1866; x_wconf 89' lang='lat' dir='ltr'>quod</span> <span class='ocrx_word' id='word_1_222' title='bbox 1184 1818 1384 1867; x_wconf 87' lang='lat' dir='ltr'>optamus</span> <span class='ocrx_word' id='word_1_223' title='bbox 1420 1823 1463 1857; x_wconf 89' lang='lat' dir='ltr'>ct</span> 
     </span>
     <span class='ocr_line' id='line_1_26' title="bbox 77 1875 1462 1936; baseline 0.003 -14"><span class='ocrx_word' id='word_1_224' title='bbox 77 1892 278 1936; x_wconf 86' lang='lat' dir='ltr'>rogamus</span> <span class='ocrx_word' id='word_1_225' title='bbox 297 1912 308 1931; x_wconf 82' lang='lat'><strong>‚</strong></span> <span class='ocrx_word' id='word_1_226' title='bbox 327 1875 504 1936; x_wconf 89' lang='lat' dir='ltr'>quando</span> <span class='ocrx_word' id='word_1_227' title='bbox 522 1875 705 1919; x_wconf 90' lang='lat' dir='ltr'>dicimus</span> <span class='ocrx_word' id='word_1_228' title='bbox 727 1894 735 1919; x_wconf 90' lang='lat'>:</span> <span class='ocrx_word' id='word_1_229' title='bbox 762 1893 780 1916; x_wconf 91' lang='lat'>«</span> <span class='ocrx_word' id='word_1_230' title='bbox 807 1876 962 1919; x_wconf 88' lang='lat' dir='ltr'>Veniat</span> <span class='ocrx_word' id='word_1_231' title='bbox 984 1892 1167 1935; x_wconf 84' lang='lat' dir='ltr'>regnum</span> <span class='ocrx_word' id='word_1_232' title='bbox 1190 1888 1316 1923; x_wconf 89' lang='lat' dir='ltr'>tuum</span> <span class='ocrx_word' id='word_1_233' title='bbox 1331 1916 1342 1935; x_wconf 78' lang='grc'>,</span> <span class='ocrx_word' id='word_1_234' title='bbox 1371 1901 1390 1923; x_wconf 87' lang='lat'>»</span> <span class='ocrx_word' id='word_1_235' title='bbox 1414 1894 1462 1928; x_wconf 88' lang='lat' dir='ltr'>ut</span> 
     </span>
     <span class='ocr_line' id='line_1_27' title="bbox 79 1945 1461 2009; baseline 0.002 -16"><span class='ocrx_word' id='word_1_236' title='bbox 79 1948 204 1993; x_wconf 92' lang='lat' dir='ltr'>nobis</span> <span class='ocrx_word' id='word_1_237' title='bbox 224 1947 383 1992; x_wconf 87' lang='lat' dir='ltr'>veniat.</span> <span class='ocrx_word' id='word_1_238' title='bbox 409 1948 517 1991; x_wconf 87' lang='lat' dir='ltr'>Nam</span> <span class='ocrx_word' id='word_1_239' title='bbox 539 1945 573 1989; x_wconf 92' lang='lat' dir='ltr'>si</span> <span class='ocrx_word' id='word_1_240' title='bbox 594 1960 672 1989; x_wconf 92' lang='lat' dir='ltr'>nos</span> <span class='ocrx_word' id='word_1_241' title='bbox 690 1945 862 2004; x_wconf 83' lang='lat' dir='ltr'>reprobi</span> <span class='ocrx_word' id='word_1_242' title='bbox 887 1945 1099 1990; x_wconf 86' lang='lat' dir='ltr'>fuerimus</span> <span class='ocrx_word' id='word_1_243' title='bbox 1115 1982 1126 2002; x_wconf 87' lang='lat'>‚</span> <span class='ocrx_word' id='word_1_244' title='bbox 1144 1946 1255 1992; x_wconf 75' lang='lat' dir='ltr'>illud</span> <span class='ocrx_word' id='word_1_245' title='bbox 1277 1965 1461 2009; x_wconf 86' lang='lat' dir='ltr'>regnum</span> 
     </span>
     <span class='ocr_line' id='line_1_28' title="bbox 80 2014 1462 2070; baseline 0.002 -7"><span class='ocrx_word' id='word_1_246' title='bbox 80 2018 170 2063; x_wconf 85' lang='lat' dir='ltr'>aliis</span> <span class='ocrx_word' id='word_1_247' title='bbox 201 2026 435 2061; x_wconf 87' lang='lat' dir='ltr'>venturum</span> <span class='ocrx_word' id='word_1_248' title='bbox 466 2024 555 2070; x_wconf 85' lang='lat' dir='ltr'>est,</span> <span class='ocrx_word' id='word_1_249' title='bbox 588 2030 677 2059; x_wconf 92' lang='lat' dir='ltr'>non</span> <span class='ocrx_word' id='word_1_250' title='bbox 706 2014 844 2058; x_wconf 84' lang='lat' dir='ltr'>nobis.</span> <span class='ocrx_word' id='word_1_251' title='bbox 878 2015 920 2059; x_wconf 90' lang='lat' dir='ltr'>Si</span> <span class='ocrx_word' id='word_1_252' title='bbox 950 2025 1095 2060; x_wconf 88' lang='lat' dir='ltr'>autem</span> <span class='ocrx_word' id='word_1_253' title='bbox 1123 2017 1170 2060; x_wconf 89' lang='lat' dir='ltr'>in</span> <span class='ocrx_word' id='word_1_254' title='bbox 1201 2034 1252 2062; x_wconf 90' lang='lat' dir='ltr'>eo</span> <span class='ocrx_word' id='word_1_255' title='bbox 1280 2035 1462 2067; x_wconf 87' lang='lat' dir='ltr'>numero</span> 
     </span>
     <span class='ocr_line' id='line_1_29' title="bbox 79 2083 1458 2151; baseline 0.002 -19"><span class='ocrx_word' id='word_1_256' title='bbox 79 2087 290 2133; x_wconf 87' lang='lat' dir='ltr'>fuerimus</span> <span class='ocrx_word' id='word_1_257' title='bbox 310 2121 321 2140; x_wconf 79' lang='grc'><em>,</em></span> <span class='ocrx_word' id='word_1_258' title='bbox 347 2086 422 2146; x_wconf 91' lang='lat' dir='ltr'>qui</span> <span class='ocrx_word' id='word_1_259' title='bbox 451 2085 670 2144; x_wconf 81' lang='lat' dir='ltr'>pertinent</span> <span class='ocrx_word' id='word_1_260' title='bbox 691 2083 745 2127; x_wconf 89' lang='lat' dir='ltr'>ad</span> <span class='ocrx_word' id='word_1_261' title='bbox 769 2085 964 2128; x_wconf 86' lang='lat' dir='ltr'>membra</span> <span class='ocrx_word' id='word_1_262' title='bbox 990 2087 1201 2144; x_wconf 85' lang='lat' dir='ltr'>unigeniti</span> <span class='ocrx_word' id='word_1_263' title='bbox 1225 2088 1320 2132; x_wconf 91' lang='lat' dir='ltr'>Filii</span> <span class='ocrx_word' id='word_1_264' title='bbox 1341 2092 1431 2151; x_wconf 88' lang='lat' dir='ltr'>ejus</span> <span class='ocrx_word' id='word_1_265' title='bbox 1448 2129 1458 2149; x_wconf 83' lang='lat'>‚</span> 
     </span>
     <span class='ocr_line' id='line_1_30' title="bbox 79 2154 1461 2218; baseline 0.003 -16"><span class='ocrx_word' id='word_1_266' title='bbox 79 2157 206 2203; x_wconf 90' lang='lat' dir='ltr'>nobis</span> <span class='ocrx_word' id='word_1_267' title='bbox 221 2157 366 2201; x_wconf 85' lang='lat' dir='ltr'>veniet</span> <span class='ocrx_word' id='word_1_268' title='bbox 384 2169 566 2214; x_wconf 87' lang='lat' dir='ltr'>regnum</span> <span class='ocrx_word' id='word_1_269' title='bbox 580 2155 696 2214; x_wconf 86' lang='lat' dir='ltr'>ejus:</span> <span class='ocrx_word' id='word_1_270' title='bbox 718 2163 760 2198; x_wconf 91' lang='lat' dir='ltr'>et</span> <span class='ocrx_word' id='word_1_271' title='bbox 775 2169 864 2199; x_wconf 91' lang='lat' dir='ltr'>non</span> <span class='ocrx_word' id='word_1_272' title='bbox 885 2154 1088 2199; x_wconf 82' lang='lat' dir='ltr'>tardabit.</span> <span class='ocrx_word' id='word_1_273' title='bbox 1106 2159 1329 2218; x_wconf 89' lang='lat' dir='ltr'>Numquid</span> <span class='ocrx_word' id='word_1_274' title='bbox 1347 2163 1461 2207; x_wconf 88' lang='lat' dir='ltr'>enim</span> 
     </span>
    </p>
   </div>
   <div class='ocr_carea' id='block_1_6' title="bbox 47 2227 1466 2286">
    <p class='ocr_par' dir='ltr' id='par_1_7' title="bbox 47 2227 1466 2286">
     <span class='ocr_line' id='line_1_31' title="bbox 47 2227 1466 2286; baseline 0.002 -12"><span class='ocrx_word' id='word_1_275' title='bbox 47 2239 49 2242; x_wconf 83' lang='grc'><strong>“</strong></span> <span class='ocrx_word' id='word_1_276' title='bbox 75 2228 239 2275; x_wconf 84' lang='lat' dir='ltr'>&#39;&#39;saecula</span> <span class='ocrx_word' id='word_1_277' title='bbox 260 2236 379 2272; x_wconf 87' lang='lat' dir='ltr'>tanta</span> <span class='ocrx_word' id='word_1_278' title='bbox 398 2235 574 2281; x_wconf 85' lang='lat' dir='ltr'>restant,</span> <span class='ocrx_word' id='word_1_279' title='bbox 595 2235 758 2285; x_wconf 85' lang='lat' dir='ltr'>quauta</span> <span class='ocrx_word' id='word_1_280' title='bbox 774 2227 1070 2270; x_wconf 77' lang='lat' dir='ltr'>transierunt?</span> <span class='ocrx_word' id='word_1_281' title='bbox 1087 2228 1318 2286; x_wconf 87' lang='lat' dir='ltr'>Apostolus</span> <span class='ocrx_word' id='word_1_282' title='bbox 1332 2233 1356 2274; x_wconf 88' lang='lat' dir='ltr'><strong>J</strong></span> <span class='ocrx_word' id='word_1_283' title='bbox 1360 2248 1466 2277; x_wconf 72' lang='lat' dir='ltr'>oan-</span> 
     </span>
    </p>
   </div>
   <div class='ocr_carea' id='block_1_7' title="bbox 79 2296 1467 2362">
    <p class='ocr_par' dir='ltr' id='par_1_8' title="bbox 79 2296 1467 2362">
     <span class='ocr_line' id='line_1_32' title="bbox 79 2296 1467 2362; baseline 0.001 -17"><span class='ocrx_word' id='word_1_284' title='bbox 79 2303 163 2345; x_wconf 82' lang='lat' dir='ltr'>&#39;nes</span> <span class='ocrx_word' id='word_1_285' title='bbox 192 2299 299 2344; x_wconf 84' lang='lat' dir='ltr'>dixit</span> <span class='ocrx_word' id='word_1_286' title='bbox 322 2317 331 2342; x_wconf 70' lang='grc' dir='ltr'>ε</span> <span class='ocrx_word' id='word_1_287' title='bbox 360 2317 380 2340; x_wconf 93' lang='lat'>«</span> <span class='ocrx_word' id='word_1_288' title='bbox 403 2296 570 2347; x_wconf 89' lang='lat' dir='ltr'>Filioli,</span> <span class='ocrx_word' id='word_1_289' title='bbox 594 2297 822 2341; x_wconf 86' lang='lat' dir='ltr'>novissima</span> <span class='ocrx_word' id='word_1_290' title='bbox 850 2297 956 2341; x_wconf 90' lang='lat' dir='ltr'>hora</span> <span class='ocrx_word' id='word_1_291' title='bbox 978 2299 1084 2341; x_wconf 66' lang='lat' dir='ltr'>estss.</span> <span class='ocrx_word' id='word_1_292' title='bbox 1114 2316 1133 2339; x_wconf 90' lang='lat'>»</span> <span class='ocrx_word' id='word_1_293' title='bbox 1159 2299 1240 2343; x_wconf 89' lang='lat' dir='ltr'>Sed</span> <span class='ocrx_word' id='word_1_294' title='bbox 1264 2316 1344 2358; x_wconf 89' lang='lat' dir='ltr'>pro</span> <span class='ocrx_word' id='word_1_295' title='bbox 1375 2303 1467 2362; x_wconf 85' lang='lat' dir='ltr'>ipso</span> 
     </span>
    </p>
   </div>
   <div class='ocr_carea' id='block_1_8' title="bbox 84 2366 1467 2428">
    <p class='ocr_par' dir='ltr' id='par_1_9' title="bbox 0 2366 1467 2428">
     <span class='ocr_line' id='line_1_33' title="bbox 84 2366 1467 2428; baseline 0.003 -14.714"><span class='ocrx_word' id='word_1_296' title='bbox 84 2370 154 2415; x_wconf 88' lang='lat' dir='ltr'>die</span> <span class='ocrx_word' id='word_1_297' title='bbox 171 2384 332 2428; x_wconf 80' lang='lat' dir='ltr'>magno</span> <span class='ocrx_word' id='word_1_298' title='bbox 358 2367 485 2425; x_wconf 83' lang='lat' dir='ltr'>longa</span> <span class='ocrx_word' id='word_1_299' title='bbox 507 2376 570 2410; x_wconf 90' lang='lat' dir='ltr'>est</span> <span class='ocrx_word' id='word_1_300' title='bbox 592 2367 696 2410; x_wconf 81' lang='lat' dir='ltr'>hora</span> <span class='ocrx_word' id='word_1_301' title='bbox 720 2385 728 2410; x_wconf 77' lang='grc' dir='ltr'>ε</span> <span class='ocrx_word' id='word_1_302' title='bbox 754 2375 797 2409; x_wconf 92' lang='lat' dir='ltr'>et</span> <span class='ocrx_word' id='word_1_303' title='bbox 816 2366 906 2425; x_wconf 86' lang='lat' dir='ltr'>ipsa</span> <span class='ocrx_word' id='word_1_304' title='bbox 925 2367 1032 2411; x_wconf 90' lang='lat' dir='ltr'>hora</span> <span class='ocrx_word' id='word_1_305' title='bbox 1066 2368 1294 2414; x_wconf 88' lang='lat' dir='ltr'>novissima</span> <span class='ocrx_word' id='word_1_306' title='bbox 1324 2372 1467 2419; x_wconf 79' lang='lat' dir='ltr'>videte</span> 
     </span>
    </p>
   </div>
   <div class='ocr_carea' id='block_1_9' title="bbox 8 1413 75 3178">
    <p class='ocr_par' dir='ltr' id='par_1_10' title="bbox 8 1413 75 3178">
     <span class='ocr_line' id='line_1_34' title="bbox 8 1413 75 3178; baseline 0 0"><span class='ocrx_word' id='word_1_307' title='bbox 8 1413 75 3178; x_wconf 95' lang='lat' dir='ltr'> </span> 
     </span>
    </p>
   </div>
   <div class='ocr_carea' id='block_1_10' title="bbox 132 2519 1268 2617">
    <p class='ocr_par' dir='ltr' id='par_1_11' title="bbox 132 2519 1268 2617">
     <span class='ocr_line' id='line_1_35' title="bbox 132 2519 1130 2562; baseline -0.008 -6"><span class='ocrx_word' id='word_1_308' title='bbox 132 2532 141 2547; x_wconf 91' lang='lat'><em>¹</em></span> <span class='ocrx_word' id='word_1_309' title='bbox 162 2525 282 2555; x_wconf 69' lang='lat' dir='ltr'>Manli.</span> <span class='ocrx_word' id='word_1_310' title='bbox 303 2534 346 2562; x_wconf 69' lang='lat' dir='ltr'>w,</span> <span class='ocrx_word' id='word_1_311' title='bbox 371 2534 416 2553; x_wconf 77' lang='lat' dir='ltr'>io.</span> <span class='ocrx_word' id='word_1_312' title='bbox 439 2539 479 2544; x_wconf 95' lang='lat'>—</span> <span class='ocrx_word' id='word_1_313' title='bbox 503 2529 514 2543; x_wconf 83' lang='lat'>²</span> <span class='ocrx_word' id='word_1_314' title='bbox 535 2522 578 2552; x_wconf 61' lang='lat' dir='ltr'>1&lt;l‚</span> <span class='ocrx_word' id='word_1_315' title='bbox 609 2531 681 2559; x_wconf 70' lang='lat' dir='ltr'>xxv,</span> <span class='ocrx_word' id='word_1_316' title='bbox 706 2520 757 2560; x_wconf 67' lang='lat'>33</span> <span class='ocrx_word' id='word_1_317' title='bbox 782 2537 816 2542; x_wconf 88' lang='lat'>—-</span> <span class='ocrx_word' id='word_1_318' title='bbox 845 2519 856 2542; x_wconf 80' lang='lat'>3</span> <span class='ocrx_word' id='word_1_319' title='bbox 882 2533 892 2552; x_wconf 84' lang='lat'>1</span> <span class='ocrx_word' id='word_1_320' title='bbox 911 2524 1000 2553; x_wconf 75' lang='lat' dir='ltr'>Joau.</span> <span class='ocrx_word' id='word_1_321' title='bbox 1019 2534 1051 2561; x_wconf 69' lang='lat' dir='ltr'>n,</span> <span class='ocrx_word' id='word_1_322' title='bbox 1083 2524 1130 2553; x_wconf 63' lang='grc'>,8,</span> 
     </span>
     <span class='ocr_line' id='line_1_36' title="bbox 249 2579 1268 2617; baseline 0 0"><span class='ocrx_word' id='word_1_323' title='bbox 249 2588 383 2617; x_wconf 82' lang='lat' dir='ltr'>cxxv.</span> <span class='ocrx_word' id='word_1_324' title='bbox 1222 2579 1268 2617; x_wconf 75' lang='lat'>13</span> 
     </span>
    </p>
   </div>
  </div>
 </body>
</html>
