1898 3178
0 2202 6 2220 Ρ

17 2555 25 2744 ¹

0 2833 34 3178 l

287 210 426 239 SERMO
458 211 650 250 Lxxvm,
686 213 740 239 DE
775 210 920 240 vmms
951 209 1117 240 ΜΑΤΤΗ.
1156 213 1263 240 xvn.
1381 201 1463 239 365

86 296 106 319 «
139 277 224 330 Qui
245 276 386 337 diligit
408 293 507 333 me,
530 277 742 336 diligetur
765 294 787 322 a
809 282 935 323 Patre
967 293 1088 334 meo,
1120 287 1164 323 et
1185 292 1264 336 ego
1290 276 1465 336 diligam

85 367 105 389 »
139 350 279 392 eum1.
309 367 328 390 »
353 351 411 393 Et
430 348 553 408 quasi
574 347 807 404 diceretur,
833 351 940 403 Quia
960 349 1112 410 diliges
1131 364 1255 405 eum,
1276 348 1385 409 quid
1405 348 1468 392 illi

82 418 207 462 dabis
224 419 241 459 ?
258 437 277 459 «
301 420 358 462 Et
375 417 601 462 ostendam
622 434 692 463 me
708 419 851 478 ipsum
874 419 952 464 illi.
978 439 997 461 »
1018 424 1229 480 Magnum
1271 418 1438 464 donum
1455 454 1466 473 ,

82 504 239 548 magna
262 489 503 548 promissio.
525 492 621 535 Non
651 490 730 534 tibi
748 500 888 535 servat
909 494 1023 536 Deus
1045 492 1274 552 praemium
1292 490 1471 551 aliquod

83 574 209 603 suum
230 578 239 604 z
264 559 340 604 sed
362 575 406 604 se
428 560 585 620 ipsum.
611 559 751 605 Avare
767 596 777 616 ,
804 577 938 621 quare
956 562 1037 606 tibi
1059 578 1149 607 non
1166 562 1328 607 sufficit
1349 560 1471 621 quod

83 631 280 676 Christus
301 633 548 691 promittit?
571 635 634 677 Tu
653 631 775 677 dives
795 633 875 677 tibi
892 633 1049 678 videris
1068 655 1078 692 3
1101 644 1144 679 et
1163 635 1196 678 si
1217 637 1355 678 Deum
1382 649 1472 678 nou

83 703 214 747 habes
230 738 240 758 ,
264 703 372 764 quid
388 704 553 749 habes?
575 704 683 749 alter
699 720 866 765 pauper
881 726 892 763 3
916 715 959 750 et
975 706 1009 750 si
1027 709 1165 751 Deum
1184 707 1317 750 habet
1329 741 1344 762 ,
1366 704 1471 766 quid

84 788 173 816 non
191 773 350 817 habet?

143 846 220 888 VI.
241 847 462 889 Descende
479 881 490 900 ,
512 849 638 890 Petre
660 865 669 891 2
700 847 967 907 requiescere
994 847 1200 906 cupiebas
1229 847 1274 890 in
1295 856 1470 905 monte,

84 913 314 969 descende,
332 934 352 957 «
369 915 560 960 Praedica
574 916 776 973 verbum,
789 917 901 962 insta
919 926 1181 976 opportune,
1206 918 1472 977 importune,

86 1005 107 1027 n
136 1001 293 1044 argue,
320 987 493 1031 hortare
515 1022 524 1041 ‚
560 987 735 1047 increpa
753 1023 764 1043 ,
794 1004 892 1032 cum
912 988 1031 1033 omni
1067 988 1398 1047 longanimitate
1432 997 1475 1032 et

87 1075 106 1096 »
129 1055 368 1101 doctrina2.
388 1075 407 1098 »
433 1058 622 1113 Labora,
641 1058 822 1114 desuda,
842 1068 989 1118 patere
1005 1058 1149 1119 aliqua
1166 1068 1380 1103 tormenta
1398 1078 1406 1103 ;
1425 1067 1473 1102 ut

84 1127 205 1188 quod
239 1129 283 1172 in
330 1128 526 1173 candidis
559 1130 826 1174 vestimentis
868 1130 1042 1174 Domini
1076 1128 1332 1188 intelligitur
1348 1165 1358 1184 ,
1399 1146 1474 1189 per

84 1198 320 1243 candorem
339 1209 380 1244 et
394 1199 767 1259 pulchritudinem
784 1209 913 1244 rectae
931 1200 1192 1259 operationis
1205 1200 1249 1243 in
1267 1200 1475 1244 charitate

85 1269 316 1327 possideas.
342 1273 391 1312 In
413 1268 543 1313 laude
565 1271 677 1313 enim
704 1271 923 1315 charitatis
943 1306 954 1325 ,
981 1286 1080 1315 cum
1101 1269 1332 1330 Apostolus
1356 1271 1474 1328 lege-

85 1349 200 1383 retur
220 1374 230 1394 ,
270 1339 511 1384 audivimus
539 1359 547 1384 z
577 1359 597 1382 «
622 1342 719 1385 Non
747 1341 905 1401 quaerit
933 1357 1032 1401 quae
1068 1357 1143 1385 sua
1166 1344 1307 1385 suntss.
1333 1359 1353 1382 »
1377 1344 1475 1386 Non

83 1410 238 1470 quaerit
259 1426 358 1470 quae
380 1426 455 1454 sua
485 1419 610 1468 sunt,
631 1412 839 1471 quoniam
863 1411 997 1456 donat
1026 1428 1124 1471 quae
1148 1412 1350 1471 possidet.
1377 1411 1475 1456 Alio

83 1480 180 1526 loco
202 1480 484 1541 periculosius
498 1481 665 1525 dictum
679 1491 759 1537 est,
777 1482 810 1526 si
823 1498 911 1526 non
930 1482 1204 1526 intellexeris.
1225 1482 1477 1527 Secundum

85 1552 201 1596 enim
237 1553 374 1612 ipsam
411 1552 666 1596 charitatem
703 1553 957 1613 praecipiens
1001 1552 1234 1613 Apostolus
1274 1553 1477 1598 fidelibus

85 1623 291 1667 membris
313 1623 489 1677 Christi,
512 1623 594 1667 ait:
617 1642 636 1664 «
660 1625 798 1667 Nemo
820 1622 938 1683 quod
956 1638 1083 1666 suum
1106 1632 1169 1667 est
1191 1633 1374 1683 quaerat,
1401 1623 1477 1667 sed

87 1711 107 1734 »
136 1693 258 1753 quod
271 1693 445 1737 alterius
459 1702 523 1737 est
534 1684 564 1736 ⁴]
575 1693 792 1737 »Avaritia
810 1708 1000 1752 namque
1017 1693 1100 1737 hoc
1120 1692 1285 1747 audito,
1302 1693 1477 1737 fraudes

86 1773 209 1823 parat
230 1798 240 1817 ,
268 1773 317 1807 ut
334 1764 378 1807 in
401 1764 577 1822 negotio
599 1763 721 1823 quasi
743 1762 932 1807 alienum
952 1779 1168 1824 quaerens,
1190 1763 1379 1824 aliquem
1393 1765 1476 1808 cir-

85 1834 350 1887 cumveniat,
375 1842 602 1892 etquaerat
623 1849 710 1876 non
736 1849 880 1887 suum,
896 1835 970 1876 sed
989 1834 1192 1877 alienum.
1220 1836 1478 1892 Compescat

86 1919 129 1948 se
151 1903 350 1958 avaritia,
376 1900 585 1962 procedat
600 1902 765 1961 justitia
793 1921 801 1947 :
831 1901 1078 1956 audiamus,
1100 1912 1143 1945 et
1164 1902 1473 1961 intelligamus.

87 1974 297 2019 Charitati
314 1973 480 2018 dictum
503 1982 594 2017 est:
615 1991 635 2014 «
654 1975 791 2017 Nemo
813 1971 933 2032 quod
956 1987 1081 2016 suum
1106 1981 1169 2016 est
1181 1983 1347 2032 quaerat
1364 2008 1374 2028 ,
1402 1974 1476 2018 sed

91 2063 112 2086 »
134 2043 254 2105 quod
271 2043 461 2087 alterius.
482 2045 672 2088 »Verum
694 2052 759 2098 tu,
791 2058 932 2098 avare,
958 2042 991 2086 si
1010 2043 1193 2098 resistas,
1209 2052 1252 2087 et
1268 2043 1403 2103 magis
1421 2043 1477 2088 ad

88 2117 171 2160 hoc
194 2124 462 2175 praeceptum
492 2113 669 2173 redigis,
704 2123 754 2158 ut
784 2114 976 2158 alienum
1005 2114 1280 2173 concupiscas
1308 2133 1316 2159 :
1344 2115 1476 2174 perde

88 2196 231 2231 tuum.
246 2186 330 2230 Sed
342 2184 566 2245 quomodo
581 2194 623 2228 te
635 2185 752 2239 novi,
771 2184 931 2228 habere
943 2185 1003 2229 vis
1019 2194 1061 2228 et
1075 2194 1196 2229 tuum
1209 2194 1251 2229 et
1266 2185 1473 2230 alienum.

90 2257 306 2300 Fraudem
345 2256 472 2310 lacis,
500 2264 551 2299 ut
587 2256 746 2300 habeas
775 2255 965 2300 alienum
994 2275 1001 2300 ;
1028 2256 1195 2300 furtum
1223 2266 1395 2315 patere,
1428 2267 1478 2302 ut

90 2327 241 2387 perdas
264 2337 405 2371 tuum.
432 2328 529 2370 Non
551 2327 613 2370 vis
633 2341 828 2386 quaerere
850 2336 973 2371 tuum
994 2362 1003 2381 ,
1029 2326 1103 2371 sed
1126 2326 1238 2371 tollis
1268 2326 1473 2373 alienum.

91 2397 219 2452 Quod
243 2398 276 2441 si
299 2395 426 2451 facis,
456 2411 545 2440 non
567 2395 672 2441 facis
703 2397 830 2441 bene.
870 2397 1029 2452 Audio,
1061 2413 1212 2453 avare,
1249 2399 1474 2445 ausculta:

92 2467 325 2529 Apostolus
346 2467 426 2512 tibi
448 2466 532 2511 alio
551 2466 651 2511 loco
673 2468 861 2527 apertius
881 2468 1058 2526 exponit
1082 2468 1162 2513 hoc
1184 2468 1304 2528 quod
1328 2469 1434 2515 dixit
1462 2490 1472 2516 z

141 2555 255 2586 ¹Joan.
274 2563 340 2594 xiv,
359 2561 415 2585 21.
431 2568 472 2575 —
491 2558 504 2574 ²
526 2560 546 2585 2
563 2552 642 2585 Tim.
661 2562 706 2593 ιν,
725 2561 757 2584 2.
780 2569 821 2575 —
850 2550 864 2575 3
886 2563 898 2584 1
923 2554 994 2585 Cor.
1033 2562 1101 2595 xm,
1135 2552 1167 2585 5.
1197 2570 1236 2577 -
1262 2552 1346 2588 4121.
1366 2566 1400 2598 x,
1419 2555 1476 2598 24.
