1898 3178
360 251 498 280 SERMO
529 252 617 290 xer,
653 253 706 279 DE
738 252 885 280 VERBIS
917 252 1083 281 ΜΑΤΤΗ.
1119 253 1221 281 xx11.
1382 241 1460 282 491

87 337 108 360 »
144 333 225 362 nus
254 317 459 375 abstulit3
479 319 588 362 sicut
609 318 796 362 Domino
817 318 1008 377 placuit,
1033 320 1090 364 ita
1108 320 1271 364 factum
1295 328 1358 363 est
1380 339 1388 364 :
1412 321 1466 365 sit

23 403 26 406 ·
86 406 108 430 »
142 403 303 432 nomen
325 387 498 432 Domini
520 387 799 431 benedictum
816 391 845 432 ¹.
876 407 895 430 »
918 389 1034 448 Ignis
1055 389 1306 434 tentationis
1324 405 1467 434 acces-

83 459 164 517 sit,
188 458 262 504 sed
301 474 476 514 aurum,
518 474 608 503 non
629 458 834 518 stipulam
857 459 1024 505 invenit
1046 479 1055 505 :
1087 460 1266 506 abstulit
1288 460 1434 506 sordes
1452 497 1462 517 ,

50 536 54 548 '
82 546 173 576 non
193 531 408 575 convertit
428 534 473 574 in
496 530 702 575 cinerem.

141 604 195 646 V.
221 602 327 654 Quia
350 616 450 659 ergo
472 602 527 645 ad
547 610 863 646 sacramentum
886 602 963 646 Dei
986 602 1317 662 intelligendum
1332 639 1342 654 ,
1363 619 1467 664 quo-

81 670 214 716 modo
236 672 431 716 Christus
454 680 498 715 et
519 672 652 716 homo
670 680 713 715 et
735 674 849 715 Deus
872 672 940 725 sit,
963 687 1036 716 cor
1055 671 1362 717 mundandum
1379 683 1464 731 est3

79 741 320 786 mundatur
342 752 487 786 autem
504 742 719 796 moribus,
744 741 853 796 vita,
880 742 1076 786 castitate
1092 778 1102 797 ‚
1130 743 1376 799 sanctitate,
1404 743 1468 788 di-

81 812 290 867 lectione,
327 822 370 857 et
401 812 488 856 fide
518 828 618 872 quae
651 827 728 871 per
756 812 1033 856 dilectionem
1061 817 1319 872 operatur2:
1350 815 1465 872 (hoc

81 892 225 928 autem
248 883 367 942 quod
389 882 560 943 loquor,
582 892 721 928 totum
741 891 949 943 tanquam
973 883 1102 928 arbor
1124 893 1208 938 est,
1235 900 1335 944 quae
1356 885 1465 929 radi-

81 969 174 998 cem
195 953 330 998 habet
347 955 391 998 in
416 953 546 998 corde
567 974 575 998 :
602 969 745 1013 neque
766 954 881 997 enim
911 953 1023 998 facta
1044 954 1286 1013 procedunt
1308 955 1389 999 nisi
1411 956 1466 999 de

80 1025 221 1068 cordis
236 1025 406 1082 radice,
431 1024 508 1068 ubi
528 1025 559 1068 si
583 1025 843 1083 plantaveris
864 1025 1170 1084 cupiditatem,
1200 1026 1335 1085 spinae
1360 1042 1465 1085 pro-

79 1094 265 1152 cedunt3
301 1096 334 1139 si
361 1095 621 1155 plantaveris
649 1096 927 1151 charitatem,
959 1096 1128 1141 fructus
1150 1096 1426 1156 procedunt)
1452 1116 1460 1141 :

78 1167 223 1211 statim
252 1167 462 1211 Dominus
497 1175 595 1226 post
622 1167 745 1210 istam
787 1168 1071 1226 quaestionem
1099 1168 1360 1226 propositam
1384 1170 1406 1212 J
1415 1184 1466 1211 u-

78 1237 201 1292 daeis,
222 1236 304 1281 illis
322 1238 581 1297 respondere
599 1254 687 1281 non
704 1237 948 1282 valentibus
961 1274 971 1294 ,
998 1239 1182 1298 subjecit
1200 1238 1254 1283 de
1269 1239 1464 1283 moribus

76 1306 223 1366 loqui,
246 1317 295 1352 ut
325 1307 574 1352 ostenderet
595 1324 729 1368 quare
753 1308 816 1352 illi
842 1308 1008 1368 indigni
1035 1309 1200 1353 fuerint
1223 1308 1464 1368 intelligere

76 1377 197 1437 quod
219 1377 515 1434 interrogavit.
547 1379 692 1420 Miseri
722 1379 836 1419 enim
867 1379 1042 1435 superbi
1075 1395 1174 1423 cum
1202 1379 1463 1438 respondere

75 1462 165 1491 non
195 1455 393 1505 possent,
428 1446 580 1505 utique
609 1445 859 1490 debuerunt
893 1446 1035 1491 dicere
1059 1463 1067 1488 τ
1104 1449 1326 1493 Nescimus
1353 1464 1430 1493 nos
1448 1485 1459 1504 ,

29 1534 32 1540 ·
75 1516 297 1575 Magister,
323 1516 394 1560 dic
417 1515 558 1559 nobis.
579 1515 909 1560 Obmutuerunt
929 1517 973 1560 in
994 1518 1302 1576 propositione,
1320 1534 1400 1562 nec
1417 1534 1463 1562 os

27 1599 33 1608 ·’
75 1596 340 1646 aperuerunt
373 1586 428 1631 ad
454 1587 796 1646 inquisitionem.
823 1590 880 1630 Et
901 1588 1045 1631 statim
1072 1588 1282 1632 Dominus
1302 1587 1356 1632 de
1386 1605 1461 1632 su-

73 1658 222 1718 perbia
244 1656 447 1702 illorum:
478 1676 497 1698 «
519 1659 700 1712 Cavete,
726 1658 894 1717 inquit,
925 1658 980 1701 ab
1006 1658 1163 1703 Scribis
1181 1694 1192 1713 ,
1218 1659 1293 1719 qui
1316 1669 1462 1704 amant

1 1756 6 1771 .
32 1748 35 1753 ·
76 1747 98 1772 »
122 1729 352 1788 praesidere
374 1729 419 1772 in
442 1730 696 1787 synagogis,
730 1738 773 1773 et
804 1729 994 1788 diligunt
1016 1730 1205 1788 primum
1238 1729 1383 1774 locum
1414 1731 1460 1774 in

75 1816 96 1842 »
122 1801 371 1844 conviviis-³.
396 1819 416 1839 »
433 1803 529 1844 Non
553 1801 654 1858 quia
676 1801 917 1860 accipiunt,
936 1800 1013 1845 sed
1034 1801 1137 1861 quia
1155 1800 1358 1860 diligunt.
1380 1802 1460 1846 Hic

73 1871 187 1915 enim
208 1884 282 1914 cor
304 1883 456 1913 eorum
488 1871 720 1912 accusavit.
760 1874 996 1914 Accusator
1023 1881 1169 1915 autem
1194 1871 1336 1916 cordis
1371 1888 1461 1916 esse

0 1973 1 1977 ,
44 1987 48 1990 ,
71 1955 161 1985 non
181 1948 353 1998 posset,
386 1938 465 1982 nisi
496 1937 637 1982 cordis
659 1937 892 1996 inspector.
927 1939 1112 1997 Oportet
1131 1940 1247 1982 enim
1269 1949 1319 1983 ut
1336 1956 1460 1985 servo

36 2023 37 2028 ’
71 2011 150 2056 Dei
164 2010 342 2054 habenti
358 2008 547 2068 aliquem
560 2010 770 2053 honorem
786 2009 831 2051 in
850 2008 1041 2053 Ecclesia
1056 2008 1282 2054 deferatur
1294 2011 1460 2070 primus

30 2092 38 2108 ¹·
70 2081 190 2125 locus
213 2100 221 2125 :
247 2080 349 2140 quia
371 2079 405 2123 si
427 2094 516 2123 non
535 2077 779 2133 deferatur,
805 2078 969 2122 malum
994 2088 1058 2123 est
1084 2078 1146 2122 illi
1173 2080 1249 2140 qui
1271 2095 1359 2124 non
1382 2080 1458 2124 de-

38 2176 39 2179 *
72 2149 156 2195 fert
185 2171 194 2196 ς
226 2166 316 2194 non
345 2159 491 2194 tamen
522 2149 688 2194 bonum
720 2158 783 2193 est
810 2148 873 2192 illi
907 2149 979 2193 cui
1022 2149 1232 2194 defertur.
1276 2152 1460 2210 Oportet

36 2245 39 2249 >
60 2220 217 2281 itaque
234 2228 283 2263 ut
300 2220 346 2263 in
363 2220 696 2277 congregatione
718 2219 1061 2264 Christianorum
1082 2220 1300 2280 praepositi
1318 2220 1456 2280 plebis

71 2292 331 2336 eminentius
354 2289 556 2345 sedeant,
574 2299 624 2334 ut
645 2291 736 2350 ipsa
758 2290 858 2335 sede
881 2290 1219 2349 distinguantur,
1244 2302 1287 2336 et
1304 2308 1455 2338 eorum

35 2358 38 2363 ’
79 2362 262 2406 fficium
288 2361 388 2406 satis
410 2370 615 2420 appareat
634 2377 642 2402 z
664 2377 754 2406 non
776 2371 923 2405 tamen
946 2370 994 2405 ut
1018 2362 1228 2406 inflentur
1249 2362 1303 2407 de
1325 2363 1452 2421 sede3

70 2434 143 2477 ed
164 2442 214 2477 ut
236 2433 430 2491 cogitent
449 2433 683 2487 sarcinam,
716 2433 835 2477 unde
857 2443 958 2477 sunt
980 2432 1191 2478 reddituri
1222 2435 1450 2480 rationem.

62 2489 173 2547 tuis
195 2511 340 2547 autem
359 2503 501 2556 novit,
518 2511 666 2547 utrum
684 2503 765 2548 hoc
788 2513 956 2559 ament,
975 2513 1049 2548 aut
1064 2520 1155 2549 non
1171 2507 1347 2551 ament?
1369 2509 1453 2552 Res

119 2593 126 2608 ¹
144 2587 217 2619 Job.
238 2599 262 2629 1,
286 2598 338 2620 21.
355 2604 395 2610 —-
414 2595 425 2609 ²
446 2587 548 2620 Galat.
571 2598 603 2629 v,
621 2588 653 2620 6.
674 2604 713 2612 σ-
733 2587 746 2611 3
765 2588 879 2621 Matth.
902 2599 991 2630 xxiii,
1009 2589 1044 2631 6,
1068 2593 1101 2622 et
1114 2591 1210 2623 Marc.
1229 2602 1287 2632 ιιι,
1309 2591 1361 2624 38.

0 2445 32 2478 loll
