1898 3178
378 257 516 287 SERMo
546 259 626 296 cv,
662 259 715 285 DE
747 260 892 287 VERBIS
919 261 1012 286 Luc.
1047 260 1104 286 Χῖ.
1321 251 1403 288 579

86 326 208 368 VIII.
231 323 335 368 Ideo
352 323 467 367 enim
484 326 596 367 Deus
615 321 889 367 felicitatibus
905 325 1082 368 terrenis
1098 325 1405 370 amaritudines

29 395 179 440 miscet
198 428 209 448 ,
229 403 277 438 ut
299 394 381 438 alia
404 400 625 452 quaeratur
653 391 832 436 felicitas
847 428 858 447 ,
881 394 1004 453 cujus
1027 393 1215 438 dulcedo
1232 410 1321 439 non
1344 406 1407 440 est

29 463 157 524 falla-x
177 483 186 508 ε
207 473 250 508 et
278 465 333 507 de
362 463 463 522 ipsis
485 460 846 506 amaritudinibus
868 472 1052 508 conatur
1073 465 1264 509 mundus
1287 481 1408 511 aver-

29 545 119 581 tere
142 535 197 578 ab
220 550 270 579 eo
293 533 412 594 quod
434 531 622 577 intendis
642 533 687 576 in
705 534 933 589 anteriora,
948 543 990 578 et
1008 544 1122 580 retro
1139 546 1404 583 convertere.

68 620 92 650 e
112 605 213 665 ipsis
230 603 593 648 amaritudinibus
606 636 617 657 ,
642 601 696 646 de
718 603 819 661 ipsis
836 603 1191 650 tribulationibus
1208 622 1410 652 murmu-

53 691 97 721 as
112 711 124 731 ,
148 685 192 720 et
213 675 319 720 dicis
345 694 355 719 ι
380 677 493 719 Ecce
530 682 715 733 pereunt
737 674 880 718 omnia
913 675 1167 721 Christianis
1202 680 1408 738 tempori-

0 770 4 778 ·
63 763 127 792 us.
146 746 264 800 Quid
280 746 460 806 strepis?
473 748 570 790 Non
591 745 675 789 hoc
695 745 893 804 promisit
913 746 1017 789 mihi
1041 749 1169 802 Deus,
1190 749 1308 808 quod
1330 750 1409 795 ista

0 824 10 859 t
64 834 121 864 on
148 818 356 877 peribunt
379 836 388 862 ε
414 832 502 861 non
525 817 608 861 hoc
631 815 738 858 mihi
766 816 964 875 promisit
994 817 1204 862 Christus.
1230 822 1409 865 AEterna

85 889 230 933 omisit
251 896 438 932 aeternus
472 905 481 931 2
512 886 546 930 si
580 884 825 939 credidero,
859 900 910 929 ex
945 887 1116 930 mortali
1150 889 1250 932 fiam
1283 898 1411 935 aeter-

0 972 12 1010 “,
65 955 129 1004 us.
153 959 271 1012 Quid
287 958 454 1017 strepis,
475 973 501 1002 o
517 956 681 1000 munde
698 956 955 1000 immunde?
971 957 1078 1017 quid
1097 960 1279 1019 strepis?
1301 963 1413 1015 Quid

0 1028 17 1072 Si
57 1039 224 1076 vertere
237 1029 438 1074 conaris?
462 1031 626 1072 Tenere
639 1028 701 1071 vis
720 1028 889 1087 periens
907 1046 914 1072 :
935 1027 1043 1088 quid
1059 1028 1219 1075 faceres
1235 1066 1245 1085 ,
1264 1032 1298 1076 si
1318 1048 1413 1076 ma-

91 1102 187 1144 res?
209 1102 349 1153 Quem
379 1113 470 1143 non
494 1098 712 1156 deciperes
746 1096 883 1142 dulcis
901 1133 912 1152 ,
949 1098 983 1141 si
1004 1114 1174 1144 amarus
1211 1100 1415 1147 alimenta

11 1188 21 1209 ι
78 1171 257 1215 entiris?
299 1173 393 1228 Ego
434 1170 467 1212 si
510 1169 652 1212 habeo
680 1183 822 1227 spem,
857 1168 892 1211 si
923 1176 1050 1213 teneo
1089 1185 1206 1229 spem
1227 1206 1237 1223 ,
1282 1188 1413 1217 ovum

0 1256 26 1285 ne
80 1256 181 1286 eum
199 1256 287 1285 non
305 1250 368 1285 est
387 1239 442 1283 ab
461 1238 685 1298 scorpione
706 1253 972 1297 percussum.
1002 1259 1022 1282 «
1047 1240 1304 1286 Benedicam
1330 1246 1417 1289 Do-

95 1312 263 1355 minum
300 1311 345 1354 in
383 1309 503 1354 omni
532 1319 727 1367 tempore
746 1344 757 1363 ,
797 1324 963 1368 semper
1000 1308 1094 1354 laus
1131 1313 1222 1371 ejus
1258 1313 1305 1356 in
1344 1330 1417 1359 ore

9 1384 31 1427 in
93 1383 233 1426 meol.
260 1399 279 1421 υ
312 1379 433 1423 Felix
460 1379 513 1422 sit
536 1378 745 1433 mundus,
777 1388 996 1423 evertatur
1021 1380 1211 1425 mundus
1241 1400 1249 1426 :
1281 1385 1420 1428 Bene-

70 1453 80 1461 '
110 1467 177 1496 am
200 1450 452 1504 Dominum,
475 1449 551 1508 qui
573 1447 674 1492 fecit
693 1448 924 1492 mundum.
952 1451 1211 1495 Benedicam
1228 1467 1415 1510 prorsus.

77 1602 94 1638 t
122 1612 131 1638 :
161 1612 180 1634 «
206 1591 465 1636 Benedicam
495 1589 726 1633 Dominum
757 1589 803 1632 in
836 1589 954 1631 omni
983 1598 1177 1649 tempore
1199 1627 1209 1646 ,
1254 1608 1423 1654 semper

100 1662 194 1707 laus
229 1662 320 1722 ejus
340 1661 386 1704 in
409 1675 482 1704 ore
503 1674 616 1711 meo,
645 1677 665 1699 »
691 1661 801 1703 Nam
822 1658 855 1701 si
878 1657 1087 1703 benedico
1115 1661 1291 1720 quando
1311 1664 1423 1708 bene

112 1769 124 1787 ,
163 1742 206 1778 et
245 1732 497 1791 blasphemo
542 1730 720 1791 quando
751 1728 864 1773 male
899 1738 990 1784 est,
1033 1733 1198 1791 suscepi
1232 1735 1422 1794 scorpio-

0 1908 7 1921 ,
74 1874 191 1930 obis,
231 1893 250 1916 «
286 1873 496 1917 Dominus
528 1872 677 1925 dedit,
713 1872 923 1916 Dominus
955 1871 1134 1916 abstulit
1161 1892 1169 1917 :
1195 1874 1306 1919 sicut
1334 1879 1422 1921 Do-

102 1944 222 1989 mino
239 1943 424 2004 placuit,
449 1942 508 1986 ita
531 1941 694 1987 factum
718 1950 781 1985 est
807 1957 814 1982 :
839 1941 892 1986 sit
909 1957 1068 1987 nomen
1094 1944 1268 1987 Domini
1291 1945 1427 1991 bene-

103 2015 268 2060 dictum
280 2018 312 2058 2.
341 2033 361 2056 »

104 2088 184 2130 IX.
203 2088 353 2130 Manet
373 2084 521 2128 civitas
543 2099 642 2143 quae
664 2098 742 2127 nos
764 2082 993 2128 carnaliter
1021 2084 1184 2141 genuit.
1212 2090 1295 2130 Deo
1323 2102 1423 2145 gra-

131 2191 140 2200 .
162 2155 338 2200 Utinam
356 2164 398 2198 et
413 2153 658 2214 spiritaliter
676 2162 920 2213 generetur,
934 2162 977 2197 et
993 2154 1221 2199 nobiscum
1238 2164 1425 2203 transeat

122 2214 423 2270 aeternitatem.
453 2224 497 2269 Si
519 2239 608 2268 non
631 2234 777 2268 manet
806 2224 952 2268 civitas
973 2239 1072 2284 quae
1098 2240 1176 2269 nos
1198 2226 1426 2272 carnaliter

0 2311 47 2357 hffii
104 2297 220 2351 nuit,
257 2304 404 2339 manet
437 2310 536 2355 quae
568 2310 646 2339 nos
677 2293 922 2354 spiritaliter
956 2295 1119 2353 genuit.
1150 2314 1170 2338 «
1193 2295 1428 2343 AEdificans

0 2373 58 2428 Μ’
107 2366 349 2412 Jerusalem
379 2366 630 2410 Dominusss.
669 2384 689 2407 »
725 2365 950 2425 Numquid
980 2364 1256 2412 dormitando
1291 2368 1430 2413 aedifi-

0 2464 33 2500 ηρ,
93 2454 168 2484 um
189 2453 317 2494 suum
338 2436 551 2496 perdidit,
570 2446 645 2481 aut
662 2452 751 2480 non
767 2435 1051 2480 custodiendo
1069 2436 1211 2481 hostes
1229 2438 1429 2484 admisit?

50 2544 55 2548 .
108 2508 199 2555 Nisi
219 2508 430 2553 Dominus
449 2506 704 2552 custodierit
732 2506 972 2561 civitatem,
1007 2505 1054 2549 in
1086 2521 1247 2551 vanum
1276 2509 1427 2568 vigilat

101 2597 112 2617 ¹
133 2592 216 2626 Psal.
234 2602 345 2630 xxxin,
361 2600 393 2625 2.
409 2608 451 2615 —
471 2597 484 2616 ²
498 2591 573 2624 Job.
599 2602 622 2633 1,
637 2599 690 2624 21.
713 2605 754 2615 -
775 2588 789 2614 3
808 2590 887 2623 Psal.
905 2600 1007 2632 CXLVI,
1022 2598 1054 2624 2.

0 2548 41 2579 ‚lt

1150 2645 1216 2686 37.
