1898 3178
956 157 975 172 ἢ

390 196 472 234 522
848 203 882 232 s.
917 203 1146 232 Aueusmm
1177 204 1357 232 prseom

390 270 630 315 beatitudo.
665 269 749 314 Sed
773 268 1032 313 defluximus
1047 303 1058 322 ‚
1091 268 1136 313 in
1159 268 1446 328 perditionem
1468 270 1732 328 perreximus
1753 290 1763 316 z

388 355 537 384 omnes
557 354 658 384 cum
680 347 856 398 peceato
878 338 969 382 nati
990 353 1156 393 sumus,
1171 347 1214 383 et
1235 338 1290 383 ad
1307 338 1352 382 id
1366 339 1486 398 quod
1497 339 1587 383 nati
1599 354 1763 395 sumus,

386 408 500 454 male
521 409 706 454 vivendo
736 417 779 453 et
801 423 879 452 nos
907 407 1174 464 addidimus,
1197 418 1240 453 et
1268 418 1384 454 totus
1416 409 1606 453 mundus
1629 408 1766 455 factus

386 489 450 524 est
471 480 623 523 malus.
645 479 840 524 Christus
863 487 1007 523 autem
1024 479 1165 534 venit,
1185 488 1229 523 et
1246 479 1375 538 elegit
1391 479 1513 540 quod
1530 478 1655 534 fecit,
1676 496 1765 525 non

386 550 506 610 quod
538 550 706 595 invenit
730 569 741 595 ι
765 565 864 594 nam
898 565 1047 594 omnes
1070 550 1204 594 malos
1232 550 1422 605 invenit,
1452 559 1496 595 et
1527 551 1660 609 gratia
1691 567 1767 596 sua

385 621 521 664 honos
542 620 659 663 fecit.
687 622 742 663 Et
760 619 898 667 factus
920 629 984 664 est
999 619 1106 666 alter
1123 619 1314 665 mundus
1332 635 1341 660 τ
1368 629 1411 665 et
1427 622 1643 665 mundum
1664 637 1765 681 per-

385 690 580 748 sequitur
601 689 809 734 mundus.

444 762 543 804 VII.
579 761 685 814 Quis
716 770 779 805 est
801 760 991 805 mundus
1014 762 1089 821 qui
1120 761 1427 820 persequitur?
1449 762 1510 804 De
1531 776 1620 820 quo
1641 760 1765 805 nobis

384 830 570 875 dicitur:
602 851 620 872 «
646 830 787 876 Nolite
810 830 990 890 diligere
1013 829 1225 874 mundum
1244 865 1255 885 ,
1283 839 1326 874 et
1344 845 1392 873 ea
1415 846 1515 890 quae
1532 831 1577 875 in
1598 831 1765 876 mundo

387 918 407 941 »
436 911 551 945 sunt.
574 902 778 962 Quisquis
806 901 1004 946 dilexerit
1021 900 1258 955 mundum,
1283 916 1374 945 non
1390 910 1454 944 est
1475 902 1659 946 charitas
1681 905 1765 945 Pa-

386 989 406 1012 »
432 971 506 1014 tris
529 971 572 1014 in
591 971 680 1015 illo.
707 972 817 1025 Quia
840 972 985 1016 omnia
1007 987 1107 1031 quae
1129 972 1174 1014 in
1196 971 1364 1015 mundo
1388 980 1511 1025 sunt,
1537 971 1766 1030 concupis-

386 1061 405 1083 »
431 1043 570 1087 centia
589 1044 726 1087 carnis
745 1053 822 1098 est,
843 1053 885 1087 et
902 1043 1250 1102 concupiscentia
1266 1042 1509 1096 oculorum,
1526 1051 1570 1086 et
1585 1043 1765 1086 ambitio

385 1131 405 1154 n
430 1113 599 1169 saeculi,
634 1130 733 1174 quae
765 1130 854 1159 non
876 1123 940 1158 est
971 1130 994 1158 a
1028 1118 1177 1168 Patre,
1203 1113 1278 1157 sed
1309 1128 1361 1157 ex
1392 1112 1560 1157 mundo
1591 1122 1670 1157 est.
1708 1115 1765 1157 Et

384 1201 405 1224 »
431 1184 621 1228 mundus
644 1183 821 1239 transit,
846 1192 888 1228 et
904 1184 1252 1242 concupiscentia
1270 1183 1376 1242 ejus.
1404 1183 1490 1234 Qui
1505 1192 1649 1227 autem
1667 1197 1765 1242 per-

384 1271 404 1293 »
430 1254 521 1298 ficit
542 1253 810 1298 voluntatem
829 1254 928 1308 Dei,
953 1262 1099 1297 manet
1116 1254 1162 1296 in
1183 1262 1396 1297 aeternum
1412 1286 1422 1306 ‚
1449 1253 1560 1296 sicut
1581 1261 1624 1296 et
1651 1255 1765 1297 Deus

383 1332 577 1367 »manet
608 1324 654 1366 in
686 1325 945 1366 aeternum1.
975 1342 994 1364 n
1031 1326 1144 1367 Ecce
1176 1322 1326 1366 ambos
1357 1322 1544 1366 mundos
1576 1320 1687 1375 dixi,
1723 1331 1766 1366 et

379 1402 734 1451 persequentem,
770 1401 813 1435 et
844 1407 974 1452 quem
1008 1392 1295 1451 persequitur.
1332 1390 1437 1443 Quis
1480 1399 1542 1434 est
1572 1391 1763 1435 mundus

380 1464 670 1520 persequens?
686 1480 704 1502 «
721 1461 878 1504 Omnia
902 1477 1001 1520 quae
1023 1462 1067 1504 in
1084 1461 1251 1504 mundo
1273 1469 1390 1514 sunt,
1417 1461 1764 1518 concupiscentia

382 1549 402 1571 n
429 1530 567 1574 carnis
582 1565 592 1584 ,
624 1540 667 1574 et
682 1531 1033 1589 concupiscentia
1056 1529 1305 1583 oculorum,
1325 1538 1368 1572 et
1390 1529 1570 1573 ambitio
1591 1528 1760 1585 saeculi,

383 1618 403 1641 »
429 1616 529 1660 quae
561 1615 651 1644 non
682 1610 745 1643 est
768 1616 790 1643 a
814 1603 961 1653 Patre,
997 1600 1072 1642 sed
1104 1615 1155 1642 ex
1181 1599 1348 1643 mundo
1379 1607 1442 1643 est
1465 1617 1473 1643 z
1499 1607 1542 1642 et
1572 1598 1762 1644 mundus

383 1688 402 1711 »
429 1672 596 1714 transit.
626 1688 644 1710 »
681 1673 792 1713 Ecce
824 1670 903 1712 iste
935 1678 999 1713 est
1029 1670 1220 1713 mundus
1252 1684 1528 1729 persequens.
1563 1670 1669 1722 Quis
1699 1679 1764 1714 est

378 1741 569 1785 mundus
587 1755 715 1800 quem
732 1740 1037 1799 persequitur?
1057 1759 1076 1781 «
1098 1740 1301 1800 Quisquis
1323 1740 1474 1784 fecerit
1491 1740 1760 1784 voluntatem

381 1830 401 1853 »
429 1813 526 1866 Dei,
551 1820 698 1855 manet
728 1812 774 1854 in
806 1820 1019 1856 aeternum
1034 1846 1044 1866 ,
1069 1812 1181 1855 sicut
1201 1821 1243 1856 et
1265 1815 1377 1855 Deus
1399 1821 1546 1855 manet
1566 1812 1611 1855 in
1630 1820 1759 1855 aeter-

382 1900 403 1923 ))
429 1897 552 1926 num.
576 1900 596 1923 »

438 1955 560 1996 VIII.
585 1952 668 1997 Sed
690 1967 812 2006 ecce,
835 1950 908 1995 ille
925 1952 1001 2011 qui
1019 1951 1308 2011 persequitur,
1330 1952 1522 1995 mundus
1541 1960 1723 1996 vocatur
1747 1971 1756 1996 ε

379 2023 638 2083 probemus,
667 2024 699 2066 si
720 2032 763 2067 et
789 2022 862 2066 ille
893 2023 968 2082 qui
999 2023 1343 2081 persecutionem
1369 2022 1547 2080 patitur,
1569 2021 1759 2069 mundus

378 2103 573 2138 vocatur.
593 2096 662 2136 An
682 2108 785 2137 vero
807 2093 962 2136 surdus
978 2107 1022 2136 es
1041 2092 1242 2135 adversus
1263 2106 1415 2135 vocem
1431 2091 1591 2136 Christi
1613 2090 1760 2135 dicen·

378 2164 447 2216 tis,
463 2161 531 2206 vel
554 2162 695 2221 potius
720 2162 952 2220 Scripturae
975 2170 1134 2204 sanctae
1157 2160 1420 2205 attestantis:
1441 2179 1460 2201 «
1471 2163 1586 2204 Deus
1610 2160 1759 2204 eratin

381 2250 402 2274 »
429 2232 600 2277 Christo
619 2231 834 2276 mundum
850 2230 1130 2276 reconcilians
1144 2231 1248 2274 sibi²
1261 2233 1279 2274 Ρ
1294 2230 1337 2275 Si
1350 2231 1441 2275 odit
1453 2246 1529 2274 vos
1548 2230 1754 2286 mundus,

381 2320 401 2343 »
428 2302 500 2356 ait,
517 2305 668 2346 scitote
685 2303 786 2361 quia
798 2317 868 2345 me
882 2303 1001 2360 prius
1019 2300 1119 2345 odio
1138 2301 1332 2344 habuit3.
1351 2319 1371 2341 »
1390 2303 1502 2344 Ecce
1517 2299 1609 2345 odit
1627 2315 1756 2344 mun-
1829 2348 1831 2353 ,

379 2371 473 2415 dus.
500 2375 639 2425 Quem
657 2408 667 2427 ,
702 2373 783 2416 nisi
808 2372 1047 2416 mundum?
1070 2390 1090 2412 «
1116 2374 1229 2415 Deus
1251 2379 1342 2414 erat
1362 2371 1408 2414 in
1429 2371 1603 2416 Christo
1624 2385 1755 2417 mun·
1828 2361 1831 2402 ?
1868 2368 1898 2413 Ma

379 2459 400 2482 »
428 2440 533 2485 dum
547 2441 825 2486 reconcilians
838 2441 936 2486 sibi.
956 2459 975 2482 »
992 2441 1270 2500 Persequitur
1283 2440 1474 2486 mundus
1491 2439 1721 2489 damnatus
1741 2458 1751 2484 z
1827 2470 1830 2529 Q
1867 2435 1891 2481 ibi

431 2530 440 2545 ¹
463 2526 552 2556 Joan.
573 2535 596 2564 ι,
616 2525 793 2567 15—17.—
813 2531 825 2547 ²
844 2533 863 2556 9
883 2526 1138 2565 Cor.v,19.—
1160 2521 1173 2547 3
1191 2525 1284 2556 Joan.
1302 2533 1357 2563 xv,
1379 2525 1430 2555 18.
