1898 3178
363 294 501 322 suamc
534 293 685 330 XLvn,
721 293 774 318 DE
806 292 956 321 ovmus
987 295 1032 321 m
1065 294 1212 320 EzEcfl.
1419 282 1470 320 51

19 359 30 367 ’
97 362 154 404 Et
175 358 281 419 quid
297 359 356 402 eis
375 357 478 402 dicit
498 359 518 401 Ρ
539 375 559 398 «
583 355 807 416 Numquid
823 372 912 401 non
930 351 1090 402 sufficit
1104 357 1226 402 vobis
1242 390 1253 412 ‚
1278 357 1382 416 quia
1403 357 1478 402 bo-

99 448 119 471 »
155 443 254 473 nam
276 442 480 487 pascuam
522 427 794 487 pascebatis?
821 436 865 471 et
894 426 1096 488 reliquias
1118 443 1288 488 pascuae
1323 436 1479 472 vestrae

102 521 120 541 »
154 498 474 544 conculcabatis
493 498 677 557 pedibus
695 497 845 542 vestris
864 518 874 555 3
896 507 939 542 et
954 499 1170 558 potabatis
1188 513 1362 559 aquam,
1379 514 1478 558 quae

99 587 121 612 »
155 569 409 614 subsidebat
422 572 435 595 1
452 605 462 624 ,
486 590 502 609 »
520 568 566 613 id
588 578 676 623 est,
703 585 802 629 quae
817 585 926 629 pura
948 578 992 613 et
1008 570 1245 629 tranquilla
1263 579 1377 626 erat,
1394 578 1477 613 «et

99 657 120 682 u
155 639 366 700 reliquam
387 639 572 698 pedibus
593 639 745 683 vestris
768 639 1008 683 turbabatis
1027 657 1037 684 z
1055 648 1099 683 et
1115 654 1216 684 oves
1239 656 1348 685 meae
1362 654 1479 702 ‚con-

103 727 121 751 »
155 709 418 753 culcationes
438 708 601 767 pedum
635 717 875 753 vestrorum
897 709 1209 769 depascebant,
1235 721 1279 755 et
1300 719 1480 755 contur-

91 798 122 826 ,»
157 780 303 824 batam
336 778 520 839 pedibus
556 780 707 824 vestris
742 795 897 840 aquam
931 780 1187 839 potabant2.
1217 782 1379 835 »Quid
1414 788 1480 825 est

99 851 214 895 hoc?
230 854 393 894 Pascua
416 851 492 894 Dei
515 850 629 894 bona
647 859 749 895 suut
763 885 774 905 ,
800 859 846 895 et
861 849 1003 911 fontes
1025 852 1102 896 Dei
1123 852 1222 910 puri
1242 860 1359 897 sunt.
1388 853 1480 895 Ha-

100 921 252 965 bemus
268 921 353 965 hoc
377 921 421 964 in
445 921 673 979 Scripturis
694 921 868 966 sanctis„
893 922 979 974 Qui
996 930 1098 966 sunt
1110 936 1233 980 ergo,
1260 922 1337 982 qui
1358 919 1481 982 quod

99 990 383 1051 tranquillum
407 1000 470 1034 est
490 990 590 1034 inde
616 990 803 1049 bibunt3
834 1000 876 1035 et
904 991 1024 1051 quod
1046 991 1263 1036 mundum
1285 1000 1349 1036 est
1378 990 1482 1035 inde

106 1070 344 1119 pascuntur
361 1077 372 1112 3
393 1069 436 1104 et
456 1059 714 1105 conculcant
732 1061 933 1121 reliquias
954 1071 998 1106 et
1018 1062 1199 1107 turbant
1221 1077 1379 1122 aquam
1394 1096 1406 1116 ‚
1431 1067 1482 1104 ut

101 1145 200 1175 oves
223 1129 317 1174 aliae
335 1130 610 1175 conculcatas
631 1131 788 1174 herbas
812 1132 1024 1189 accipiant
1046 1141 1089 1174 et
1118 1147 1275 1191 aquam
1299 1140 1480 1176 contur-

101 1200 245 1244 batam
272 1199 455 1243 bibant'?
482 1203 537 1242 Et
568 1201 651 1243 hoc
673 1200 825 1258 utique
846 1200 1000 1243 videtis
1033 1199 1258 1258 displicere
1291 1201 1478 1260 pastori,

101 1270 180 1330 qui
195 1268 301 1313 dicit
314 1267 419 1312 dum
434 1269 547 1312 fiunt
558 1270 655 1323 ista,
671 1271 796 1326 «Ego
812 1267 962 1327 judico
974 1269 1088 1312 inter
1101 1284 1227 1313 ovem
1240 1279 1282 1314 et
1294 1285 1420 1314 ovem
1434 1289 1443 1315 :
1457 1287 1479 1312 η

102 1338 158 1383 ad
177 1340 259 1383 hoc
279 1339 430 1398 utique
452 1353 507 1381 ne
524 1338 645 1381 fiant.
667 1340 779 1382 Sunt
794 1337 921 1381 multi
937 1339 1014 1398 qui
1030 1338 1266 1398 tranquille
1288 1338 1479 1394 discunt,

26 1418 27 1422 ’
101 1408 355 1468 perturbate
376 1408 537 1452 docent
553 1442 564 1462 ‚
586 1417 629 1452 et
649 1423 750 1452 cum
771 1407 962 1453 habeant
982 1409 1207 1453 doctorem
1222 1409 1482 1468 patientem,

30 1530 31 1534 Ἰ
101 1479 285 1523 saeviunt
312 1479 358 1521 in
381 1477 634 1521 discentem.
660 1480 802 1530 Quam
827 1492 905 1522 nos
927 1479 1043 1522 enim
1071 1478 1307 1538 tranquille
1328 1478 1485 1523 doceat

102 1549 193 1608 ipsa
218 1548 461 1607 Scriptura,
492 1548 588 1607 quis
621 1548 790 1592 nescit?
811 1549 941 1592 Venit
969 1563 1072 1607 ergo
1105 1549 1283 1609 aliquis,
1308 1559 1352 1594 et
1378 1549 1486 1607 legit

105 1628 319 1678 praecepta
341 1618 440 1671 Dei,
465 1617 570 1674 legit
602 1625 644 1660 et
665 1617 782 1676 capit
798 1651 809 1672 ‚
840 1618 955 1676 capit
975 1617 1238 1677 tranquillus
1275 1618 1330 1662 de
1362 1628 1486 1663 tran-

103 1687 243 1748 quillo
262 1688 418 1732 bibens
434 1722 445 1742 ‚
471 1697 514 1731 et
533 1687 595 1730 de
615 1686 742 1731 viridi
768 1695 811 1730 et
836 1687 1003 1731 mundo
1032 1702 1223 1746 pascens.
1250 1687 1381 1732 Venit
1407 1687 1489 1732 ali-

36 1811 37 1818 ¹
105 1760 202 1819 quis
237 1759 387 1804 audire
426 1759 482 1802 ab
513 1757 590 1802 illo
627 1756 818 1817 aliquid,
852 1758 1133 1817 indignatur,
1180 1759 1509 1818 perturbatur‚·

107 1827 354 1873 tarditatem
377 1827 612 1886 aliquando
634 1827 767 1870 serius
786 1826 1069 1886 intelligentis
1091 1829 1330 1873 accusando
1347 1862 1359 1883 ,
1389 1838 1488 1872 tur-

107 1899 258 1943 batum
285 1897 386 1943 facit
407 1898 551 1942 minus
572 1897 812 1956 intelligere
827 1933 838 1953 ,
864 1897 986 1958 quod
1007 1907 1178 1958 poterat
1197 1898 1347 1944 audire
1364 1908 1488 1945 tran-

38 1986 40 2013 :
140 1967 285 2013 uillus.

40 2028 42 2050 r
109 1985 138 2029 q
167 2041 223 2083 X.
239 2040 327 2083 Nec
343 2038 426 2081 hoc
448 2037 546 2081 ideo
561 2036 758 2091 dixerim,
771 2037 940 2092 fratres,
959 2037 1061 2097 quia
1073 2052 1165 2082 non
1178 2046 1241 2082 est
1256 2037 1491 2098 aliquando

0 2145 1 2153 ,
43 2150 46 2152 .
110 2109 380 2168 corripienda
395 2107 571 2162 duritia,
588 2123 720 2167 quam
737 2108 833 2166 ipsa
844 2108 1186 2153 *tanta‘veritatis
1203 2109 1492 2169 tranquillitas

93 2179 287 2237 *corripit
303 2213 314 2232 ‚
339 2178 485 2222 dicens
507 2197 517 2222 :
538 2197 560 2219 «
588 2178 625 2221 Ο
640 2178 851 2222 'insensati
873 2173 1049 2223 et‘tardi
1077 2179 1209 2224 corde
1230 2179 1286 2223 ad
1306 2178 1491 2223 creden-

109 2267 137 2299 >›
170 2248 278 2293 dum
293 2248 338 2291 ³!
363 2265 383 2289 ν)
412 2248 449 2291 si
471 2248 551 2291 ista
579 2247 692 2291 fiunt
713 2263 762 2291 ea
783 2246 1042 2303 dilectione,
1068 2264 1159 2308 qua-
1182 2248 1383 2293 volumus
1408 2264 1492 2292 cu-

33 2338 48 2369 :·
108 2334 204 2369 ram
224 2319 420 2363 incutere
440 2317 692 2361 hominibus
708 2352 718 2372 ‚
737 2316 792 2362 ad
811 2317 1110 2363 incutiendam
1126 2318 1400 2377 *diligentiam
1419 2319 1492 2364 in-

0 2403 42 2446 flmr
107 2378 319 2435 {entionis
334 2423 345 2441 ‚
384 2397 428 2432 et
457 2385 512 2431 ad
532 2387 816 2432 semnandam
850 2387 965 2432 forte
994 2389 1160 2432 nubem
1195 2388 1354 2434 mentis
1373 2404 1492 2444 suae„

116 2473 248 2518 quam
280 2457 336 2501 de
362 2457 474 2501 curis
501 2457 644 2502 saeculi
678 2467 1017 2516 contraxerunt3
1049 2468 1094 2503 et
1127 2458 1243 2503 forte
1261 2458 1496 2519 cegitando

0 2551 45 2585 ως,
114 2528 200 2583 alia
219 2526 390 2572 inutilia
407 2561 418 2582 ‚
451 2527 572 2587 quod
591 2526 698 2571 utile
718 2536 782 2572 est
813 2528 963 2572 audire
992 2543 1082 2572 non
1106 2538 1302 2588 pcssunt.
1329 2527 1495 2583 Deinde

166 2617 175 2635 ¹
189 2609 305 2645 Ezech.
328 2620 440 2652 xxxiv,
462 2609 514 2643 18.
534 2626 576 2634 —
591 2617 603 2634 ²
620 2610 702 2643 Ibid.
725 2620 777 2653 19.
794 2626 837 2634 —
856 2609 868 2635 3
890 2613 966 2645 Luc.
983 2620 1073 2652 xxiv,
1089 2611 1145 2644 25.

1250 2666 1289 2705 [ι.
