1898 3178
291 218 430 247 ammo
462 216 639 255 Lxxxv1‚
675 216 730 243 nu
762 215 908 245 vznms
939 214 1104 244 MATTH.
1138 216 1232 243 xtx.
1380 202 1464 243 427

88 285 241 330 micam
262 284 317 329 de
338 299 485 329 mensa
506 284 612 343 ejus.
647 284 774 327 Certe
803 284 917 327 vices
938 291 1118 327 mutatae
1139 291 1255 327 sunt.
1288 285 1465 328 Frustra

86 355 170 399 hoc
190 353 297 398 dicit
326 354 444 399 dives
473 361 674 397 mortuus
702 371 709 396 :
736 368 825 397 non
845 352 1006 397 frustra
1029 354 1112 398 hoc
1142 351 1369 397 audiamus
1389 354 1465 412 qui

85 422 282 469 vivimus.
317 425 427 469 Nam
449 432 492 467 et
514 421 587 466 ille
617 421 757 467 voluit
785 423 840 467 ad
873 438 1048 483 superos
1069 423 1287 478 revocari,
1313 431 1356 466 et
1376 438 1466 467 non

86 503 149 540 est
164 494 396 554 permissus
418 512 428 539 :
448 493 589 538 voluit
610 493 798 552 aliquem
816 503 1089 538 mortuorum
1111 494 1225 538 mitti
1241 492 1296 538 ad
1317 493 1467 538 fratres

86 579 185 609 suos
203 599 215 620 ,
237 579 317 608 nec
337 565 422 608 hoc
439 563 502 607 illi
524 578 775 608 concessum
795 572 873 607 est.
899 563 984 608 Sed
1003 563 1110 624 quid
1127 564 1166 608 ei
1186 564 1352 609 dictum
1373 566 1466 609 est?

89 654 110 679 «
135 636 310 680 Habent
332 635 394 678 ibi
410 636 592 692 Moysen
610 643 652 679 et
674 634 926 694 Prophetas.
954 637 1010 679 Et
1032 634 1126 690 ille,
1149 637 1246 680 Non
1269 635 1462 691 audient,

87 721 109 746 »
134 703 216 748 nisi
242 704 395 765 aliquis
417 719 441 748 a
462 704 643 749 mortuis
660 703 773 748 ierit.
792 703 867 748 Ait
887 704 949 748 illi
965 704 1181 749 Abraham
1199 723 1207 749 :
1226 705 1268 750 Si
1284 707 1466 763 Moysen

88 791 110 817 2»
134 783 177 818 et
204 774 442 834 Prophetas
462 790 553 820 non
575 774 787 830 audiunt,
820 789 901 819 nec
922 774 957 819 si
985 776 1080 835 quis
1108 790 1131 820 a
1154 776 1335 820 mortuis
1350 776 1463 832 ierit,

89 860 110 886 »
133 844 327 888 credent.
349 862 369 885 »

142 916 286 959 XVII.
319 917 381 958 De
403 913 612 959 faciendis
642 930 744 975 ergo
773 913 1058 972 eleemosynis
1078 950 1088 970 ‚
1113 924 1157 959 et
1176 915 1466 975 comparanda

1 1013 11 1020 -
37 1006 41 1024 τ
86 985 240 1030 animae
262 985 412 1045 requie
433 985 478 1029 in
495 994 716 1044 posterum
737 1020 748 1040 ,
772 994 821 1030 ut
838 984 1047 1030 faciamus
1068 986 1180 1029 bene
1202 1001 1301 1030 cum
1324 987 1467 1030 anima

36 1086 41 1098 2
83 1063 229 1100 nostra
243 1089 255 1109 ‚
296 1054 417 1115 quod
454 1070 652 1114 perverse
687 1055 794 1100 dixit
827 1056 1024 1111 luxuria,
1051 1056 1160 1100 dixit
1192 1065 1235 1101 et
1266 1059 1436 1114 Moyses
1452 1092 1463 1112 ‚

37 1125 43 1172 ἶ
84 1124 286 1170 dixerunt
315 1135 358 1170 et
388 1127 633 1186 Prophetae.
665 1126 905 1171 Audiamus
928 1141 1028 1171 cum
1053 1127 1249 1171 vivimus.
1275 1128 1386 1180 Quia
1406 1128 1467 1172 ibi

0 1216 13 1242 2.
36 1198 42 1230 l
83 1194 243 1240 frustra
265 1198 534 1257 concupiscit
551 1198 700 1242 audire
716 1233 727 1253 ,
748 1199 825 1257 qui
842 1198 1103 1257 contempsit
1125 1199 1204 1242 ista
1222 1214 1322 1242 cum
1344 1199 1468 1244 audi-

10 1286 39 1315 η
83 1275 162 1310 ret.
190 1269 258 1310 An
288 1276 566 1326 expectamus
586 1277 637 1311 ut
667 1268 823 1327 aliquis
845 1277 888 1312 et
920 1284 943 1312 a
975 1268 1157 1313 mortuis
1179 1279 1399 1328 resurgat,
1424 1279 1468 1315 et

10 1377 14 1384 .
82 1337 199 1383 dicat
219 1338 343 1382 nobis
360 1374 371 1394 ‚
390 1348 439 1383 ut
460 1337 668 1384 faciamus
686 1355 786 1384 cum
809 1340 950 1384 anima
972 1349 1118 1385 nostra
1140 1342 1282 1385 bene?
1304 1344 1402 1385 ‚Iam
1424 1352 1468 1386 et

81 1408 166 1453 hoc
184 1407 350 1453 factum
373 1418 436 1453 est
458 1428 466 1454 :
491 1425 581 1454 non
604 1410 836 1454 resurrexit
852 1418 975 1469 pater
992 1419 1093 1454 tuus
1110 1445 1121 1466 ‚
1141 1410 1216 1454 sed
1239 1413 1467 1457 resurrexit

14 1502 18 1526 ι
82 1479 292 1524 Dominus
316 1489 432 1524 tuus.
456 1483 605 1540 Ipsum
624 1480 742 1536 audi,
758 1481 904 1540 accipe
925 1481 1091 1525 bonum
1110 1481 1353 1526 consilium.
1368 1483 1466 1528 Noli
