1898 3178
0 1385 16 1412 ἃ
0 1314 15 1341 '25
0 1243 14 1269 σᾶ
2 1172 14 1198 νή
0 1101 12 1128 ==¹
1 1030 12 1057 ὢ
5 962 8 985 -

354 273 493 300 sumno
528 273 658 311 xcm,
693 274 748 300 DE
779 274 926 302 vznssls
956 272 1122 301 MATTH.
1156 273 1255 302 xxv.
1408 262 1489 301 507

107 345 334 391 emerunt,
361 351 446 380 non
470 345 572 380 sunt
594 335 784 381 fraudati
815 337 1020 382 laudibus
1048 339 1249 383 humanis
1275 357 1284 383 z
1309 339 1494 397 quaesie-

107 415 211 451 runt
225 406 376 451 laudes
393 407 628 463 humanas,
648 407 914 452 habuerunt.
942 412 1040 453 Istae
1057 408 1208 452 laudes
1229 409 1433 452 humanae
1447 409 1493 452 in

105 477 176 521 die
192 475 349 537 judicii
370 491 460 520 non
482 492 554 521 eos
578 476 801 537 adjuvant.
829 477 922 522 Illae
949 487 1094 523 autem
1124 477 1346 539 quomodo
1373 479 1493 523 fece-

105 549 238 591 runt?
265 567 285 590 «
309 550 503 592 Luceant
532 562 662 607 opera
684 557 824 592 vestra
846 564 990 593 coram
1013 549 1265 593 hominibus
1281 583 1292 604 ‚
1326 558 1376 593 ut
1421 550 1488 595 vi—

107 635 129 660 »
164 617 296 662 deant
312 617 428 662 hona
448 616 562 662 facta
578 627 719 663 vestra
737 653 748 673 ‚
767 629 809 663 et
827 618 1068 677 glorificent
1087 622 1258 663 Patrem
1280 628 1488 676 vestrum,

107 706 128 730 η
163 688 239 747 qui
262 688 308 732 in
328 687 450 732 coelis
467 697 531 732 est
548 690 578 732 1.
600 706 621 729 »
642 691 739 733 Non
752 688 809 732 ait
824 723 834 743 ‚
856 692 957 733 Vos.
985 692 1083 735 Non
1100 690 1216 734 enim
1238 689 1292 734 de
1314 697 1391 734 tuo
1409 690 1489 734 ha-

104 760 180 803 bes
202 758 363 804 oleum.
389 762 510 804 Jacta
533 769 599 815 te,
619 769 663 804 et
697 760 767 805 dic
785 795 796 816 ,
821 761 963 805 habeo
990 781 998 806 2
1023 761 1097 805 sed
1120 761 1175 805 ab
1199 776 1249 805 eo
1283 779 1292 805 ε
1329 780 1349 804 «
1373 762 1491 815 Quid

106 847 127 871 »
163 830 280 873 enim
312 829 467 885 habes,
493 831 613 890 quod
635 846 725 876 non
746 831 946 891 accepisti
961 833 1011 876 ²?
1034 850 1053 873 »
1076 835 1191 890 Ergo
1225 831 1311 890 illae
1333 831 1392 876 sic
1420 832 1490 876 fe-

104 909 258 945 cerunt
275 934 287 955 ,
310 899 397 943 illae
417 901 492 945 sic.

161 972 258 1014 XV.
284 973 381 1016 Non
404 980 467 1015 est
487 981 633 1016 autem
648 972 896 1016 mirandum
923 991 932 1016 ι
963 991 982 1013 «
1007 973 1120 1017 Cum
1138 981 1245 1016 eunt
1266 986 1408 1015 emere
1425 1007 1436 1027 ,
1464 990 1484 1013 »

101 1056 201 1085 cum
216 1051 422 1102 quaerunt
444 1058 467 1086 a
484 1041 645 1101 quibus
662 1041 920 1098 laudentur,
941 1052 985 1087 et
1006 1058 1095 1087 non
1113 1042 1366 1100 inveniunt3
1391 1058 1492 1086 cuni

100 1121 305 1173 quaerunt
328 1128 351 1156 a
372 1113 530 1172 quibus
548 1113 828 1158 consolentur
844 1149 855 1169 ,
877 1124 920 1158 et
947 1130 1037 1158 non
1063 1115 1318 1171 inveniunt;
1342 1123 1490 1173 aperta

100 1192 164 1226 est
189 1183 346 1242 janua,
377 1201 397 1224 «
422 1183 555 1227 Venit
582 1198 764 1242 sponsus
790 1202 809 1224 »
842 1193 885 1227 et
905 1199 1083 1243 sponsa,
1120 1192 1226 1228 tunc
1255 1183 1492 1242 glorificata

99 1267 200 1296 cum
230 1253 402 1297 Christo
437 1252 655 1308 Ecclesia,
687 1262 738 1297 ut
767 1252 934 1312 singula
967 1253 1163 1298 membra
1196 1253 1252 1298 ad
1284 1263 1426 1299 totum
1448 1269 1492 1299 se

99 1321 322 1381 colligant.
350 1341 370 1363 «
389 1325 446 1366 Et
463 1323 736 1367 intraverunt
759 1340 861 1369 cum
879 1340 930 1369 eo
948 1324 1004 1369 ad
1019 1325 1214 1384 nuptias,
1235 1334 1277 1369 et
1295 1325 1492 1371 clausum

103 1411 122 1434 »
158 1401 222 1436 est
241 1392 417 1437 ostium.
447 1410 467 1433 »
488 1394 545 1436 Et
566 1390 652 1435 illae
673 1391 807 1437 fatuae
829 1403 979 1452 postea
999 1403 1215 1438 venerunt
1234 1414 1242 1438 ε
1261 1394 1339 1438 sed
1362 1410 1492 1438 num-

98 1462 206 1523 quid
226 1462 372 1507 oleum
396 1471 618 1518 emerunt,
645 1472 722 1507 aut
743 1479 766 1508 a
790 1464 950 1524 quibus
973 1473 1168 1508 emerent
1195 1464 1492 1510 invenerunt?

99 1532 205 1577 Ideo
235 1534 389 1593 januas
411 1533 575 1576 clausas
609 1533 873 1578 invenerunt
901 1554 908 1579 :
934 1533 1106 1594 pulsare
1131 1543 1363 1594 coeperunt
1381 1570 1392 1590 ,
1417 1536 1492 1580 sed

99 1620 209 1649 sero.

158 1677 280 1719 XVI.
304 1675 479 1719 Dictum
498 1683 756 1729 est‚·verum
776 1683 861 1729 est,
881 1689 971 1719 non
988 1673 1196 1719 fallaciter
1217 1675 1382 1719 dictum
1401 1685 1491 1722 est:

104 1765 124 1788 «
158 1745 354 1800 Pulsate,
376 1755 418 1790 et
440 1746 656 1805 aperietur
676 1745 798 1790 vobis
816 1747 857 1790 3:
882 1763 902 1786 »
927 1746 1004 1790 sed
1025 1744 1157 1790 modo
1179 1745 1357 1805 quando
1379 1756 1492 1791 tem-

99 1832 182 1877 pus
202 1826 265 1861 est
282 1816 584 1861 misericordiae
598 1852 608 1872 ‚
629 1832 719 1861 non
736 1815 913 1876 quando
934 1825 1105 1875 tempus
1123 1826 1186 1860 est
1197 1817 1367 1877 judicii.
1392 1820 1492 1863 Non

100 1888 214 1932 enim
234 1897 417 1947 possunt
438 1887 651 1932 confundi
674 1888 752 1932 ista
773 1897 967 1946 tempora
981 1923 991 1942 ,
1017 1903 1118 1932 cum
1152 1887 1491 1933 misericordiam

101 1968 144 2002 et
159 1957 375 2018 judicium
394 1958 580 2003 Domino
602 1973 681 2002 suo
703 1967 848 2002 cantet
860 1957 1051 2002 Ecclesia
1068 1958 1098 2001 4.
1122 1960 1310 2017 Tempus
1324 1967 1388 2002 est
1408 1960 1493 2002 mi-

101 2029 344 2073 sericordiae
359 2049 369 2085 ·,
385 2045 463 2087 age
478 2030 798 2088 poenitentiam²
822 2032 1034 2088 Tempore
1043 2029 1196 2089 judicii
1218 2028 1337 2073 illam
1357 2029 1492 2075 habes

102 2101 262 2158 agere?
284 2100 379 2143 Eris
415 2099 461 2143 in
483 2100 723 2158 virginibus
756 2098 839 2143 illis
856 2135 866 2154 ,
891 2109 1041 2144 contra
1064 2115 1170 2159 quas
1207 2100 1401 2144 clausum
1426 2110 1490 2145 est

102 2171 274 2214 ostium.
304 2189 324 2213 «
349 2170 553 2224 Domine,
574 2170 757 2214 Domine
773 2205 783 2224 ,
809 2170 925 2229 aperi
943 2170 1082 2214 nobis.
1109 2189 1128 2211 »
1153 2171 1379 2230 Numquid
1401 2187 1490 2216 non

101 2241 403 2300 poenitentiam
417 2249 615 2297 egerunt,
632 2240 733 2300 quia
748 2255 894 2284 secum
914 2240 1059 2284 oleum
1074 2256 1162 2285 non
1176 2243 1489 2300 portaverunt?

101 2310 277 2371 thuid
293 2309 376 2354 illis
395 2308 561 2369 profuit
579 2325 670 2353 sera
686 2311 946 2370 poenitentia
959 2346 969 2366 ,
995 2310 1171 2371 quando
1189 2326 1258 2355 eas
1279 2311 1490 2357 irridebat

100 2396 202 2425 vera
229 2381 467 2440 sapientia?
487 2379 728 2424 «Clausum
748 2390 811 2424 est
838 2396 938 2439 ergo
957 2382 1131 2425 ostium.
1150 2399 1170 2422 »
1192 2383 1249 2425 Et
1279 2381 1387 2441 quid
1408 2381 1488 2427 illis

101 2451 269 2496 dictum
285 2454 379 2495 est?
399 2470 418 2493 «
443 2453 540 2496 Non
555 2452 656 2495 novi
675 2467 764 2496 vos.
792 2470 811 2492 »
837 2454 935 2497 Non
957 2450 1050 2495 illas
1073 2452 1196 2497 novit
1212 2487 1222 2507 ,
1248 2453 1324 2512 qui
1342 2454 1487 2498 omnia

103 2523 254 2567 novit?
282 2523 395 2576 Quid
430 2537 531 2580 ergo
553 2532 616 2566 est
643 2542 651 2567 z
679 2542 698 2565 «
721 2525 819 2568 Non
841 2524 943 2568 novi
963 2525 1068 2567 vos?
1093 2542 1112 2564 »
1141 2525 1349 2583 Improbo
1379 2540 1455 2569 vos
1473 2560 1485 2581 ,

152 2614 162 2630 ¹
177 2607 291 2640 Matth.
312 2619 346 2648 v,
372 2607 421 2640 16.
442 2624 484 2630 —-
502 2614 515 2630 ²
539 2618 552 2640 1
574 2610 647 2640 Cor.
665 2618 710 2648 iv,
727 2618 758 2649 7.
781 2624 821 2630 —
841 2605 854 2631 3
873 2608 988 2640 Matth.
1009 2618 1066 2649 vn,
1086 2618 1118 2649 7,
1139 2612 1172 2640 et
1189 2608 1269 2641 Psal.
1292 2620 1321 2649 c,
1347 2619 1375 2640 1.
