1898 3178
252 272 390 298 SERMO
422 270 492 307 LI,
528 269 582 296 DE
613 267 848 297 communit
880 268 1045 298 MATTH.
1081 270 1132 297 ET
1164 271 1257 298 Luc.
1363 264 1443 300 1292

10 337 12 357 ³
70 330 225 378 debuit
244 334 406 386 laetius,
441 342 607 393 quanto
630 343 692 379 est
714 333 786 378 illa
819 335 998 390 castior,
1031 349 1163 395 quam
1185 335 1324 394 diligit
1357 353 1447 380 ani-

70 402 200 461 plius.

127 475 310 518 XXVII.
348 473 459 517 Hinc
492 474 582 533 jam
614 474 743 517 etiam
774 473 886 518 illud
913 475 1056 519 videte
1088 491 1212 535 posse
1246 475 1361 531 fieri,
1401 487 1449 520 ut

13 555 15 561 ’
67 558 179 588 unus
195 544 328 589 homo
350 559 440 589 non
461 543 602 589 solum
620 542 729 588 duos
751 542 862 588 filios
882 544 1061 599 habeat,
1086 545 1161 589 sed
1183 554 1226 590 et
1242 546 1352 591 duos
1369 562 1448 606 pa-

14 626 17 639 ‘
66 621 167 659 tres.
201 614 432 659 Nominata
458 615 574 658 enim
595 612 851 673 adoptione,
879 624 1077 659 occurrat
1113 616 1449 675 cogitationibus

65 684 215 729 vestris
230 699 353 744 posse
374 685 481 729 fieri.
508 684 676 729 Dicitur
690 684 806 729 enim
825 703 833 729 :
859 687 976 729 Duos
994 683 1105 729 filios
1129 695 1272 744 potest
1288 686 1450 731 habere

16 762 18 786 ³
65 755 226 811 homo,
263 756 373 800 duos
415 765 560 801 autem
595 765 738 815 patres
780 771 870 800 non
903 765 1061 815 potest.
1110 759 1204 800 Imo
1233 758 1451 802 invenitur

17 846 19 875 4
65 841 188 885 posse
203 826 365 871 habere
387 827 517 872 etiam
545 826 655 872 duos
678 836 845 887 patre33
875 827 910 871 si
936 842 1051 871 unus
1084 828 1247 872 semine
1276 830 1448 887 genuit,

17 922 20 933 2
65 895 173 940 alius
194 896 427 942 dilectione
468 897 704 957 adoptavit.
754 898 795 943 Si
832 912 934 956 ergo
961 907 1144 957 possunt
1175 899 1252 942 uni
1285 899 1451 943 homini

19 992 21 1025 ς
64 983 153 1012 6536
171 967 261 1013 duo
278 977 444 1028 patres;
467 969 611 1028 potuit
632 978 675 1013 et
702 969 865 1028 Joseph
888 968 997 1013 duos
1020 978 1163 1028 patres
1184 970 1369 1021 habere,
1397 970 1450 1013 ab

20 1059 22 1079 ε
64 1038 199 1084 altero
221 1040 445 1098 generari,
471 1039 527 1084 ab
550 1039 686 1084 altero
714 1040 925 1099 adoptari.
953 1040 1082 1093 Quod
1105 1041 1138 1084 si
1158 1041 1322 1099 potuit,
1345 1040 1451 1101 quid

2 1139 5 1154 2
63 1108 385 1154 calumniantur
406 1109 490 1164 illi,
515 1109 591 1169 qui
624 1108 776 1154 dicunt
795 1109 897 1154 alias
927 1110 1226 1169 generationes
1253 1120 1447 1155 secutum

22 1201 25 1234 ¹:
65 1194 154 1223 esse
195 1180 479 1234 Mattliaeum‚
518 1180 621 1223 alias
666 1181 856 1223 Lucam?
902 1182 960 1223 Et
1001 1194 1149 1225 revera
1182 1179 1451 1236 invenimus,

22 1235 25 1249 ’
63 1249 184 1308 quod
200 1249 302 1294 alias
323 1258 496 1294 secutus
513 1258 575 1293 est
587 1248 683 1304 ille,
711 1248 813 1293 alias
832 1249 919 1292 ille.
937 1252 1046 1295 Nam
1066 1250 1300 1295 Matthaeus
1316 1252 1452 1295 Jacob

23 1339 25 1373 1
62 1328 229 1378 patrem
245 1319 352 1363 dixit
370 1319 528 1377 Joseph
546 1337 556 1363 ε
581 1321 720 1362 Lucas
743 1327 889 1362 autem
903 1318 1018 1362 Heli.
1039 1322 1096 1363 Et
1116 1329 1258 1379 potest
1275 1321 1452 1381 quidem

25 1413 29 1446 ;
63 1388 200 1434 videri
217 1405 330 1434 unus
346 1390 480 1434 homo
496 1425 506 1445 ‚
526 1390 648 1448 cujus
672 1388 789 1433 filius
807 1398 899 1433 erat
921 1391 947 1433 J
950 1391 1084 1449 oseph
1100 1424 1112 1445 ‚
1137 1391 1341 1435 habuisse
1365 1391 1454 1436 duo

63 1459 255 1504 nomina.
285 1459 370 1504 Sed
400 1459 521 1520 quod
545 1474 644 1504 avos
669 1468 712 1503 et
732 1473 914 1519 proavos
934 1468 978 1504 et
1002 1459 1107 1504 alios
1125 1461 1322 1520 superius
1350 1477 1455 1521 pro-

26 1523 29 1562 ἶ
65 1540 337 1590 generatores
354 1529 544 1576 diversos
559 1541 836 1586 enumerant,
853 1532 986 1590 inque
1003 1531 1097 1590 ipso
1115 1547 1299 1576 numero
1309 1532 1455 1591 plures

64 1600 194 1656 alius,
217 1600 325 1645 alius
342 1603 589 1660 pauciores·⁷
608 1600 839 1644 manifeste
867 1599 1110 1643 ostenditur
1128 1601 1330 1645 habuisse
1344 1603 1454 1647 duos

10 1696 14 1714 =.
62 1680 205 1731 patres
241 1672 418 1730 Joseph.
455 1674 552 1715 Jam
579 1678 750 1718 ,remota
781 1669 1033 1729 quaestionis
1075 1669 1316 1726 calumnia,
1355 1674 1457 1731 quia

30 1753 31 1756 ’
63 1741 157 1785 fieri
190 1755 313 1800 posse
341 1738 569 1784 manifesta
600 1740 710 1783 ratio
742 1739 1080 1793 demonstravit,
1118 1739 1254 1784 alium
1288 1752 1457 1800 patrem

30 1860 32 1863 .
64 1825 152 1855 esse
166 1810 242 1870 qui
259 1810 425 1869 genuit,
444 1809 578 1853 alium
592 1809 668 1869 qui
686 1808 911 1867 adoptavit
925 1829 936 1865 3
956 1808 1130 1853 duobus
1146 1810 1344 1868 patribus
1358 1828 1457 1857 con-

32 1879 33 1883 ’
64 1881 246 1935 stitutis,
261 1895 353 1924 non
370 1888 434 1924 est
454 1879 614 1923 mirum
642 1879 676 1923 si
702 1879 769 1922 avi
791 1887 834 1922 et
850 1878 1000 1938 proavi
1022 1888 1065 1923 et
1095 1881 1240 1923 caeteri
1257 1893 1455 1939 parentes

64 1965 235 1995 sursum
249 1964 396 1995 versus
412 1965 436 1993 a
446 1948 622 1994 diversis
637 1948 833 2007 patribus
848 1946 1005 1991 diversi
1017 1958 1322 1993 numerentur.

122 2024 331 2066 XXVIII.
356 2023 445 2067 Nec
464 2020 586 2066 vobis
606 2020 806 2064 videatur
823 2020 895 2079 jus
915 2018 1160 2078 adoptionis
1176 2036 1199 2064 a
1224 2021 1453 2080 Scripturis

63 2093 219 2137 nostris
253 2091 465 2147 alienum,
505 2100 549 2135 et
582 2091 705 2151 quasi
735 2090 781 2133 in
807 2089 1123 2134 consuetudine
1160 2091 1450 2139 humanarum

35 2134 39 2222 Ῑ.
62 2162 212 2220 legum
233 2161 598 2216 animadversum,
617 2160 681 2204 illi
702 2160 948 2204 auctoritati
971 2159 1220 2205 divinorum
1237 2161 1446 2209 librorum

37 2230 39 2261 l
64 2247 155 2276 non
175 2246 299 2291 posse
328 2245 580 2289 congruere.
618 2231 811 2291 Antiqua
835 2231 952 2275 enim
984 2247 1051 2276 res
1077 2242 1165 2288 est,
1198 2242 1241 2276 et
1275 2234 1320 2277 in
1350 2235 1451 2295 ipsis

38 2329 41 2352 ·,
64 2301 246 2362 eloquiis
264 2301 576 2346 Ecclesiasticis
598 2301 756 2345 usitata
773 2336 784 2355 ‚
818 2310 869 2345 ut
890 2316 979 2346 non
1003 2302 1091 2346 sola
1122 2302 1244 2360 origo
1277 2307 1449 2351 seminis

65 2382 244 2433 generet
259 2372 397 2416 filium
411 2407 422 2427 ⁷
451 2371 527 2416 sed
544 2381 587 2416 et
604 2373 741 2431 gratia
762 2371 1010 2417 voluntatis.
1044 2375 1152 2418 Nam
1182 2382 1224 2417 et
1246 2375 1448 2422 mulieres

40 2462 43 2481 ε
65 2442 121 2488 de
141 2443 302 2487 semine
324 2443 516 2487 virorum
544 2457 722 2486 suorum
742 2457 793 2485 ex
816 2441 979 2485 ancillis
1001 2451 1145 2497 natos,
1170 2443 1204 2486 si
1225 2444 1329 2503 ipsae
1358 2463 1447 2493 non

63 2521 344 2573 pepererant,
370 2512 480 2557 filios
512 2510 810 2570 adoptabant3
842 2512 950 2571 quin
974 2512 1103 2555 etiam
1133 2521 1183 2557 ut
1205 2515 1262 2559 eis
1292 2516 1445 2575 gigne—

24 2603 26 2611 >
52 2578 248 2640 rentur,
284 2583 446 2628 maritis
475 2582 750 2642 imperabant
774 2601 782 2627 ;
808 2583 919 2627 sicut
942 2584 1070 2638 Sara,
1109 2584 1219 2630 sicut
1250 2588 1443 2646 Rachel,

255 2664 391 2697 cxxv.
1285 2660 1309 2697 9
